3228 5148
780 390 1000 454 ,76-

316 548 472 613 lectiones
496 549 633 634 singulis
657 550 737 616 loeis
762 551 981 633 consentiunt,
1009 549 1095 634 quod
1118 549 1269 632 inprimis
1293 548 1340 614 ibi
1364 549 1469 614 cerni·

317 659 382 740 tur,
406 657 462 721 ubi
485 655 539 720 FP
562 656 719 720 lectiones
741 658 900 740 praebent
927 680 947 721 s
974 657 1090 722 ceteris
1119 655 1285 720 codicibus
1310 657 1468 738 diversa-s,

316 762 405 826 velut
428 785 458 845 p.
482 763 545 826 271
574 768 650 846 post
677 764 719 828 in.
743 764 774 828 εἰ
799 758 863 847 γὰρ
888 762 924 827 έν
949 765 994 851 τῶ
1019 765 1231 827 διανοεῖσθαι
1260 763 1380 827 omisso
1404 761 1470 846 μέν
1592 759 1593 762 '

317 871 391 931 ante
421 869 482 957 τῶ,
515 869 600 952 quod
630 870 665 934 in
695 869 761 934 MA
792 873 911 952 exstat,
940 893 970 954 p.
1001 871 1066 934 283
1098 873 1173 954 post
1202 869 1244 934 in.
1277 867 1332 934 καὶ
1366 863 1471 944 αὐτὸς

316 971 572 1058 ἐπιλαθόμενος,
604 977 660 1041 ubi
690 976 755 1041 MA
786 973 1107 1060 έπελανθανόμενος;
1136 999 1167 1060 p.
1194 977 1258 1039 287
1291 980 1370 1042 extr.
1398 970 1466 1040 ἔστ’

316 1073 360 1144 ἂν
383 1076 403 1165 ἡ
429 1083 510 1164 ζωῆς
537 1083 625 1167 παρῇ
649 1083 674 1146 F
698 1077 718 1166 ἡ
744 1077 807 1167 ζωὴ
831 1105 863 1148 π.
887 1083 935 1166 Ρ.,
962 1078 982 1166 ἡ
1008 1083 1091 1166 ζωῆς
1118 1083 1165 1176 εἰς
1191 1085 1266 1165 τρία
1291 1103 1323 1146 π.
1346 1083 1413 1147 MA
1434 1079 1469 1166 (ἡ

316 1188 398 1270 ζωῆς
420 1191 602 1271 συμμετρία
625 1188 716 1252 Alex.
740 1190 874 1273 Justin,
903 1191 942 1254 cf.
966 1212 1065 1274 supro
1090 1212 1121 1273 p.
1144 1187 1214 1274 48),
1243 1212 1274 1272 p.
1297 1190 1362 1255 289
1387 1193 1468 1253 extr.

317 1296 426 1358 ἔπειτα
457 1291 492 1358 δὲ
525 1293 684 1378 έξελέγξαι
714 1295 769 1360 καὶ
799 1300 1039 1378 καταβαλεῖν
1066 1296 1106 1380 F,
1136 1299 1335 1378 καταλαβεῖν
1362 1296 1402 1378 Ρ,
1435 1296 1469 1360 in

317 1402 464 1486 margine
488 1425 585 1466 manu
610 1407 693 1486 post.
716 1407 930 1486 καταβαλεῖν,
954 1405 1163 1486 διαβαλεῖν
1185 1402 1257 1488 LA3
1281 1425 1311 1486 p.
1335 1403 1400 1467 319
1425 1404 1470 1467 in.

141 1583 145 1590 ²
186 1541 189 1546 ·
316 1502 416 1583 αὐτὸς
440 1503 457 1572 ὁ
482 1504 617 1592 πάντων
641 1511 764 1593 ἰατρῶν
786 1510 853 1594 FP,
879 1505 979 1586 αὐτὸς
1002 1505 1159 1575 ἁπάντων
1182 1510 1261 1594 MA3
1290 1509 1367 1573 ibid.
1390 1514 1470 1592 post

318 1615 357 1678 iu.
387 1610 466 1679 οὐδὲ
494 1608 558 1698 γὰρ
586 1609 629 1679 ἂν
657 1615 830 1699 ῥαγῶσιν
857 1616 925 1700 FP,
953 1616 1107 1699 ραγεῖεν
1133 1616 1213 1702 MA3
1240 1639 1271 1700 p.
1295 1617 1360 1680 363
1386 1619 1468 1680 extr.

317 1715 396 1784 καθ’
423 1717 506 1786 ὅσον
529 1720 566 1785 έν
588 1723 627 1806 τῇ
650 1724 771 1810 καρδίᾳ
792 1720 915 1799 πάσας
938 1717 1026 1787 εἶναι’
1043 1740 1148 1807 φησιν
1165 1723 1233 1806 FP,
1256 1723 1367 1786 πᾶσαν
1385 1723 1467 1806 MA,

318 1828 358 1892 ib.
390 1826 427 1892 έν
456 1827 544 1912 τρισὶ
574 1826 774 1913 σπλάγχνοις
803 1830 870 1913 FP,
901 1827 938 1894 ἐν
966 1841 1049 1906 τοῖς
1078 1853 1127 1916 τρ.
1155 1847 1208 1894 σπ.
1235 1829 1314 1914 ΜΑ;
1345 1853 1375 1913 p.
1398 1831 1465 1894 421

317 1937 391 1997 unte
424 1935 505 1998 med.
537 1933 592 2000 καὶ
622 1943 720 2000 θεῖον
750 1931 926 2001 ἀποκαλῶν
956 1931 1001 2013 ῶς
1030 1936 1097 2020 FP,
1124 1931 1285 2001 ἀποκαλεῖ
1309 1930 1354 2012 ῶς
1384 1935 1467 2020 ΜΛ,

316 2062 346 2122 p.
369 2041 434 2105 425
458 2042 517 2106 sub
540 2045 594 2108 fin.
619 2042 748 2108 ἐκείνου
770 2039 992 2130 πρῶτονμὲν
1011 2037 1096 2107 εἶναι
1121 2043 1227 2126 λέγων
1245 2042 1308 2126 FP,
1331 2040 1467 2127 πρῶτον

315 2169 354 2211 τε
381 2147 459 2233 ΜΛ,
487 2172 518 2234 p.
542 2151 607 2214 643
636 2152 696 2215 sub
721 2152 772 2215 un.
801 2145 973 2233 αὐγοειδές
1000 2173 1033 2215 τε
1061 2147 1116 2214 καὶ
1144 2151 1328 2233 αἰθερῶδες
1359 2151 1467 2234 σῶμα

315 2255 372 2330 είς
394 2248 412 2319 ὃ
437 2254 490 2320 FP
514 2253 613 2343 (idem
631 2257 704 2322 Par.
723 2255 833 2344 post),
857 2259 951 2340 σῶμα
971 2254 1129 2322 λεκτέον
1148 2250 1270 2340 αὐτὴν
1290 2257 1338 2332 εἰς
1360 2249 1378 2321 ὃ
1397 2256 1466 2321 MA

315 2357 368 2445 (of.
392 2361 504 2448 Progr.
526 2367 627 2429 nostr.
650 2364 695 2448 II,
720 2362 789 2450 20);
817 2387 847 2447 p.
873 2365 935 2428 718
959 2370 1035 2448 post
1057 2364 1138 2428 med.
1161 2361 1234 2446 περὶ
1263 2359 1300 2428 δὲ
1322 2364 1385 2428 τοῦ
1406 2363 1466 2446 φέ-

315 2472 438 2550 ρεσθαί
457 2493 488 2534 τι
515 2471 576 2534 τοῦ
598 2467 744 2554 πόματος
767 2471 813 2546 εἰς
840 2465 900 2534 τὸν
926 2466 1098 2554 πνεύμονα
1123 2468 1349 2554 παραρρέον
1374 2471 1466 2553 δρο-

315 2577 481 2652 σοειδῶς
503 2575 576 2660 περὶ
599 2573 661 2642 τὸν
683 2577 827 2640 ἔνδοθεν
852 2578 974 2660 χιτῶνα
1002 2577 1069 2661 FP,
1096 2575 1286 2661 παραρρέον
1314 2578 1465 2660 δροσοει·

196 2754 199 2760 ,
315 2682 381 2757 ὃῶς
405 2706 467 2747 om.
486 2683 560 2748 MA.
605 2683 743 2749 Possum
767 2685 870 2748 multu
895 2684 960 2747 elis
983 2685 1097 2748 afferre
1121 2683 1284 2768 exempla,
1308 2685 1363 2748 sed
1385 2685 1464 2750 nolo

316 2811 385 2851 esse
414 2789 531 2872 longus
559 2790 594 2855 in
621 2813 655 2855 re
683 2791 735 2855 his
764 2792 920 2874 exemplis
949 2791 1028 2854 sutis
1055 2794 1246 2855 contestata.
1291 2789 1329 2854 Id
1353 2794 1465 2855 tamen

315 2896 488 2960 tenendum
520 2899 583 2980 est,
614 2897 799 2962 Parisinum
831 2901 868 2960 ut
899 2897 1027 2961 saeculo
1055 2896 1132 2961 XVI
1165 2897 1324 2981 seriptum
1350 2899 1464 2962 multis

315 3024 352 3065 ex
378 3001 531 3069 ,ituoismo
557 3005 645 3069 natis
680 3004 817 3088 aliisque
851 3004 1028 3068 levioribus
1056 3004 1180 3068 mendis
1203 3004 1368 3087 laborare,
1394 3005 1462 3087 qui-

314 3109 374 3173 bus
407 3108 613 3176 Florentinus
647 3113 753 3174 astute
786 3109 934 3194 superior
965 3110 1153 3194 plerumque
1185 3113 1289 3175 vacet.
1347 3108 1462 3196 Itaque

312 3237 378 3281 non
402 3216 536 3281 dubium
559 3217 700 3301 videtur,
725 3217 804 3301 quin
826 3216 993 3281 Parisinus
1018 3219 1075 3280 aut
1098 3239 1117 3280 a
1140 3217 1248 3281 codice
1271 3214 1461 3283 Florentino

314 3327 371 3386 aut
403 3346 442 3387 ex
474 3323 586 3388 eodem
620 3323 709 3388 fonte
741 3345 805 3408 quo
837 3322 893 3387 ille
926 3323 1085 3407 originem
1114 3323 1248 3387 duxerit.
1311 3321 1462 3389 Ceterum

313 3430 390 3512 quia
417 3430 543 3494 litteras
571 3431 673 3495 habet
700 3434 732 3494 et
760 3431 794 3494 in
822 3433 973 3493 contextu
998 3434 1030 3493 et
1057 3429 1092 3493 in
1115 3429 1263 3514 margine
1291 3432 1462 3515 perspicue

314 3535 465 3621 scriptae,
490 3561 557 3621 ess,
581 3561 662 3623 quae
686 3537 720 3600 in
738 3535 764 3600 F
784 3531 950 3619 perierunt
973 3540 1029 3600 aut
1051 3536 1117 3621 legi
1139 3537 1206 3601 iem
1228 3559 1294 3602 non
1316 3541 1463 3621 possunt,

314 3643 481 3708 commode
506 3646 622 3728 explet.

276 3824 279 3830 1
402 3746 436 3834 6)
459 3750 613 3834 Erreipto
636 3753 787 3818 Parisino
803 3752 977 3834 posteriora
1000 3753 1076 3814 sunt
1099 3750 1132 3814 in
1156 3749 1264 3813 codiee
1288 3749 1461 3814 chartaceo

312 3877 342 3918 n.
362 3855 462 3938 2283,
481 3878 544 3938 quo
558 3860 770 3940 ¹continentur
787 3857 906 3943 viginti
925 3859 1065 3936 ‹ruatuor
1083 3856 1305 3940 excerptiones
1326 3879 1342 3920 e
1361 3856 1461 3920 variis

313 3959 429 4026 Galeni
457 3961 564 4046 libris,
592 3985 727 4047 quorum
751 3965 845 4028 index
868 3963 1100 4048 proemittitur.
1144 3961 1177 4026 Is
1206 3962 1305 4027 codex
1332 3963 1461 4028 saeculo

312 4069 437 4134 decimo
467 4072 557 4133 sexto
586 4075 736 4133 exaratus
765 4072 900 4134 videtur.
947 4067 1009 4154 (Of.
1034 4066 1137 4133 Catal.
1162 4091 1202 4132 m.
1228 4069 1306 4133 bibl.
1330 4089 1397 4153 reg.
1419 4068 1461 4152 Π,

280 4184 283 4192 ’
311 4175 400 4259 476).
446 4174 527 4240 Loci
551 4197 567 4238 e
591 4173 707 4239 Galeni
731 4177 769 4240 de
792 4176 927 4241 Placitis
956 4176 1049 4240 libris
1072 4174 1206 4239 II—IX
1230 4175 1324 4239 electi
1348 4176 1382 4239 in
1406 4198 1459 4239 un·
1496 4189 1498 4192 ’

311 4283 538 4366 gustissimum
561 4282 666 4347 eoacti
690 4287 777 4363 sunt3
800 4284 985 4346 litterarum
1007 4282 1132 4347 formae
1151 4306 1250 4347 manu
1270 4285 1339 4347 tum
1357 4281 1460 4347 veloci

312 4389 446 4472 rudique
471 4389 611 4475 effictae,
639 4389 693 4454 vix
722 4394 757 4453 ut
779 4389 844 4473 legi
872 4389 1009 4473 possint.
1055 4388 1116 4454 His
1144 4389 1314 4456 decausis
1339 4411 1459 4476 paucas
