3246 5148
822 395 1041 460 ...34-

338 559 449 622 tsmen
466 575 581 642 parum
600 553 641 621 sb
661 577 699 621 οο
719 556 817 641 cavit3
841 578 919 620 nam
941 555 1014 639 plus
1038 553 1177 638 triginta
1195 554 1290 637 locis,
1315 553 1433 639 quibus
1455 553 1494 618 M

338 665 422 729 nibil
443 664 567 746 omisit,
591 663 739 727 omisisse
763 661 888 745 aliquid
911 683 984 725 eam
1007 661 1076 724 iure
1098 661 1315 725 insimulabis.
1359 661 1497 726 Posteri

339 776 448 835 sutem
473 771 614 835 editores
638 768 797 832 eiusmodi
819 769 902 832 vitis
925 767 959 831 iu
978 766 1160 832 orationem
1180 765 1296 830 Galeui
1320 767 1496 852 irrepsisse
1599 797 1600 822 ι

338 901 455 962 parum
486 898 583 960 saepe
615 879 793 939 senserunt.
848 874 997 939 Omissce
1028 876 1137 938 sutem
1168 876 1244 937 sunt
1273 874 1422 957 voculae,
1456 879 1498 937 ut

338 987 408 1066 καί,
434 1007 485 1065 τε,
514 1007 566 1066 γε,
590 979 642 1063 δέ,
665 978 744 1066 μέν,
772 971 850 1062 οὖν,
874 975 932 1063 ἀν,
956 980 1024 1062 ἐπί,
1048 982 1109 1060 εἰς,
1133 981 1196 1062 ἔτι,
1224 980 1280 1044 scd
1305 981 1389 1046 alise
1412 1003 1496 1064 quo-

339 1113 400 1175 que
430 1113 535 1155 voces.
584 1087 620 1154 P.
648 1090 712 1154 518
741 1089 801 1152 sub
830 1089 884 1153 fin.
912 1083 1047 1163 εἰκότως
1072 1075 1137 1151 οὖν
1165 1087 1237 1170 εἴδη
1270 1087 1378 1170 ψυχῆς
1404 1081 1497 1150 αὐτὰ

339 1191 579 1282 προσαγορεύει
601 1191 683 1261 κατά
702 1219 737 1260 τε
758 1192 817 1270 τὰς
833 1191 1129 1278 προγεγραμμένας
1151 1188 1263 1276 ῥήσεις
1279 1192 1335 1257 καὶ
1356 1193 1495 1276 προσέτι

339 1299 464 1379 πολλάς
486 1300 613 1386 ἑτέρας,
637 1290 686 1366 τόν
705 1295 766 1365 οὐκ
789 1295 917 1384 ἀνάγκη
937 1296 1162 1384 μνημονεύειν
1180 1299 1328 1384 ἐναργῶς
1348 1296 1414 1384 ἤδη
1435 1297 1496 1364 διὰ

338 1406 469 1474 τούτων
496 1410 554 1492 της
582 1403 716 1491 γνῶμης
737 1401 881 1492 τάνδρὸς
909 1403 1134 1489 ἐγνωσμένης;
1167 1407 1325 1470 omissum
1356 1413 1407 1471 est
1436 1411 1500 1471 κατ’

340 1520 415 1580 ante
439 1511 495 1580 διδ
518 1510 658 1579 τούτων.
702 1513 737 1578 Ρ.
761 1513 826 1577 652
849 1518 925 1596 post
948 1513 1029 1576 med.
1052 1535 1118 1578 non
1144 1512 1318 1597 legendum
1341 1518 1392 1576 est
1415 1507 1496 1577 ἀπέ-

257 1651 263 1664 ·
341 1621 448 1700 δειξεν
466 1617 484 1687 ό
505 1615 591 1705 ἀνὴρ
610 1619 648 1685 ἐν
669 1621 714 1708 τῷ
738 1619 913 1707 λογιστικῷ
935 1620 994 1702 τῆς
1012 1619 1118 1702 ψυχῆς
1137 1613 1223 1682 εἶναι
1241 1618 1281 1683 τὰ
1299 1616 1393 1702 πάθη
1412 1616 1496 1695 τοὺς

339 1724 473 1812 θυμοὺς
500 1725 555 1792 καὶ
583 1722 663 1803 τούς
689 1722 818 1810 φόβους
845 1723 900 1790 καὶ
928 1720 987 1801 τάς
1013 1722 1134 1806 λύπας,
1162 1727 1217 1789 sed
1240 1720 1280 1789 τά
1308 1721 1402 1809 πάθη
1425 1726 1494 1790 καὶ

339 1830 419 1910 τοὺς
440 1830 574 1918 θυμοὺς
596 1858 625 1899 κ.
647 1858 675 1898 τ.
697 1837 740 1915 λ.,
768 1832 853 1917 quod
881 1831 916 1895 M
942 1835 1089 1896 testatur.
1140 1831 1174 1895 P.
1198 1832 1261 1896 699
1286 1831 1368 1895 med.
1390 1832 1493 1896 τοῦτο

340 1937 426 2026 (lege
448 1938 565 2027 ταῦτα)
590 1930 653 2005 οὖν
676 1933 694 2003 ό
719 1934 863 2003 Πλάτων
888 1932 950 2003 οὐκ
973 1932 1116 2021 ἀκριβῶς
1135 1937 1220 2018 ἔγνω
1244 1937 1302 2020 τῆς
1319 1932 1493 2024 Ἱπποκρά-

339 2069 418 2122 τους
442 2045 559 2130 τέχνης
585 2048 693 2111 καίτοι
719 2040 922 2129 πειρώμενος
953 2043 1091 2109 ἕπεσθαι
1121 2036 1240 2126 τάνδρὶ
1270 2041 1325 2107 καὶ
1354 2043 1493 2128 προσέτι

339 2175 376 2234 γε
399 2150 473 2236 περὶ
496 2153 557 2216 τοῦ
580 2153 702 2217 λευκοῦ
724 2150 925 2235 φλέγματοςς
953 2152 1033 2216 adde
1057 2173 1132 2214 cum
1154 2149 1189 2214 M
1219 2146 1273 2213 καὶ
1302 2155 1378 2216 aute
1406 2156 1494 2235 περί.

338 2255 374 2322 Ρ.
400 2258 463 2322 766
486 2259 529 2322 in.
554 2259 667 2342 δηλῶν
690 2252 731 2324 οὐ
749 2254 857 2342 μόνον
876 2258 923 2334 εἰς
946 2253 1114 2342 ἰατρικήν,
1138 2252 1221 2322 ἀλλά
1240 2254 1295 2321 καὶ
1313 2252 1372 2332 τὰς
1390 2252 1495 2332 ἄλλας

339 2361 455 2448 τέχνας
473 2360 668 2430 ἐκτετάσθαι
686 2359 723 2430 τὸ
744 2363 870 2449 σκέμμα
889 2361 951 2448 τὴν
964 2361 1063 2429 λύσιν
1078 2358 1197 2440 αὐτούς
1216 2365 1288 2449 lege
1307 2359 1344 2429 τὸ
1362 2360 1493 2449 σκέμμα
1601 2369 1602 2382 ’

339 2468 403 2534 καὶ
425 2467 488 2554 τὴν
511 2468 611 2536 λύσιν
635 2466 748 2537 αὐτοῦ.
770 2507 814 2518 -
836 2471 870 2536 Ρ.
890 2473 956 2536 384
979 2472 1038 2535 sub
1063 2473 1115 2536 fin.
1140 2467 1245 2546 οὕτως
1268 2465 1411 2555 εὑρίσκω
1436 2469 1490 2536 καλ

339 2573 376 2641 τὸ
401 2573 544 2660 ἄλογος
567 2575 621 2664 (cf.
642 2579 713 2643 adn.
726 2577 784 2664 43)
808 2573 915 2661 όνομα
934 2574 1023 2662 παρά
1041 2602 1080 2642 τε
1102 2590 1172 2654 τοῖς
1192 2583 1347 2654 παλαιοῖς
1367 2573 1493 2642 ἅπασιν

339 2681 518 2766 εἰρημένον
541 2678 607 2748 ὑπό
630 2707 664 2749 τε
686 2686 754 2749 τῶν
772 2685 837 2748 νῦν
859 2678 1053 2769 ἀνθρώπων
1075 2681 1258 2768 λεγόμενον
1276 2707 1335 2749 uos
1358 2689 1492 2748 auctore

339 2788 375 2854 M
406 2790 610 2854 restituimus
644 2794 677 2855 et
705 2814 739 2855 τε
771 2795 846 2874 post
877 2787 966 2874 παρά
999 2791 1179 2855 inserentes
1211 2795 1244 2854 ct
1276 2785 1398 2873 ἀλογος
1428 2813 1491 2874 pro

340 2891 466 2979 ἄλογον
490 2897 677 2961 scribentes.
713 2897 826 2961 Etiam
844 2919 874 2979 p.
894 2898 958 2962 528
982 2902 1059 2982 post
1077 2897 1121 2962 iu.
1140 2920 1214 2962 cum
1232 2896 1268 2962 M
1286 2896 1491 2979 scripsimus:

340 2995 553 3086 ῶμολόγηταί
577 3025 615 3067 τε
642 3014 712 3079 τοῖς
739 2997 953 3085 ἀνατομικοῖς
980 2997 1122 3087 ἀνδράσι
1150 3000 1205 3067 καλ
1235 3004 1403 3067 δείκνυται
1433 3001 1488 3066 καὶ
1602 3031 1603 3092 η

339 3104 422 3192 πρὸς
453 3103 565 3194 ἡμῶν,
603 3114 636 3173 et
667 3132 697 3194 p.
731 3110 795 3173 693
828 3113 903 3173 cute
938 3111 1019 3174 med.
1055 3110 1299 3174 πλεονεκτούσα
1332 3103 1363 3173 δ’
1401 3104 1492 3193 ὅμως
1602 3093 1603 3116 ³

339 3211 526 3300 ψυχρότητί
549 3238 588 3280 τε
616 3213 671 3280 καὶ
700 3211 861 3299 ξηρότητι.
909 3215 979 3280 Nec
1007 3216 1228 3280 dubitavimus
1255 3237 1285 3298 p.
1314 3215 1379 3279 676
1407 3217 1490 3278 med.

340 3322 482 3387 codicem
510 3321 546 3387 M
573 3323 676 3387 secuti
703 3327 780 3406 post
803 3321 912 3386 ἐκεῖνα
935 3321 1135 3386 Particulam
1163 3345 1199 3406 γε
1226 3323 1369 3386 inserere
1393 3327 1490 3406 atque

340 3429 494 3495 scribere:
514 3421 556 3493 ού
574 3424 642 3512 μάν
660 3423 730 3493 κατ’
749 3425 858 3493 ἐκεῖνά
872 3452 913 3512 γε
927 3422 988 3493 τὸν
1003 3426 1077 3512 περὶ
1091 3429 1159 3494 τῶν
1173 3424 1373 3512 νοσημάτων
1385 3425 1491 3511 λόγον

340 3530 533 3617 ἐποιήσατο,
559 3539 592 3599 ct
614 3535 812 3600 Particulam
836 3533 876 3598 δέ
895 3559 926 3619 p.
950 3536 1014 3600 269
1042 3536 1124 3600 med.
1152 3536 1187 3600 in
1213 3536 1360 3600 oratione
1384 3535 1488 3619 Chry·

340 3640 427 3724 sippi
454 3639 509 3705 καλ
536 3637 577 3707 τά
604 3643 673 3708 τῶν
700 3635 924 3728 ὀργιζομένων
951 3638 992 3706 δὲ
1019 3638 1299 3725 πάθη-φαίνεται
1326 3639 1400 3726 περὶ
1427 3638 1489 3707 τὸν

339 3742 479 3830 θιόρακα
507 3745 704 3833 γιγνόμενα,
734 3753 767 3814 et
793 3770 824 3831 p.
848 3749 912 3812 388
941 3749 983 3812 in.
1012 3749 1069 3812 ἵνα
1095 3743 1159 3832 γὰρ
1187 3743 1205 3813 ὁ
1229 3744 1329 3830 λόγος
1355 3743 1489 3832 ἡγεμιόν

340 3852 445 3935 ἐστιν,
464 3846 484 3938 ἢ
505 3849 604 3938 ἀρετὴ
620 3853 728 3919 ἕπεται
747 3847 973 3938 ἢάμάρτημα,
996 3850 1106 3930 πάθος
1124 3847 1155 3918 δ’
1178 3849 1346 3920 οὐδέποτε.
1373 3855 1408 3919 Ρ.
1422 3857 1486 3920 dii

341 3963 418 4043 post
435 3961 517 4026 med.
536 3959 599 4044 μέυ
616 3966 691 4044 post
709 3955 939 4045 ἀποχωρήσειν
957 3962 991 4025 in
1010 3961 1040 4026 A
1063 3962 1219 4026 omissum
1239 3984 1309 4025 esse
1328 3963 1422 4028 docet
1440 3962 1487 4046 M3

339 4066 444 4130 scribe
472 4066 587 4151 igitur:
617 4065 712 4131 ἕνεκα
743 4063 806 4153 γάρ
833 4069 895 4133 τοῦ
925 4065 970 4153 μὴ
1003 4072 1225 4153 μακρολογεῖν
1258 4061 1488 4153 ἀποχωρήσει-ν

338 4168 408 4255 μὲν
442 4174 528 4256 ἔφην
560 4175 628 4238 τῶν
655 4167 767 4238 ἀλλων
795 4176 971 4256 Στωϊκῶν,
1004 4171 1168 4252 ἐξετάσειν
1200 4171 1375 4260 (ἐξετάζειν
1407 4175 1486 4249 MA')

339 4273 376 4340 db
399 4274 486 4361 μόνα
508 4276 549 4344 τὰ
573 4284 780 4364 Χρυσίππου.
829 4279 863 4346 Ρ.
887 4282 952 4346 546
980 4282 1022 4346 im
1049 4281 1140 4346 loeus
1168 4287 1200 4346 ct
1227 4283 1486 4367 interpunctiouc

248 4401 251 4410 ’
338 4405 440 4466 prava
467 4390 500 4449 et
532 4387 606 4451 aliis
635 4388 759 4452 mendis
787 4388 935 4452 foedatus
968 4389 1015 4453 sic
1046 4411 1065 4452 ε
1094 4390 1189 4454 nubis
1222 4389 1393 4454 restitutus
1424 4395 1486 4454 est:
