3444 5140
607 490 649 500 -
695 413 848 518 ονο-

152 608 272 678 τοάτου
304 607 533 695 λαμβάνομεν,
566 610 682 696 ἐφεξῆς
718 609 755 677 δὲ
786 609 887 698 ταύτῃ
917 612 985 678 τάν
1020 611 1296 680 διαπλασθέντων

152 723 278 802 μορίων
301 715 363 802 τήν
385 741 419 782 τε
443 714 654 804 διάρθρωσιν
676 717 730 783 καὶ
754 715 816 803 τὴν
839 715 979 804 αὔξησιν
1005 717 1059 784 καὶ
1083 717 1145 804 τὴν
1168 723 1296 786 τελείω-

153 843 215 889 σιν.
251 819 500 908 άποκυηθέντες
519 822 555 889 δὲ
578 825 690 908 πρῶτα
714 823 775 909 μὲν
797 827 842 915 τῷ
867 823 1002 908 γάλακτι
1020 823 1212 913 τρεφόμεθα
1234 823 1297 911 τὴν

151 929 282 1014 γένεσιν
316 931 348 1009 ἐξ
377 933 514 1016 αἵματος
547 934 670 1016 ἔχοντι,
702 927 783 1016 μετὰ
815 929 851 995 δὲ
879 933 982 996 ταῦτα
1008 943 1080 1009 ταῖς
1106 927 1222 1010 αὐταῖς
1247 957 1296 998 τε-

151 1042 251 1116 λείοις
260 1050 410 1122 τροφαῖς,
425 1036 456 1116 ἐξ
471 1029 519 1103 ὧν
529 1034 630 1103 πάλιν
644 1029 725 1123 αἷμα
739 1037 793 1103 καὶ
809 1036 938 1122 φλέγμα
953 1036 1008 1103 καὶ
1023 1035 1103 1124 χολὴ
1119 1035 1227 1124 ξανθὴ
1242 1038 1296 1104 καὶ
1311 1057 1324 1096 5

151 1144 290 1228 μέλαινα
304 1147 501 1229 γεννῶνται·
519 1143 702 1229 διαφερέτω
717 1141 753 1210 δὲ
769 1141 875 1229 μηδὲν
889 1147 936 1221 εἰς
949 1141 989 1209 τά
1003 1143 1151 1230 παρόντα
1167 1143 1297 1230 ξανθὴν

150 1243 170 1335 ἢ
194 1245 308 1336 ὠχράν
330 1245 506 1335 ὀνομάζειν
529 1247 641 1335 χολήν.
677 1245 761 1317 άλλδι
778 1247 882 1316 ταῦτά
906 1275 943 1335 γε
960 1248 1069 1318 πάντα
1083 1246 1298 1337 Ἱπποκράτης

151 1351 308 1424 άπάντων
327 1359 455 1443 πρῶτος
477 1346 526 1422 civ
545 1363 641 1441 ἴσμεν
659 1357 783 1444 ἰατρῶν
806 1381 840 1423 τε
859 1357 913 1423 καὶ
937 1354 1136 1444 φιλοσόφων
1155 1354 1299 1444 ἀκριβεῖς

150 1459 294 1550 ὡρίσατο
318 1461 373 1530 καὶ
398 1459 453 1529 διὰ
481 1464 579 1529 τοῦτο
603 1459 643 1528 τὰ
662 1461 843 1552 νοσὴΙματα
871 1467 939 1532 τῶν
964 1463 1106 1552 τεράτων
1134 1462 1297 1551 σωμάτων
1307 1481 1364 1536 618

150 1566 233 1636 κατά
256 1573 465 1656 δυσκρασίαν
489 1573 552 1654 ἔφη
575 1573 740 1654 γίνεσθαι.
770 1575 846 1636 τίνα
870 1569 907 1637 δὲ
926 1566 1075 1657 ὀνομάζω
1100 1574 1213 1658 πρῶτα
1236 1570 1338 1638 ocri-10

150 1701 248 1761 ματα,
264 1674 404 1762 δηλάσω
419 1675 594 1763 πρότερον,
614 1672 703 1754 ὅπως
716 1675 822 1761 μηδὲν
836 1672 964 1762 άσαφδς
977 1668 997 1765 ᾖ
1011 1674 1093 1744 κατά
1112 1677 1173 1745 τὸν
1186 1676 1298 1764 λόγον.

150 1779 252 1864 αὐτὸς
285 1784 347 1871 μὲν
379 1781 444 1871 γάρ
467 1781 684 1871 Ἱπποκράτης
716 1778 777 1849 οὐκ
806 1778 959 1869 ὠνόμασε
992 1785 1085 1870 σῶμα
1117 1787 1251 1872 πρῶτον
1277 1779 1298 1870 ἣ

150 1889 322 1978 δεύτερον,
350 1888 460 1976 ὥσπερ
485 1885 721 1974 Ἀριστοτέλης·
767 1885 785 1956 ὁ
815 1889 852 1956 δὲ
880 1887 1024 1956 Πλάτων
1052 1890 1212 1976 δευτέραν
1238 1891 1300 1977 μέν

149 2023 225 2064 τινα
250 1995 412 2092 σύστασιν
435 1993 526 2063 εἶπεν
550 1992 635 2062 εἷναι
665 1993 840 2082 σωμάτων,
863 1995 1000 2084 πρώτην
1028 1995 1065 2063 δὲ
1093 1991 1172 2064 οὐδὲ
1201 1992 1300 2076 αὐτὸς

149 2098 339 2189 ὠνόμασεν,
363 2099 446 2170 άλλδ
470 2103 506 2169 ἐκ
528 2105 589 2169 τοῦ
608 2101 768 2188 δευτέραν
790 2101 865 2169 τινὰ
889 2101 994 2188 φάναι
1018 2101 1119 2188 δῆλός
1142 2103 1210 2170 ἐστι
1234 2100 1297 2190 πρὸ
1314 2121 1339 2162 1⁵

149 2204 255 2295 αὐτῆς
283 2209 398 2296 ἑτέραν
424 2209 615 2295 τιθέμενος,
642 2203 687 2294 ἣν
709 2204 848 2295 ὀνόματι
876 2211 921 2300 τῷ
949 2211 1017 2276 τῶν
1044 2205 1254 2296 ὁμοιομερῶν
1281 2206 1298 2277 ὁ

179 2357 363 2366 -..-..--.ρ

187 2432 200 2478 1
222 2419 330 2493 ταύτην
348 2425 385 2479 M.
407 2456 439 2464 -
459 2423 514 2478 τῶν
534 2441 586 2479 om.
607 2423 643 2478 M.
668 2453 701 2463 -
725 2429 741 2477 3
760 2423 808 2476 καὶ
827 2423 924 2490 πρῶτα
944 2423 1076 2478 MABOh
1096 2419 1127 2477 dt
1147 2443 1193 2489 πρ.
1212 2423 1245 2476 K.
1267 2455 1298 2462 -

150 2503 167 2550 4
188 2495 303 2565 ἔχοντες
320 2495 486 2552 MABChK
510 2493 602 2565 ἔχοντι
621 2493 699 2548 Corn.
720 2525 752 2534 -
780 2499 794 2548 ‘l
814 2488 971 2564 ὠνομάζετο
990 2495 1026 2548 Μ.
1047 2525 1078 2534 -
1099 2501 1115 2550 8
1134 2487 1172 2555 ὡς
1190 2511 1240 2564 pro
1260 2485 1299 2548 dv

150 2567 326 2622 MABChK.
346 2599 379 2607 -
406 2573 438 2622 10
457 2567 568 2634 πρῶτον
586 2565 623 2621 M.
643 2595 675 2605 -
701 2572 734 2620 16
753 2561 880 2634 φάμενος
898 2565 1039 2621 MABCh.
1065 2597 1098 2604 -
1121 2560 1192 2634 πρὸς
1211 2559 1300 2634 adripe

150 2637 188 2696 M.
209 2670 243 2679 —
266 2646 298 2694 16
318 2633 471 2709 ὁμοιομερῆ
491 2639 527 2692 M.
548 2669 578 2677 -

150 2857 387 2940 nanciscimur,
420 2855 569 2938 deinceps
602 2853 818 2920 formatorum
841 2855 1074 2934 ‚membrorum
1111 2855 1300 2920 distinctam

149 2963 419 3048 explicationem,
446 2963 693 3045 incrementum,
721 2961 962 3045 perfectionem.
1015 2960 1054 3026 In
1085 2960 1190 3025 lucem
1223 2983 1300 3026 vero

150 3071 232 3136 editi
263 3069 425 3154 principio
457 3069 542 3134 lacte
571 3068 733 3132 nutrimur
756 3090 795 3132 ex
828 3068 985 3153 sanguine
1014 3069 1121 3132 ortum
1151 3067 1302 3150 habente,

149 3177 269 3243 deinde
293 3175 417 3258 iisdem,
441 3174 557 3262 quibus
583 3173 699 3258 adulti,
724 3173 806 3239 cibis
829 3176 965 3258 utimur,
988 3173 1070 3238 unde
1093 3195 1204 3238 rursus
1229 3195 1301 3237 san·

148 3286 225 3370 guis
252 3287 286 3348 et
315 3281 435 3366 pituita
458 3287 491 3346 et
520 3280 596 3345 bilis
625 3281 710 3346 flava
733 3284 767 3344 et
796 3285 868 3345 atra
897 3283 1084 3365 generatum
1113 3281 1232 3345 flavam
1260 3301 1301 3343 an

149 3390 313 3474 pallidam
333 3388 485 3472 appelles,
505 3387 546 3451 ad
564 3390 767 3471 praesentem
786 3385 1041 3470 disputationem
1054 3385 1138 3451 nihil
1156 3386 1301 3450 interest.

149 3497 243 3573 Quae
269 3495 379 3562 omnia
397 3492 615 3578 Hippocrates
640 3495 764 3578 primus
783 3494 937 3578 omnium,
960 3491 1046 3577 quod
1070 3493 1180 3574 sciam,
1203 3491 1302 3557 medi·

149 3625 268 3668 corum
293 3605 326 3666 et
353 3599 622 3684 philosophorum
650 3605 799 3665 accurate
828 3599 975 3664 definivit
999 3603 1096 3683 atque
1123 3598 1196 3664 ideo
1219 3619 1302 3664 mor-

148 3712 211 3776 bos
238 3731 278 3772 ex
302 3708 482 3792 primorum
502 3729 674 3791 corporum
693 3708 886 3791 intemperie
905 3706 975 3770 fieri
994 3705 1085 3770 dixit
1123 3703 1185 3768 Sed
1208 3725 1301 3788 quae

148 3838 230 3880 nam
256 3813 418 3898 appellem
437 3815 542 3898 prima
561 3835 707 3898 corpora,
730 3813 819 3897 prius
844 3813 1048 3897 explicemus,
1066 3833 1106 3875 ne
1125 3810 1301 3894 quidquam

148 3924 185 3988 in
219 3922 284 3986 hac
316 3920 536 4004 disputatione
564 3920 738 3986 obscurum
772 3919 823 3984 sit
873 3917 959 3985 Nam
987 3919 1057 4002 ipse
1084 3917 1302 4002 Hippocrates

148 4051 274 4113 eorpus
296 4027 439 4113 primum
459 4031 515 4090 aut
538 4027 712 4091 secundum
734 4048 801 4091 non
821 4025 1009 4110 appellavit,
1031 4023 1302 4109 quemadmodum

149 4135 366 4217 Aristoteles,
393 4133 488 4199 Plato
513 4133 684 4198 secundam
708 4131 869 4217 quandam
897 4153 1068 4215 corporum
1096 4130 1301 4195 constitutio·

147 4265 228 4308 nem
255 4263 325 4304 esse
349 4240 410 4322 ait,
437 4240 578 4324 primam
602 4262 678 4306 vero
703 4260 745 4304 ne
773 4239 843 4323 ipse
871 4237 1000 4323 quidem
1023 4237 1217 4321 nominavit3
1246 4235 1301 4300 sed

148 4351 232 4434 quia
258 4346 431 4412 secundam
454 4349 615 4432 quandam
638 4346 729 4428 dixit,
752 4345 851 4410 aliam
875 4367 947 4410 eum
972 4345 1108 4427 apparet
1132 4345 1205 4407 ante
1229 4365 1301 4406 eam

147 4453 316 4541 posuisse,
340 4474 437 4536 quam
456 4453 651 4520 Aristoteles
676 4453 895 4536 appellatione
914 4449 1190 4516 homoeomerium
1210 4451 1303 4515 nota·

1034 4555 1090 4608 43⁸
