3300 5146
783 344 1026 414 *292—

336 540 416 615 δούς
439 537 537 600 ἴδιον.
591 518 673 591 ἀλλὰ
705 519 808 584 ταῦτα
836 507 897 596 μὲν
928 504 965 570 ἐν
995 508 1065 576 τοῖς
1095 491 1211 578 ἐφεξῆς
1237 481 1255 553 ὁ
1287 477 1486 569 Χρύσιππος

336 645 432 730 λέγει.
471 631 592 725 μεταξὺ
616 628 651 698 δὲ
674 621 796 707 ταύτης
817 619 877 702 τῆς
897 637 933 680 τε
956 611 1020 677 νῦν
1038 596 1266 691 γεγραμμένης
1284 587 1410 676 ρήσεως
1427 579 1486 648 καὶ

337 744 376 839 ἧς
400 747 516 832 ὀλίγον
539 743 730 827 ἔμπροσθεν
749 734 876 814 ἔγραψα
895 716 1056 806 περὶτῶν
1073 705 1254 795 γυναικῶν,
1278 695 1371 781 ἑτέρα
1390 692 1490 776 diois

340 861 445 940 ἐστιν,
472 848 515 938 ἣν
540 846 602 934 ἤδη
631 833 838 926 παραγράψω
866 826 949 915 πρὸς
975 820 1011 890 τὸ
1037 813 1119 905 μηδὲ
1408 801 1416 822 '

315 971 468 1033 οὸοκεῑν·
493 963 557 1042 ἔχει
582 950 619 1018 δὲ
642 939 720 1015 ὦδε·
744 940 891 1015 ἰτούτοις
914 931 950 999 δὲ
969 921 1167 997 ἀκολούθως
1186 911 1321 999 ἆνεμεῖν
1343 906 1380 974 τέ
1394 900 1493 977 τινάς

343 1076 466 1160 εφαμεν
483 1063 523 1132 τὰ
542 1058 690 1148 φανέντα
709 1046 823 1124 αὐτοῖς
844 1042 899 1110 καὶ
919 1044 965 1106 ἔτι
983 1031 1044 1102 τὸν
1067 1024 1182 1116 βαθὺν
1199 1023 1339 1108 λέγομεν
1357 1013 1495 1082 πολλῶν

344 1173 519 1246 (τοιούτων
538 1161 727 1253 συμφώνως
743 1168 813 1232 τοῖς
836 1144 1034 1236 εἰρημένοις·
1057 1130 1271 1206 καταπιόντες
1289 1121 1353 1210 γὰρ
1371 1117 1495 1206 ὅμοιον

346 1290 480 1365 εεἰπεῖν,
504 1275 553 1345 ὅτι
573 1270 679 1359 ἡμέρα
699 1267 778 1346 ἐστι’,
800 1257 855 1325 καὶ
880 1247 1122 1332 ἐναποθὲμενοι
1145 1241 1244 1308 τοῦτο
1267 1235 1315 1309 εἰς
1336 1224 1399 1313 τὴν
1423 1221 1498 1290 διά-

348 1397 460 1462 ενοιαν
477 1385 532 1454 καὶ
550 1379 653 1449 πάλιν
674 1375 781 1440 ἐκεῖνο
800 1365 962 1450 λέγοντες,
985 1352 1035 1422 ὅτι
1056 1347 1117 1420 ούκ
1136 1352 1227 1414 ἔστιν
1241 1338 1358 1428 ἡμέρα,
1376 1329 1499 1420 μενόν-

311 1525 336 1564 10
349 1504 429 1569 ‘cuv
450 1498 518 1563 τῶν
541 1480 752 1575 πραγμάτων,
775 1469 836 1542 οὐκ
859 1467 1039 1551 ἀλλοτρίως
1062 1453 1141 1525 οὐδὲ
1165 1449 1338 1522 ἆνοικείως
1360 1438 1500 1525 ἀνεμεῑν

352 1599 537 1692 “λε’γονται.’
590 1594 689 1661 τοῦτο
719 1583 756 1652 τὸ
785 1577 921 1665 ἆνεμεῑν
952 1567 1015 1657 ἐγὼ
1043 1564 1105 1653 μὲν
1137 1557 1216 1629 odd}
1249 1548 1377 1641 ἤκουσά
1407 1571 1501 1621 τινος

352 1715 519 1799 λέγοντος,
543 1698 625 1770 ἀλλὰ
649 1701 776 1784 μᾶλλον
799 1681 985 1756 ἀποπτύσαι
1009 1673 1064 1742 καὶ
1089 1664 1245 1737 ἐκπτύσαι
1269 1659 1325 1728 καὶ
1349 1657 1504 1740 ἐκβαλεῖν

355 1819 410 1888 καὶ
434 1811 616 1899 ἀπορρῖψαι
638 1803 692 1871 καὶ
717 1795 907 1867 ἀποθέσθαι
931 1787 1102 1872 λέγουσιν,
1127 1769 1262 1842 ἐπειδὰν
1284 1767 1409 1852 λέγωσί
1429 1785 1504 1827 τινα

358 1927 466 2005 δοξῶν
498 1916 680 2000 ἀποστῆναι
722 1902 937 1994 μοχθηρῶν,
967 1895 998 1959 εἰ
1029 1886 1065 1954 δὲ
1102 1882 1167 1969 ἄρα
1198 1877 1253 1946 καὶ
1285 1871 1322 1940 τὸ
1356 1868 1504 1954 ἐξεμέσαι

321 2057 345 2100 rs
359 2033 487 2117 λε’γοιτο
512 2021 594 2110 πρός
615 2041 734 2097 τινων,
762 2019 812 2094 εἴη
836 2002 880 2073 ἂν
901 1997 1024 2069 ταύτὸν
1046 1996 1091 2084 τῷ
1117 1983 1302 2057 ἀποπτύσαι
1325 1977 1381 2046 καὶ
1405 1970 1507 2056 ἀπορ-

361 2152 455 2228 ρῖψαι
479 2132 534 2201 καὶ
562 2142 632 2206 τοῖς
661 2121 774 2198 ἄλλοις
798 2127 869 2192 τοῖς
897 2111 932 2176 ἐκ
955 2124 1144 2194 μεταφορας
1170 2089 1362 2178 λεγομένοις
1385 2080 1509 2169 ὁμοίως

400 2311 481 2374 στὸν
502 2303 598 2383 βαθύν
618 2302 698 2358 codd.
721 2297 783 2353 edd.
802 2286 866 2348 τινὰ
887 2289 910 2361 β.
930 2285 1009 2340 Corn.
1030 2310 1063 2320 -
1094 2272 1140 2331 aa
1159 2273 1224 2327 ante
1242 2266 1351 2322 πολλῶν
1374 2260 1511 2316 excidisse

365 2392 483 2448 videtur.
503 2413 535 2424 -
558 2386 590 2434 14
609 2371 640 2430 τὸ
661 2369 792 2441 ἐξεμέσαι
812 2363 891 2419 codd.
911 2358 987 2422 θοὰς
1007 2370 1043 2407 an
1061 2345 1093 2404 τὸ
1113 2342 1250 2415 ἄνεμέσαι
1269 2333 1286 2408 ἦ
1307 2332 1461 2405 stupeam?
1482 2359 1510 2368 -

368 2575 418 2636 est
448 2559 626 2632 iracundia.
681 2550 744 2617 Sed
773 2547 854 2612 hacc
882 2536 1085 2622 Chrysippus
1116 2529 1152 2592 in
1184 2517 1394 2607 sequentibus
1429 2509 1514 2576 dicit.

369 2680 458 2744 luter
475 2674 560 2737 hanc
578 2685 666 2745 vere,
689 2678 786 2744 quam
805 2650 901 2716 modo
921 2639 1163 2724 adscripsimus
1182 2627 1365 2696 orationem
1383 2623 1418 2686 et
1437 2641 1515 2684 earn.

371 2804 469 2870 quam
497 2775 595 2862 paulo
623 2771 699 2833 ante
727 2758 839 2828 rettuli
863 2757 901 2820 de
924 2745 1128 2828 mulieribus,
1151 2738 1218 2804 adia
1240 2731 1399 2819 quaedam
1422 2727 1515 2792 inter-

374 2890 467 2971 eedit,
490 2903 596 2968 quam,
613 2898 653 2941 ne
672 2871 785 2937 videar
803 2862 978 2950 quidquam
998 2853 1129 2919 omnino
1149 2839 1418 2932 praetermisisse,
1437 2852 1516 2898 nunc

376 2993 571 3072 adscribam,
604 2981 704 3047 verba
735 2976 816 3040 haec
844 2972 932 3033 sunt:
983 2961 1070 3027 ‘His
1098 2977 1187 3021 vero
1221 2948 1516 3015 consentaneum

378 3106 449 3184 est,
479 3117 561 3162 cum
589 3089 752 3154 dicimus
780 3076 964 3165 quosdam
992 3083 1181 3144 evomere,
1211 3073 1306 3142 quae
1333 3049 1410 3115 sibi
1436 3047 1515 3112 visa

378 3206 538 3286 fuerint3
567 3200 659 3263 item
687 3193 726 3256 in
749 3187 878 3272 aliquo
908 3173 1157 3244 altitudinem
1185 3159 1372 3250 quandam
1403 3148 1518 3218 animi

380 3319 513 3382 inesse
537 3308 575 3371 in
598 3299 731 3367 multis
756 3286 947 3359 eiusmodi
970 3282 1083 3348 rebus
1107 3273 1269 3341 dicimus
1294 3259 1519 3331 convenien-

383 3429 444 3488 ter
466 3419 529 3502 iis,
553 3431 650 3498 quac
668 3404 850 3476 diximus;
872 3417 958 3460 uam
977 3410 1073 3471 cum,
1096 3383 1133 3448 id
1156 3376 1254 3466 quod
1273 3370 1401 3440 simile
1420 3366 1519 3432 dictu

385 3535 458 3613 est,
499 3525 597 3591 diem
635 3535 717 3579 esse
759 3501 1033 3572 devoravimus
1071 3495 1184 3576 atque
1221 3485 1260 3548 in
1296 3478 1420 3544 mente
1457 3471 1518 3534 hoe

387 3628 688 3703 recondidimus,
710 3617 850 3702 postea
872 3609 985 3674 rebus
1010 3600 1157 3679 eodem,
1179 3613 1251 3678 quo
1274 3585 1398 3672 prius,
1421 3577 1520 3644 modo

389 3765 426 3807 sc
445 3731 681 3805 habentibus
700 3725 799 3788 diem
812 3741 888 3784 non
902 3734 986 3778 esse
1005 3707 1262 3779 affirmamus,
1278 3712 1354 3758 non
1368 3684 1522 3753 absurde

389 3868 512 3933 neque
536 3831 756 3922 improprie
780 3843 953 3890 evomere
976 3817 1014 3882 id
1037 3803 1223 3878 dicimur?
1268 3796 1431 3885 Equidem
1454 3785 1522 3856 illud

392 3972 539 4021 evomere
561 3968 602 4010 ne
621 3938 729 4008 audivi
749 3934 878 4020 quidem
897 3943 1091 4012 quemquam
1109 3915 1278 3992 dicentem,
1301 3906 1356 3970 sed
1375 3917 1524 3985 respuere.

393 4079 557 4145 exspuere,
579 4052 692 4130 eicere,
714 4043 843 4122 reicere,
866 4038 1024 4118 deponere
1044 4028 1163 4106 dicunt,
1186 4041 1259 4084 oum
1278 4013 1393 4079 volunt
1415 4003 1523 4091 signiti-

396 4190 468 4235 care
497 4187 516 4228 a
543 4158 652 4245 pravis
681 4147 888 4236 opinionibus
917 4141 1057 4223 aliquem
1080 4129 1237 4198 recedere.
1287 4117 1411 4196 Quodsi
1437 4112 1524 4176 etiam

397 4293 545 4341 evomere
582 4291 601 4330 a
637 4257 831 4347 quibusdam
863 4251 1037 4328 diceretur,
1072 4262 1138 4306 nou
1174 4235 1273 4299 aliam
1304 4227 1373 4292 vim
1404 4217 1523 4286 haberet

399 4402 497 4466 quam
519 4391 669 4457 respuere
693 4371 726 4431 et
748 4363 869 4428 reicere
893 4361 989 4440 atque
1012 4347 1142 4429 ceteris,
1169 4362 1251 4425 quae
1274 4355 1333 4421 per
1354 4322 1525 4396 translatio·
