3246 5148
619 403 838 470 „51...

151 566 208 632 sed
234 559 342 652 ovidi,
370 564 493 630 erravit
520 565 622 650 igitur
644 564 811 631 Nauckius
838 565 873 630 in
896 563 972 628 Eur.
995 562 1125 647 Fragm.
1149 563 1213 628 341
1239 557 1303 630 Ga·

149 675 218 738 leni
242 673 369 740 codices
393 664 495 736 οὐδέν
518 671 673 755 praebere
698 671 904 755 existimans,
926 669 1012 755 quod
1036 667 1199 735 Charterii
1219 693 1304 736 eom·

150 784 299 846 mentum
324 783 382 844 est

241 886 360 969 Locos,
383 884 557 970 inquibus
581 907 681 950 unum
704 885 899 951 vocabulum
921 884 972 950 vel
996 884 1093 968 plura
1116 904 1136 948 a
1156 884 1302 950 librariis

151 995 186 1058 et
210 992 390 1058 editoribus
413 992 527 1057 amasso
550 993 640 1076 sunt,
664 991 711 1056 sic
734 991 901 1076 tractavit,
929 993 966 1055 ut
988 990 1095 1076 magis
1117 990 1303 1074 vituperan-

150 1099 213 1164 dus
236 1121 334 1184 quam
356 1097 537 1163 laudandus
561 1098 718 1163 videatur.
762 1098 849 1164 Nam
878 1098 1021 1182 primum
1047 1097 1180 1162 lacunas
1186 1148 1195 1182 ,
1223 1120 1303 1182 quas

151 1205 223 1270 edd.
246 1205 305 1270 AB
330 1208 387 1269 aut
409 1225 467 1288 per
493 1207 608 1270 notam
631 1205 779 1270 asterisci
807 1207 865 1269 aut
892 1225 951 1288 per
978 1203 1079 1288 spatii
1106 1203 1302 1270 vacuitatem

151 1311 433 1397 significaverant,
457 1313 514 1374 aut
536 1333 669 1394 prorsus
692 1310 836 1396 neglexit
855 1313 912 1374 aut
934 1332 1036 1395 prava
1055 1308 1229 1375 sedulitate
1252 1333 1304 1376 ex·

152 1417 267 1502 plevit.
312 1417 347 1482 P.
371 1417 434 1482 241
463 1421 539 1502 post
565 1417 665 1482 verba
692 1410 730 1482 τὸ
759 1417 839 1480 πᾶσι
866 1427 935 1492 τοῖς
960 1413 1155 1500 ἐνεργοῦσιν
1179 1415 1214 1482 ἐκ
1236 1418 1305 1482 τᾶν

151 1526 298 1607 πλησίον
320 1518 405 1588 εἶναι
433 1517 496 1606 τὴν
523 1517 630 1608 ἀρχήν
653 1523 711 1588 ΑΒ
740 1523 869 1608 signum
892 1523 1027 1588 lacunae
1054 1527 1233 1606 posuerunt
1255 1520 1304 1610 (M

153 1631 189 1695 in
212 1629 361 1716 margine
389 1629 524 1695 adnotat
551 1628 684 1714 λειίτει);
712 1651 781 1714 quo·
802 1629 965 1715 neglecto,
993 1629 1086 1714 quasi
1113 1628 1196 1693 nihil
1221 1629 1303 1694 desi·

152 1737 335 1820 deraretur,
364 1733 421 1801 Oh.
445 1739 577 1820 etpost
603 1727 1120 1800 eumKuehn.edider1mtodd’
1146 1729 1197 1801 ὅτι
1224 1742 1304 1822 πλη-

153 1845 231 1908 σίον
253 1867 283 1907 κ.
304 1865 332 1906 τ.
354 1847 382 1908 λ.
426 1842 488 1919 Qui
511 1843 603 1908 locus
626 1843 761 1908 mutilus
784 1842 945 1927 quomodo
969 1841 1098 1906 restitui
1121 1846 1246 1927 posset,
1269 1843 1304 1907 in

153 1949 357 2034 Programm.
375 1952 476 2015 nostr.
494 1947 524 2031 l,
542 1971 573 2032 p.
590 1951 631 2014 16
654 1949 734 2014 satis
758 1948 1061 2014 demonstravimus.
1094 1947 1218 2014 Eadem
1236 1948 1303 2014 fere

152 2055 362 2140 neglegentia
381 2053 439 2121 ch.
453 2077 484 2140 p.
498 2055 563 2120 609
583 2059 660 2140 post
682 2054 765 2120 med.
787 2055 986 2120 vacuitatem
1005 2055 1104 2140 spatii
1122 2055 1222 2120 trium
1236 2055 1304 2120 fere

152 2162 337 2226 litterarum
360 2161 445 2227 inter
469 2164 516 2238 είς
538 2166 571 2227 et
594 2157 655 2246 γὴς
677 2158 738 2246 (sic
757 2159 836 2246 MA,
860 2162 907 2238 εἰς
1018 2159 1138 2248 γῆςΒ)
1157 2161 1302 2228 inMAB

153 2271 304 2334 notatam
334 2269 534 2352 praeteriens
568 2267 650 2332 baec
686 2267 831 2352 scripsit:
863 2269 924 2332 καί
950 2291 1000 2344 τις
1026 2262 1126 2344 ἄλλος
1153 2270 1209 2344 είς
1235 2269 1304 2352 γῆς

152 2370 308 2458 ἐμβάλλει
335 2375 375 2459 τῇ
403 2371 515 2460 πρώτῃ
543 2372 669 2458 γενέσει
696 2373 758 2438 τοῦ
785 2375 944 2438 νωτιαίου
969 2397 999 2438 ιι.
1020 2397 1047 2438 τ.
1070 2374 1112 2437 a!
1157 2372 1303 2438 Eandem

151 2481 373 2546 temeritatem
391 2481 561 2546 Kuehnius
581 2479 715 2546 admisit
732 2501 791 2564 pro
810 2502 863 2564 eo,
886 2480 971 2565 quod
989 2480 1098 2545 locum
1113 2485 1302 2565 corruptum

152 2589 268 2654 notare
292 2587 412 2653 debuit
449 2587 483 2652 P.
502 2587 566 2652 551
590 2589 668 2671 post
690 2584 772 2651 med.
790 2585 884 2652 MAB
908 2588 984 2670 post
1006 2581 1154 2669 πέμπτον
1177 2581 1208 2652 d’
1222 2583 1302 2653 ἄλλο

152 2691 260 2779 στόμα
283 2688 346 2760 οὐιι
369 2696 434 2778 ἔχει
457 2691 507 2781 (ἐχ
531 2692 579 2780 Μ)
607 2693 750 2778 spatium
777 2715 916 2758 vacuum
943 2713 1061 2758 novem
1087 2693 1154 2757 fere
1178 2694 1302 2759 littera·

152 2825 226 2866 rum
248 2787 462 2886 reliquerunt3
490 2821 531 2864 ne
558 2799 591 2862 id
615 2798 745 2884 quidem
768 2801 919 2864 curantes
943 2796 1002 2864 ch.
1029 2802 1063 2863 et
1085 2799 1212 2866 Kuehn.
1238 2801 1303 2866 edi-

152 2907 282 2972 derunt:
311 2905 459 2991 πέμπτον
487 2900 519 2970 d'
540 2901 621 2970 ᾶλλο
650 2900 754 2989 στόμα
782 2899 845 2969 οὐκ
872 2907 950 2988 ἔχει
977 2901 1072 2969 κατὰ
1100 2903 1141 2972 τὸ
1166 2903 1302 2992 στόμαῑ

152 3013 223 3080 Nos
256 3013 386 3099 quidem
419 3010 624 3078 scribendum
662 3034 731 3076 esse
765 3011 1023 3076 existimavimus
1057 3005 1127 3077 οὐκ
1163 3015 1303 3099 ἔχομεν

152 3115 288 3204 εὑρεῖν
314 3115 396 3186 κατὰ
419 3117 456 3186 τὸ
481 3115 595 3203 στόμα.
633 3115 809 3182 domarius
837 3117 872 3182 in
900 3118 1046 3204 margine
1074 3119 1213 3203 exempli
1237 3120 1302 3184 edi·

152 3228 253 3294 tionis
277 3227 432 3310 Aldinae,
455 3226 540 3312 quod
562 3247 648 3290 nunc
670 3223 705 3287 in
728 3224 929 3290 bibliotheca
950 3223 1085 3290 lenensi
1108 3229 1303 3312 asservatur,

152 3335 305 3400 coniecit:
329 3327 390 3399 οὐκ
414 3335 504 3397 ἔστιν
527 3326 648 3416 εὑρεῖν.
691 3329 726 3395 Ρ.
751 3331 814 3395 747
837 3332 920 3396 med.
947 3331 983 3397 in
1005 3330 1063 3395 AB
1091 3334 1168 3416 post
1195 3329 1302 3396 ἐνίοτε

152 3437 190 3505 δὲ
223 3440 538 3526 περιθρανσθεισῶν
568 3437 637 3502 τῶν
668 3435 750 3502 κατὰ
781 3433 860 3513 τοὺς
892 3433 1103 3513 σπονδύλονς
1134 3430 1302 3502 ὀπισθίων

151 3543 373 3630 ᾶκοφύσεων,
400 3543 433 3624 ἐξ
460 3533 551 3628 eive}
579 3543 637 3628 τῆς
664 3538 789 3628 ῥάχεως
815 3537 877 3628 ᾶιιγ
905 3540 981 3630 (sic)
1009 3543 1153 3626 spatium
1182 3544 1222 3608 ad
1250 3568 1302 3610 ex·

153 3655 289 3739 plaudas
320 3649 564 3738 quatuordecim
593 3651 661 3713 fere
693 3649 820 3714 litteras
853 3649 1003 3714 relictum
1036 3653 1086 3714 est
1117 3645 1170 3734 (cf.
1204 3673 1302 3735 supra

153 3785 185 3846 p.
211 3759 280 3848 16),
303 3761 480 3844 sequuntur
501 3757 601 3823 verba
624 3756 796 3840 γεννᾶται,
818 3759 930 3832 κοῖλος
951 3753 1007 3820 καὶ
1030 3752 1184 3833 ταπεινὸς
1207 3751 1224 3822 ὁ
1248 3753 1302 3823 τό·

152 3889 214 3943 πος
236 3869 400 3950 φαίνεται.
445 3862 508 3929 Sed
537 3863 596 3927 illa
618 3862 765 3928 vacuitas
789 3862 923 3926 minime
952 3862 1143 3928 sollicitavit
1166 3861 1300 3928 Obarte·

153 3973 253 4058 rium,
276 3971 331 4056 qui
354 3971 455 4036 edidit
478 3964 574 4054 ἡτῆς
593 3964 718 4054 ῥάχεως
740 3964 837 4053 dupe
860 3968 1056 4052 γεννᾶται.
1084 3969 1175 4034 ldem
1194 3967 1302 4033 Kueh-

151 4079 240 4162 nius,
263 4078 349 4162 quod
368 4077 500 4142 minime
519 4076 637 4140 mirum
657 4079 720 4172 est,
738 4076 858 4161 quippe
872 4075 928 4162 qui
941 4077 976 4141 in
990 4075 1042 4139 his
1056 4075 1150 4140 libris
1170 4074 1300 4138 edendis

151 4207 212 4251 nee
234 4183 456 4248 Basileensem
479 4205 621 4268 unquam
643 4205 703 4247 nee
727 4181 880 4248 Aldinam
903 4182 1089 4266 inspexerit.
1123 4179 1299 4246 Carnarius

153 4294 202 4358 ita
229 4289 435 4356 scribendum
464 4289 642 4354 existimet:
671 4283 692 4373 ἡ
722 4289 779 4372 τῆς
807 4285 933 4375 ῥάχεως
961 4283 1046 4370 drop
1077 4283 1153 4372 (leg.
1183 4281 1300 4373 ᾶιιγα)

153 4401 317 4482 ἔκφυσις
339 4395 511 4480 γεννᾶται,
535 4395 597 4461 hoc
616 4417 725 4461 sensu:
749 4395 928 4460 ‘interdum
947 4394 1047 4458 etiam
1064 4393 1300 4479 posterioribus

1053 4515 1088 4572 41
