3212 5146
806 443 846 453 -
893 409 1046 470 606-

352 561 407 640 uls
429 562 565 647 πλέγμα.
602 559 701 628 τοῦτό
725 587 759 627 τε
783 553 847 630 οὖν
870 559 951 630 αὐτὸ
974 566 1033 648 τῆς
1055 565 1256 648 κατασκευῆς
1278 565 1346 630 τῶν
1368 569 1485 649 μορίων

353 668 583 754 ἐνδειξαμένης
602 667 838 754 ἐδιδάχθημεν,
862 668 912 737 ὄτι
931 667 968 736 τὸ
991 667 1132 754 ψυχικὸν
1150 672 1279 754 πνεῦμα
1297 667 1377 755 μήτε
1397 664 1484 736 οὐσία

353 777 459 860 ψυχῆς
483 775 550 838 ἐστι
573 771 653 860 μήτε
678 771 768 851 οἶκος
791 772 907 860 αὐτῆς,
931 771 1014 842 άλλὰ
1037 773 1184 860 ὄργανον
1207 778 1355 861 πρῶτον,
1379 777 1414 841 ἐκ
1435 778 1485 840 τοῦ

351 881 558 956 κενωθέντος
589 876 695 946 αὐτοῦ
726 878 807 946 κατά
844 879 903 958 τὰς
939 879 1075 966 τρώσεις
1107 879 1224 950 αὐτίκα
1262 880 1325 966 μὲν
1361 875 1486 964 οἷόνπερ

325 984 473 1072 τνεκρὸν
504 991 657 1070 γίνεσθαι
684 983 722 1052 τὸ
757 990 856 1075 ζῷον,
889 984 1133 1072 ἀθροισθέντος
1161 987 1196 1055 δὲ
1225 979 1327 1066 αὖθις
1354 983 1484 1072 άναβιά-

352 1101 507 1176 σκεσθαι,
539 1093 593 1158 καὶ
626 1088 731 1158 πάνθ’
764 1089 890 1177 ἁπλῶς,
926 1091 1050 1180 ὅσαπερ
1082 1099 1212 1180 εἴρηταί
1240 1119 1273 1160 τε
1304 1094 1359 1160 καὶ
1386 1094 1485 1179 μέλλει

352 1198 592 1284 λεχθήσεσθαι,
621 1197 660 1265 τά
684 1197 745 1285 μὲν
770 1199 804 1264 ἐκ
826 1203 884 1284 τῆς
906 1204 974 1267 τῶν
996 1207 1124 1287 μορίων
1148 1204 1364 1285 κατασκευῆς,
1391 1197 1431 1266 τά
1456 1199 1485 1265 dl

353 1307 388 1372 ἐκ
410 1309 478 1372 τῶν
505 1305 676 1391 ἑπομένων
700 1305 950 1391 συμπτωμάτων
978 1305 1030 1372 ἐπὶ
1053 1321 1125 1385 ταῖς
1152 1321 1268 1392 τομαῖς
1295 1300 1314 1390 ἢ
1338 1311 1488 1384 θλίψεσιν

354 1418 417 1498 ἔχει
445 1409 507 1498 τὴν
535 1409 676 1498 εὕρεσιν.
726 1408 843 1477 αὐτίκα
875 1411 915 1496 γε’
943 1438 993 1477 τοι
1023 1416 1089 1478 τῶν
1116 1410 1198 1479 κατὰ
1225 1414 1285 1478 τὸν
1314 1411 1489 1496 ἐγκέφαλον

315 1544 339 1582 ιο
353 1518 467 1606 πόρων
491 1522 526 1585 οί
546 1518 607 1604 μὲν
627 1516 683 1584 διὰ
706 1521 763 1603 τῆς
785 1519 991 1604 καλουμένης
1014 1517 1123 1604 χώνης
1145 1523 1192 1597 είς
1214 1514 1369 1607 ὑπερῴαν
1392 1517 1488 1601 καθη-

354 1646 487 1708 κονσιν,
512 1629 546 1691 οί
567 1623 603 1690 dl
627 1628 674 1701 είς
695 1621 757 1708 την
780 1619 887 1710 ἀρχὴν
909 1627 967 1709 τῆς
989 1623 1083 1708 ῥινὸς
1104 1627 1316 1708 τελευτῶσιν,
1344 1628 1380 1690 οί
1403 1623 1437 1690 dl
1460 1625 1491 1689 tv

353 1747 424 1810 τοῖς
447 1729 592 1807 ὀπτικοίς
611 1737 788 1816 φαίνονται
808 1729 949 1816 νεύροις.
984 1736 1042 1796 καί
1061 1757 1110 1808 τις
1133 1727 1271 1814 ἄλλος]ι
1294 1735 1341 1810 είς
1440 1729 1491 1816 γης

355 1838 508 1925 ἐμβάλλει
531 1840 570 1924 τῇ
594 1837 706 1924 πρώτη
731 1839 856 1922 γενέσει
879 1840 940 1903 τοῦ
964 1843 1138 1920 νωτιαιόυ,
1166 1834 1248 1904 καθ’
1275 1833 1292 1904 ὃ
1316 1837 1418 1925 μέρος
1439 1837 1492 1922 μά-

354 1954 448 2012 λιστα
471 1947 529 2029 τῆς
552 1949 686 2027 παχείας
708 1942 869 2029 μήνιγγος
891 1949 1076 2029 τρωθείσης
1099 1939 1116 2010 ὁ
1145 1942 1248 2030 πόρος
1271 1941 1348 2022 ὅλος
1370 1950 1489 2029 γίνεται

315 2075 340 2112 ιι
355 2049 480 2138 γυμνὸς
502 2047 570 2136 άμα
592 2052 637 2138 τῷ
658 2048 776 2135 ’πέρατι
799 2052 856 2134 τῆς
879 2047 1022 2116 ὄπισθεν
1046 2047 1231 2134 ἐγκεφάλου
1253 2057 1397 2134 κοιλίας,
1421 2049 1494 2132 ὅπερ

355 2155 414 2243 οὐχ
445 2155 559 2242 ἥκιστα
588 2153 648 2221 τὸν
669 2152 926 2242 Ἐρασίστρατον
954 2153 1136 2241 ἠπάτησεν,
1163 2152 1208 2234 ὡς
1236 2159 1415 2242 οἰηθῆναι,
1446 2154 1494 2222 datr

352 2264 414 2351 τὴν
437 2267 494 2349 τῆς
512 2261 672 2349 μήνιμγος
694 2265 817 2348 τρῶσιν
841 2258 1001 2347 άκίνητον
1024 2258 1142 2328 αὐτίκα
1165 2268 1319 2347 γίνεσθαι
1343 2261 1382 2330 τὸ
1409 2266 1496 2352 ζῷον.

355 2399 567 2410 ...-....---

389 2469 404 2515 2
424 2455 467 2516 ὅτι
487 2479 515 2513 τε
536 2454 567 2511 τὸ
588 2457 668 2512 codd.
688 2457 750 2511 edd.
770 2477 798 2510 τε
815 2455 1006 2525 expunximus.
1028 2487 1058 2496 -
1082 2465 1111 2511 ¹1
1133 2455 1160 2510 οἳ
1179 2453 1207 2511 δ’
1224 2457 1290 2512 MA.
1312 2488 1345 2498 -
1366 2465 1401 2512 12
1421 2453 1496 2515 ἄλλος

354 2531 393 2594 είς
411 2535 483 2600 spat.
502 2548 563 2583 vac.
582 2530 668 2582 trium
687 2529 843 2581 litterarum
864 2525 914 2595 γης
934 2530 991 2580 MA
1011 2529 1072 2595 (γῆς
1086 2529 1119 2597 Β)
1137 2524 1219 2589 ἄλλος
1238 2527 1279 2589 είς
1297 2529 1342 2588 uel
1363 2524 1496 2598 ἐπεμβάλ-

353 2609 394 2657 λει
413 2605 493 2656 Corn.
513 2598 594 2660 ἄλλος
613 2599 653 2660 τίς
672 2600 725 2668 γης
744 2599 827 2664 ΟλιΚς
848 2599 881 2652 ci.
902 2600 985 2652 Proll.
1005 2617 1031 2668 p.
1051 2607 1092 2653 ol.
1113 2630 1148 2640 -
1169 2607 1199 2654 17
1220 2595 1272 2667 την
1290 2615 1345 2653 om.
1365 2600 1404 2654 M.
1426 2631 1455 2638 -

354 2799 497 2884 partium'
515 2798 640 2862 fabrica
659 2796 821 2860 indicante
836 2796 1016 2880 didicimus,
1035 2796 1187 2880 spiritum
1207 2797 1385 2862 animalem
1399 2819 1498 2880 neque

354 2905 570 2970 substantiam
590 2903 689 2967 animi
709 2925 811 2986 neque
826 2902 1026 2967 domicilium
1047 2904 1125 2986 eius,
1145 2903 1199 2967 sed
1219 2905 1361 2987 primum
1383 2905 1498 2970 instru-

354 3017 498 3077 mentum
526 3033 611 3094 esse,
639 3033 676 3076 eo
706 3009 805 3094 quod,
834 3033 905 3072 cum
935 3031 951 3072 e
978 3010 1202 3074 vulneratione
1230 3014 1279 3074 est
1312 3017 1498 3076 evacuatus.

353 3120 440 3184 illico
478 3117 599 3182 animal
636 3122 803 3200 tamquam
842 3118 1005 3180 mortuum
1042 3116 1229 3200 collabitur,
1266 3138 1342 3181 cum
1384 3119 1499 3182 iterum

352 3227 528 3311 colligitur,
550 3223 729 3307 reviviscit,
753 3227 786 3286 et
809 3223 940 3287 omniuo
965 3223 1123 3308 omnium,
1151 3245 1232 3307 quae
1257 3226 1290 3286 ot
1312 3223 1407 3288 dicta
1432 3227 1499 3286 sunt

353 3337 386 3397 et
408 3336 533 3396 restant
556 3330 704 3414 dicenda,
731 3331 851 3413 partim
880 3351 917 3392 ex
946 3330 1088 3412 partium
1113 3333 1286 3414 structura,
1314 3331 1500 3412 partimur

354 3438 587 3521 accidentibus,
615 3459 697 3520 quae
720 3437 894 3500 incisiones
922 3436 973 3500 vel
997 3437 1203 3501 contusiones
1227 3440 1429 3520 sequuntur,
1461 3435 1500 3497 in·

352 3547 461 3610 ventio
491 3545 558 3627 peti
586 3547 703 3626 potest.
754 3541 806 3606 Sic
832 3543 943 3605 statim
975 3565 991 3606 e
1020 3542 1142 3606 cerebri
1166 3542 1328 3606 meatibus
1360 3543 1422 3606 alii
1452 3563 1502 3624 pur

353 3651 604 3734 infundibulum,
636 3650 722 3733 quod
759 3649 890 3732 dicitur,
927 3649 960 3712 in
991 3650 1136 3732 palatum
1168 3649 1343 3732 pertinent,
1382 3649 1443 3713 alii
1475 3647 1502 3709 in

353 3761 480 3824 narium
502 3757 634 3821 initium
658 3756 820 3839 desinunt,
848 3755 905 3819 alii
928 3757 963 3819 in
990 3757 1097 3820 nervis
1122 3756 1163 3819 ad
1190 3755 1295 3818 visum
1319 3755 1498 3840 spectanti·

353 3868 413 3931 bus
451 3866 616 3948 apparent
675 3861 768 3926 Alius
804 3862 884 3925 item
921 3863 1051 3945 quidam
1088 3864 1109 3942 †
1150 3861 1183 3926 in
1224 3861 1372 3944 primum
1418 3861 1499 3926 dorsi

354 3972 512 4036 medullae
550 3972 657 4034 ortum
696 3970 925 4052 committitur,
962 3992 1026 4052 qua
1057 3969 1198 4032 maxime
1231 3968 1265 4032 in
1298 3975 1401 4051 parte
1436 3989 1499 4033 cum

354 4101 463 4144 crassa
500 4077 689 4140 membrana
726 4077 894 4140 vulnerata
931 4079 993 4158 est,
1030 4079 1156 4139 meatus
1193 4078 1281 4138 totus
1318 4097 1499 4140 unacum

354 4185 525 4250 ventriculi
557 4184 681 4247 cerebri
713 4182 903 4266 posterioris
936 4182 1141 4246 extremitate
1169 4181 1328 4264 aperitur,
1360 4181 1398 4246 id
1426 4179 1500 4267 quud

354 4293 525 4376 praecipue
554 4291 588 4354 in
616 4313 714 4353 causa
741 4289 817 4370 fuit,
844 4287 928 4372 quod
957 4288 1175 4352 Erasistratus
1208 4286 1371 4369 deceptus
1402 4287 1501 4352 existi-

356 4400 457 4463 mavit
490 4421 506 4460 e
539 4397 745 4460 membranae
784 4396 1005 4460 vulneratione
1044 4393 1211 4458 immobile
1243 4393 1410 4460 continuo
1443 4392 1500 4456 ani-
