3246 5148
638 431 855 498 ..iffi-.-

160 595 324 662 librorum
353 593 541 660 Aristotelis
570 595 655 660 male
684 618 704 658 a
726 595 872 659 librariis
900 594 980 658 olim
1006 591 1154 659 habitam
1182 590 1317 678 ideoque

162 703 360 769 correctoris
389 724 522 768 manum
551 705 718 785 expertam
747 723 826 766 esse.
876 700 910 764 P.
939 701 1003 764 203
1028 697 1127 764 Caius
1150 699 1263 767 edidit:
1289 703 1320 764 el

162 805 228 894 plo
251 804 314 894 γὰρ
338 803 475 874 ὀπτικὸν
498 813 549 892 εἴη
568 803 605 872 τὸ
626 803 789 892 ὄργανον,
813 800 990 891 ὀφθαλμός
1009 803 1092 886 ἐστι,
1115 797 1178 869 κάν
1202 802 1319 890 ἑτέρως

163 917 224 1000 ἔχῃ
252 905 556 998 κατεσκευασμένον
588 909 769 998 ἄνθρωπός
795 936 830 978 τε
857 910 912 978 καὶ
940 922 1098 997 καρκίνος
1124 913 1239 976 eontra
1266 932 1318 975 co·

162 1021 249 1086 dicis
273 1019 298 1086 G
322 1014 539 1105 άνθρῶτιοις
565 1043 599 1085 τε
626 1017 682 1084 καὶ
707 1022 899 1102 καρκίνοις
921 1019 1109 1103 praebentis
1132 1016 1237 1080 fidem.
1282 1017 1332 1092 R·

168 1129 233 1192 185
257 1127 316 1192 sub
336 1128 389 1192 fin.
413 1127 545 1210 scripsit
564 1127 594 1190 el
615 1122 680 1211 γὰρ
701 1123 756 1190 καὶ
779 1124 859 1209 πρὶν
881 1125 1005 1209 τρῶσαι
1029 1127 1156 1206 &lippe
1179 1121 1319 1209 (θλίψῃς

164 1233 212 1320 Κ)
236 1257 295 1318 pro
318 1236 452 1310 θλίψεις
475 1229 546 1319 (Ο),
569 1255 600 1316 p.
622 1233 685 1297 190
709 1235 784 1297 ante
803 1233 884 1298 med.
907 1228 1038 1315 τρῶτας
1059 1221 1123 1296 οὖν
1146 1228 1322 1307 ἐπίσκεψαι

163 1363 223 1424 μοι
251 1335 310 1416 τὰς
338 1340 385 1415 εἰς
406 1333 467 1404 τὸν
488 1334 629 1423 cepaea
652 1335 840 1423 φερομένας
862 1362 921 1422 pro
948 1339 1081 1423 πρῶτον
1103 1361 1132 1402 κ.
1154 1359 1181 1400 τ.
1203 1340 1232 1400 λ.
1255 1333 1318 1422 (O),

164 1469 198 1530 p.
235 1447 297 1512 195
329 1449 405 1510 ante
437 1445 519 1510 med.
552 1441 609 1510 ded
641 1440 703 1528 τὴν
735 1441 863 1528 πολλὴν
894 1441 1015 1510 άνοιοιν
1049 1439 1206 1509 ἁπάντων
1237 1435 1315 1526 μεθ’

159 1547 384 1636 Ἱπποκράτην
405 1548 605 1636 φιλοσόφων
626 1575 660 1618 τε
683 1549 737 1617 καὶ
762 1552 886 1634 ἰατρῶν
908 1574 967 1636 pro
993 1547 1136 1634 άγνοιαν
1158 1553 1191 1613 et
1214 1543 1318 1613 ἁττάν-

163 1682 236 1723 των
257 1659 326 1722 τῶν
346 1651 425 1742 μεθ’
445 1652 481 1722 ‘L
504 1681 539 1741 φ.
557 1657 626 1744 (C),
644 1659 721 1723 ibid.
741 1658 801 1722 sub
820 1657 873 1722 fin.
891 1658 949 1741 τῆς
967 1659 1015 1734 εἰς
1031 1653 1072 1722 τὰ
1090 1657 1157 1722 τῶν
1175 1655 1317 1720 κλειδῶν

164 1759 238 1830 ἅνω
261 1760 362 1848 μόρια
385 1765 491 1848 νομῆς
513 1787 572 1849 pro
598 1765 760 1848 διανομῆς
779 1761 804 1828 O
828 1761 881 1849 (cf.
900 1785 931 1848 p.
953 1765 1015 1830 198
1033 1758 1094 1828 τὸν
1110 1758 1237 1846 τρόπον
1258 1763 1317 1845 τῆς

165 1869 388 1957 ὃιανομῆς);
422 1893 452 1954 p.
484 1871 549 1936 203
583 1875 657 1936 ante
689 1871 772 1936 med.
797 1865 834 1935 τὸ
866 1867 980 1953 ἕτερον
1006 1865 1154 1954 ὄργανον
1186 1865 1222 1932 ἐκ
1248 1867 1317 1932 τῶν

166 1975 359 2063 ἐνεργειῶν,
387 1970 450 2042 οὐκ
477 1975 513 2042 ἐκ
535 1979 593 2061 τῆς
618 1978 680 2043 τοῦ
703 1973 855 2061 σωματος
882 1973 973 2051 ἰδέας
994 1979 1170 2061 κρίνεσθαι
1197 1969 1316 2056 βουλό-

165 2106 268 2169 μενος
295 2084 426 2149 omissis
453 2087 529 2167 post
556 2082 731 2170 ἐνεργειῶν
757 2084 864 2148 verbis
888 2080 942 2148 καὶ
966 2083 1101 2166 χρειῶν,
1127 2101 1209 2165 quae
1231 2079 1267 2143 in
1289 2076 1315 2143 O

166 2193 307 2255 exstant
356 2189 391 2258 P.
419 2189 483 2254 202
512 2191 572 2255 sub
600 2191 653 2255 fin.
680 2188 758 2255 νυνὶ
791 2183 822 2253 δ’
852 2184 943 2273 οἶμαι
971 2189 1105 2252 δεῖσθαι
1138 2193 1185 2262 εἰς
1211 2209 1249 2268 γε
1274 2182 1315 2250 τὰ

165 2292 317 2380 παρόντα
340 2297 397 2379 τῆς
419 2290 497 2381 παρ’
522 2291 618 2380 ἡμῶν
640 2291 838 2373 ἀποδείξεως
861 2295 982 2362 omisso
1006 2288 1069 2359 οὐκ
1086 2293 1138 2358 vel
1162 2286 1242 2357 οὐδὲ
1260 2289 1315 2379 (O)

167 2407 245 2467 ante
268 2397 369 2486 οἶμαι,
415 2401 492 2468 Alio
518 2404 592 2469 loco
621 2398 662 2468 οὐ
689 2402 863 2467 infeliciter
889 2400 1039 2484 inseruit3
1070 2398 1202 2482 scripsit
1229 2397 1315 2462 enim

167 2532 200 2594 p.
226 2511 288 2575 187
312 2513 391 2573 extr.
415 2503 434 2575 ὅ
455 2533 487 2574 τι
510 2506 658 2596 μὲνγὰρ
687 2504 770 2574 ἄλλα
792 2502 898 2574 πολλὰ
922 2507 990 2572 τῶν
1012 2500 1094 2570 κατὰ
1116 2500 1176 2581 τὰς
1198 2497 1316 2569 άνατο-

167 2609 233 2698 μὰς
251 2608 395 2700 ἀκριβῶς
414 2609 484 2699 οὐχ
503 2611 704 2700 ἑωράκασιν,
726 2613 759 2693 ἐξ
777 2603 826 2680 ῶν
843 2609 1058 2679 ὑπελείτοπο
1078 2607 1317 2694 συνταγμάτων

168 2723 277 2786 ἔνεστι
300 2727 506 2805 καταμαθεῖν
530 2743 642 2787 eversa
663 2723 766 2789 totius
789 2719 968 2786 sententiae
995 2719 1136 2802 ratione,
1163 2741 1245 2802 quae
1267 2719 1317 2782 ita

168 2851 204 2892 se
232 2827 345 2892 habet:
378 2827 563 2894 ‘Aristoteli
591 2833 623 2893 et
648 2829 853 2914 Praxagorae
881 2827 997 2892 merito
1025 2825 1143 2910 aliquis
1171 2825 1205 2888 id
1234 2825 1316 2891 vitio

168 2933 318 3017 verterit,
352 2935 438 3018 quod
469 2957 525 3002 eor
557 2957 627 3000 esse
659 2935 855 3020 principium
885 2953 1059 2998 nervorum
1095 2930 1319 3014 pronuntiant.

167 3039 257 3106 Nam
281 3062 353 3104 curn
376 3041 443 3106 alia
466 3042 583 3126 multa,
606 3063 687 3127 quae
711 3041 751 3106 ad
775 3039 975 3105 anatomiam
993 3039 1156 3121 spectant,
1177 3040 1317 3100 merrae

168 3149 315 3231 vileant,
351 3147 436 3232 quod
474 3169 512 3212 ex
543 3148 637 3213 libris
670 3168 782 3212 eorum
814 3167 1009 3230 cognoscere
1038 3144 1127 3226 licet,
1164 3145 1220 3204 aut
1250 3141 1316 3225 ipsi

169 3253 387 3318 caecutientes
411 3257 468 3316 aut
487 3253 527 3316 ad
546 3275 659 3318 caecos
679 3253 777 3317 verba
799 3253 956 3318 facientes
979 3253 1018 3316 de
1036 3270 1209 3315 nervorum
1229 3248 1316 3332 prin·

170 3337 264 3444 cipio·
282 3357 501 3443 seripserunt?
537 3357 601 3444 (Of.
619 3382 650 3443 p.
669 3359 734 3424 206
758 3363 832 3424 ante
855 3359 937 3424 med.
959 3358 999 3422 de
1021 3354 1213 3422 Aristotele:
1239 3349 1316 3420 οὔτε

169 3461 235 3550 γάρ
266 3459 473 3550 φιλοψευδὴς
505 3459 522 3530 ὁ
556 3459 641 3548 ἀνὴρ
679 3459 755 3528 οὔτε
786 3461 1034 3530 παντάπασιν
1070 3456 1228 3545 ἄπειρος
1257 3461 1316 3545 τῆς

170 3567 363 3658 ἀνατομῆς).
409 3569 499 3646 Quae
520 3569 603 3634 vitia
627 3571 736 3638 omnia
759 3571 793 3636 in
816 3571 974 3638 editiones
999 3567 1195 3653 posteriores
1218 3567 1315 3632 fluxe-

171 3682 247 3744 runt
266 3681 362 3762 atque
377 3675 476 3742 Caius
494 3675 631 3741 totidem
644 3676 712 3742 fere
729 3700 905 3761 pravarum
921 3679 1002 3761 quot
1019 3674 1196 3761 probarum
1210 3697 1316 3741 emen·

171 3785 339 3850 dationum
368 3786 481 3848 auctor
507 3782 673 3847 habendus
697 3785 756 3848 est
799 3781 837 3848 Id
859 3787 969 3852 tamen
991 3781 1096 3847 laudis
1120 3781 1151 3845 ei
1173 3782 1316 3866 debetur,

171 3891 257 3976 quod
276 3890 397 3956 codicis
414 3889 611 3975 fragmenta,
630 3888 747 3973 quibus
765 3889 843 3953 libri
861 3889 959 3972 primi
976 3887 1132 3973 reliquiae
1152 3890 1315 3954 continen-

171 4003 239 4083 tur,
262 3998 303 4062 ab
326 3997 461 4062 interitu
484 3995 662 4060 vindicavit
683 3998 716 4059 et
738 3995 862 4080 primus
885 3995 1040 4080 vulgavit.

261 4099 334 4168 Caii
360 4102 462 4187 igitur
488 4102 573 4168 libro
601 4105 634 4165 et
661 4100 801 4168 editione
828 4101 1009 4168 Basileensi
1036 4125 1112 4166 usus
1140 4105 1189 4166 est
1216 4099 1314 4166 Clear-

173 4211 267 4274 lerius
289 4205 377 4294 (Oh).
414 4205 476 4272 Sed
498 4207 527 4271 is
547 4230 613 4274 non
635 4229 735 4291 parca
756 4231 868 4292 manu,
891 4213 928 4273 ut
950 4208 1167 4292 Basileenses,
1189 4211 1313 4274 textum

172 4314 328 4378 traditum
351 4315 518 4398 tractavit,
541 4315 598 4378 sed
620 4315 783 4397 permulta
803 4315 952 4398 novavit,
974 4315 1022 4380 ita
1044 4318 1167 4398 tamen,
1191 4318 1316 4382 utnon

173 4423 245 4505 plus
273 4421 351 4486 boui
378 4442 476 4506 quam
502 4420 581 4486 mali
608 4420 644 4486 in
669 4423 795 4486 textum
821 4421 963 4486 inferret.
1007 4420 1056 4486 Ac
1082 4421 1224 4507 primum
1247 4424 1315 4491 lau·
