3300 5146
652 371 894 435 -327-

196 519 347 612 ὀλνὸρός,
380 522 450 593 κατ’
484 523 565 594 ἄλλο
597 524 659 613 μὲν
692 523 809 612 οὐδέν,
838 525 887 594 ὅτι
922 525 953 594 d’
984 525 1073 620 αὐτῷ
1102 527 1230 616 ἀνάγκη
1263 528 1344 616 μετὰ

196 634 305 702 ’τοῦτο
342 631 379 701 τὸ
416 635 485 701 τῶν
521 629 806 720 Ἱπποκενταύρων
842 631 932 713 εἶδος
971 635 1248 723 ἐπανορθοῦσθαι
1289 636 1344 703 καί

195 730 309 818 (αὖθις
344 736 382 806 τὸ
416 742 474 826 τῆς
511 743 689 826 Χιμαίρας,
725 739 780 807 καλ
817 741 945 829 ἐπιρρεῖ
979 741 1016 809 δὲ
1051 739 1148 829 ὄχλος
1182 740 1345 810 τοιούτων

196 844 391 933 εΓοργόνων
412 846 467 914 καί
490 844 661 932 Πηγάσων
683 846 738 912 καί
762 843 874 914 ἄλλων
892 844 1073 935 ἀμηχάνων
1096 847 1209 936 πλήθη
1232 875 1266 917 τε
1288 849 1344 916 καὶ

196 949 340 1020 ’ἆτοπίαι
377 950 603 1040 τερατολόγων
634 955 737 1020 τινοῖν
769 951 922 1039 φύσεων,
958 947 1011 1034 οἷς
1048 963 1081 1022 εί
1113 981 1163 1035 τις
1194 951 1387 1024 ἄπιστοῖνε·

195 1058 372 1150 ’προσβιβᾷ
400 1057 483 1127 κατὰ
510 1057 547 1126 τὸ
581 1056 669 1138 εἰκὸς
700 1059 857 1144 ἕκαστον,
889 1058 946 1129 ἅτε
973 1059 1119 1153 ἀγροίκῳ
1146 1062 1212 1130 τινί
1240 1068 1343 1152 σοφίᾳ

195 1165 394 1254 εχριόμενος,
418 1171 542 1253 πολλῆς
565 1162 653 1257 αύτῷ
678 1169 799 1252 σχολῆς
827 1165 958 1254 δεήσει’
1004 1167 1129 1256 ταύτην
1155 1167 1218 1255 τῆν
1245 1171 1344 1256 ῥῆσιν

195 1275 296 1360 ἐχρῆν
319 1269 531 1360 ύνεγνωκότα
560 1271 620 1340 τὸν
647 1271 846 1360 Χρύσιππον
874 1271 1158 1363 ύποκεχωρηκίναι
1188 1279 1256 1344 των
1283 1275 1344 1362 μύ-

195 1389 271 1449 θων
294 1379 349 1448 καὶ
372 1379 416 1468 μῆ
440 1385 650 1468 κατατρίβειν
672 1378 732 1448 τὸν
755 1379 881 1467 χρόνον
904 1380 1128 1470 ἐξηγούμενον
1151 1379 1263 1451 αὐτῶν
1286 1381 1344 1461 τὰς

197 1483 364 1568 ὑπονοίας.
410 1483 453 1555 ἂν
477 1486 540 1575 γὰρ
564 1485 649 1568 ἅπαξ
677 1490 724 1566 είς
746 1489 844 1554 τοῦτο
873 1484 1034 1576 ἀφίκηταί
1053 1516 1117 1574 τις,
1150 1485 1344 1579 ἀνάριθμον
1359 1518 1384 1556 ιο

196 1598 325 1681 πλῆθος
358 1595 486 1682 ἐπιρρεῖ
515 1593 822 1680 μυθολογημάτων,
855 1592 940 1662 ὥσθ’
980 1593 1062 1664 ὅλον
1098 1593 1251 1665 ἀπολέσει
1284 1595 1344 1664 τὸν

196 1706 284 1787 βίον,
307 1709 340 1768 εί
358 1727 408 1780 τις
432 1700 635 1787 ἐπεξέρχοιτο
658 1698 775 1767 πόντιε.
821 1698 961 1788 ἄμεινον
989 1701 1025 1770 δὲ
1059 1695 1116 1790 ῆν,
1148 1701 1257 1792 οἶμαι,
1283 1703 1344 1772 τὸν

196 1804 355 1893 ἀληθείας
378 1806 483 1887 ὄντως
501 1807 678 1894 ἐφιέμενον
702 1805 809 1894 ἄνδρα
832 1805 876 1895 μὴ
900 1813 935 1876 τί
954 1810 1111 1895 λέγουσιν
1139 1815 1175 1879 οί
1199 1818 1343 1898 ποιηταί,

196 1903 342 1995 σκοπεῖν,
366 1912 450 1982 ἀλλὰ
474 1917 542 1982 τῶν
561 1915 823 2000 ἐπιστημονικόν
845 1913 1037 2002 λημμάτων,
1060 1914 1142 2004 ὑπὲρ
1166 1908 1216 1985 ὧν
1238 1918 1275 1985 ἐν
1297 1921 1342 2008 τῷ

196 2021 338 2111 ὃεντίρρι
372 2019 537 2109 γράμματι
570 2023 730 2106 διῆλθον,
767 2019 958 2108 ἐκμαθόντα
996 2021 1058 2110 τῆν
1094 2027 1152 2111 τῆς
1183 2020 1343 2112 εὑρέσεως
1359 2053 1382 2092 15

195 2125 279 2196 ὁδὸν
303 2129 419 2215 ἐφεξῆς
445 2127 506 2215 μὲν
530 2123 676 2213 ἆσκῆσαί
694 2153 728 2194 τε
752 2128 807 2195 καί
835 2127 1072 2216 γυμνάσασθαι
1095 2128 1178 2198 κατὰ
1206 2130 1342 2217 ταύτην,

230 2303 319 2361 *ιίππ
337 2309 409 2392 spat.
432 2323 490 2361 rac.
511 2314 526 2361 6
550 2291 708 2360 litterarum
728 2325 784 2373 ρων
803 2306 892 2360 Μ.-
918 2303 1071 2394 3ἒπερρεί
1089 2305 1183 2363 M.—
1210 2305 1239 2362 ί’
1259 2303 1341 2377 ὄχλος

194 2378 290 2432 M.-
315 2385 330 2432 5
354 2372 518 2447 α’τοιτιότερα
542 2372 633 2446 λόγων
663 2376 742 2432 codd
772 2371 878 2431 edd.’'
858 2396 953 2432 ωτοπα
975 2373 1086 2448 ἀλόγων
1116 2378 1196 2434 Corn.
1225 2373 1341 2433 ύτοπίαι

194 2445 384 2518 τερατολόγων
407 2465 470 2516 nos;
494 2448 527 2504 cf.
547 2447 630 2502 Proll.
654 2465 680 2518 p.
701 2453 796 2502 ol-
825 2454 841 2501 9
865 2444 937 2502 κατὰ
961 2450 1067 2532 τρίβειν
1085 2451 1176 2504 Μ.-
1203 2450 1259 2504 τῶν
1278 2445 1340 2532 χρό-

195 2539 244 2576 νον
267 2519 366 2576 M.
397 2527 429 2576 16
453 2492 653 2591 γνμνύσασθαι
678 2519 707 2573 Μ
730 2513 894 2589 γνμνόσθαι
919 2521 943 2574 Α
972 2521 1178 2636 γνμνᾶσθαιΒ
1201 2522 1340 2591 γεγνμνᾱ·

194 2596 264 2647 σθαι
284 2591 333 2647 eh.
355 2623 387 2632 -

193 2774 284 2840 nulla
308 2773 372 2838 alia
395 2773 433 2838 de
457 2795 555 2838 eausa
577 2795 674 2856 quani
698 2772 774 2856 quia
797 2778 871 2857 post
894 2771 955 2837 hoe
979 2795 1109 2838 neeesse
1133 2774 1195 2838 erit
1217 2773 1341 2860 Hippo·

194 2881 420 2945 centaurorum
440 2883 473 2944 et
495 2879 574 2944 item
594 2877 786 2944 Chimaerae
808 2877 948 2944 formam
967 2879 1006 2943 ad
1026 2901 1161 2945 eramen
1179 2881 1339 2966 redigere:

193 2989 369 3073 influetque
389 3009 426 3052 ac
446 2989 597 3072 sequetur
612 2983 800 3070 Gorgonum
821 2989 854 3050 et
872 2986 1071 3071 Pegasorum
1090 2986 1220 3051 infinita
1239 2987 1338 3051 series

194 3095 339 3180 aliaeque
362 3094 567 3160 incredibiles
592 3115 629 3158 ac
653 3092 867 3158 miraculosae
889 3098 1039 3177 naturae,
1069 3091 1186 3176 quibus
1210 3091 1238 3156 si
1266 3093 1338 3177 quis

194 3201 289 3266 fidem
312 3203 436 3268 nullam
456 3200 610 3266 adhibeat
628 3200 769 3285 velitque
789 3199 918 3285 singula
940 3198 1217 3264 verisimilitudini
1237 3199 1339 3284 appli-

196 3331 269 3374 care
293 3310 415 3375 rustica
443 3308 583 3394 quadam
610 3306 821 3391 philosophia
844 3310 951 3389 otene,
980 3306 1009 3370 ei
1037 3307 1140 3370 multo
1165 3307 1232 3370 otio
1256 3327 1338 3390 opus

194 3415 278 3480 erit’
315 3417 462 3481 Perlecto
485 3415 548 3480 hoc
571 3415 643 3479 loco
667 3412 779 3479 debuit
803 3412 1005 3496 Chrysippus
1030 3435 1050 3476 a
1071 3412 1193 3476 fabulis
1216 3415 1338 3498 tempe·

193 3545 404 3608 roremque,
432 3521 508 3606 quid
532 3521 664 3604 vellent,
692 3519 861 3585 enodando
890 3521 1018 3603 tempus
1047 3523 1220 3585 conterere.
1267 3519 1337 3596 Quo

194 3653 267 3694 cunr
291 3631 390 3695 semel
414 3628 531 3713 aliquis
555 3626 713 3710 inciderit,
736 3627 890 3691 obruetur
908 3625 1192 3691 innumerabilium
1215 3626 1337 3692 fabula-

195 3761 266 3804 rum
290 3737 472 3821 aflluentia,
503 3740 553 3820 ut,
586 3735 641 3819 qui
670 3755 781 3800 omnes
815 3732 977 3817 explicare
1009 3733 1100 3817 velit,
1132 3733 1219 3798 vitae
1243 3756 1337 3798 omne

194 3845 338 3932 spatium
360 3845 476 3932 perdat
498 3865 629 3909 neeesse
652 3841 704 3906 sit.
749 3841 882 3906 Rectius
907 3863 982 3905 vero
1007 3863 1078 3905 meo
1103 3840 1232 3924 quidem
1255 3840 1337 3904 iudi-

193 3953 244 4018 cio
262 3953 370 4019 fuerat
388 3953 554 4019 hominem
573 3949 720 4016 veritatis
739 3969 812 4012 vere
832 3947 1014 4013 studiosum
1032 3971 1107 4031 non,
1126 3947 1202 4032 quid
1220 3949 1336 4032 poetae

193 4060 345 4144 dicerent,
368 4061 585 4142 considerare,
608 4057 663 4122 sed
691 4055 889 4122 sumtionum
913 4055 1125 4141 elegantium,
1153 4055 1192 4120 de
1219 4054 1336 4139 quibus

193 4168 389 4234 insecundo
412 4167 498 4232 libro
522 4165 666 4250 exposui,
688 4162 955 4228 inveniendarum
979 4163 1032 4228 via
1055 4185 1093 4226 ac
1115 4163 1242 4227 ratione
1265 4183 1335 4246 per-

192 4277 288 4358 cepta
310 4274 461 4359 deinceps
488 4273 523 4339 in
545 4273 606 4338 hac
630 4271 774 4336 animum
799 4271 923 4356 agitare
947 4273 979 4334 et
1002 4269 1177 4335 exercitare
1201 4289 1335 4353 cumque

193 4381 422 4447 exercitatione
451 4381 532 4446 satis
567 4378 771 4464 profecisset,
799 4381 868 4443 tum
900 4377 1028 4444 demum
1061 4377 1101 4442 ad
1133 4376 1335 4462 singularum
