3298 5136
769 388 810 396 —
861 347 1014 414 232-

322 514 429 599 ‘pevoc
451 510 525 598 περί
553 508 613 577 τὸν
635 506 777 595 θώρακα
800 503 915 586 αὐτοῖς
940 509 1009 573 τῶν
1036 503 1118 574 κατὰ
1145 502 1207 590 τὴν
1231 501 1387 572 διάνοιαν
1409 529 1471 571 πα-

323 621 410 686 ‘doiv
442 615 632 704 γινομένων
663 615 718 683 καὶ
745 612 888 702 μάλιστα
915 607 994 680 καθ’
1030 609 1071 680 ὃν
1107 610 1127 698 ἡ
1163 615 1285 698 καρδία
1320 611 1472 680 τέτακται

323 723 453 808 ετόπον,
486 717 560 790 οἷον
592 721 733 809 μάλιστα
761 720 813 788 ἐπὶ
844 723 912 788 τῶν
944 718 1063 805 φόβων
1090 719 1146 786 καὶ
1173 722 1242 787 τῶν
1269 721 1384 786 λυπῶν
1414 717 1472 786 καὶ

296 830 388 897 ved
415 834 473 915 τῆς
505 825 607 917 ὀργῆς
633 828 688 896 καί
720 827 861 915 μάλιστα
892 829 953 894 τοῦ
986 827 1122 913 θυμοΐί.
1171 823 1253 893 κατὰ
1280 825 1381 912 τήνδε
1408 823 1474 911 τὴν

257 957 313 1013 269
324 939 434 1026 ῥῆσιν,
457 940 488 1004 εί
509 937 564 1003 καὶ
587 934 693 1022 μηδὲν
718 935 722 1022 i
748 932 845 1021 ἄλλο,
871 931 908 1001 τὸ
937 936 1023 1019 γοῦν
1050 929 1177 1000 ῶσανιί
1196 931 1406 1020 προσέθηκεν
1430 929 1474 999 οὐ

324 1043 490 1132 τολμήσας
512 1040 669 1129 ἄντικρυς
691 1046 796 1108 εἰπεῖν
818 1038 1045 1107 αἰσθάνεσθαι
1072 1037 1151 1118 τοὺς
1174 1035 1377 1126 ἀνθρώπους
1403 1042 1474 1106 τῶν

324 1148 407 1218 κατὰ
429 1148 491 1236 τὴν
510 1146 667 1216 διάνοιαν
685 1150 806 1216 παθῶν
825 1148 924 1238 ἐντῷ
948 1145 1078 1232 θιόρακι
1096 1146 1298 1232 γινομένων·
1323 1142 1474 1214 ‘diocesi’

325 1256 388 1344 γὰρ
408 1261 471 1343 ἔφη
491 1253 831 1342 ’συναισθανόμενοιῖ
868 1251 1010 1341 σμικρὸν
1032 1251 1069 1319 δέ
1087 1250 1229 1339 ὕστερον
1251 1254 1306 1320 καὶ
1329 1250 1367 1320 τὸ
1386 1249 1475 1322 ὦσα·

325 1369 380 1430 νεί
399 1360 561 1451 περιελὼν
580 1357 702 1428 οὑτωσὶ
725 1358 860 1448 γράφει·
885 1357 918 1447 ’ἡ
942 1357 1006 1446 γὰρ
1024 1360 1098 1446 περὶ
1121 1358 1184 1446 τὴν
1203 1358 1359 1429 διάνοιαν
1382 1387 1475 1447 γινο·

287 1495 312 1532 ιο
325 1470 409 1557 μένη
432 1466 557 1556 ταραχὴ
585 1463 663 1535 καθ’
694 1467 833 1534 ἕκαστον
859 1465 989 1535 τούτων
1016 1469 1185 1553 αἰσθητῶς
1210 1467 1284 1553 περὶ
1316 1466 1378 1534 τὸν
1404 1466 1476 1534 θῶ-

326 1575 410 1664 ρακα’
451 1576 570 1654 ἐστιν’·
608 1570 678 1641 εἶτα
711 1574 826 1660 ἐφεξῆς
864 1576 937 1661 ’τῆς
968 1573 1029 1661 μέν
1062 1565 1126 1642 οὖν
1157 1569 1259 1660 ὀργῆς
1295 1575 1477 1660 γινομένης

327 1684 475 1750 ἐνταῦθα
503 1679 645 1766 εὔλογον
676 1681 731 1748 καὶ
758 1678 817 1760 τὰς
843 1678 961 1759 λοιπὰς
988 1681 1168 1767 ἐπιθυμίας
1195 1682 1344 1749 ἐνταῦθα
1373 1678 1475 1749 εἶναι’

326 1788 380 1856 καί
403 1787 505 1857 πάλιν
528 1788 565 1854 ἐν
582 1801 652 1866 τοῖς
671 1786 744 1873 ἑξῆς
761 1789 822 1853 τοῦ
840 1784 1095 1874 συγγράμματος
1113 1787 1179 1854 εκαὶ
1202 1785 1242 1854 τὰ
1260 1789 1329 1854 τῶν
1346 1784 1442 1874 ὀργιζ
1463 1827 1476 1838 -

327 1896 439 1982 μένων
466 1894 503 1961 δέ
526 1893 635 1980 πάθη’
658 1899 745 1980 φησί
765 1895 935 1978 ’φαίνεται
964 1894 1039 1980 περὶ
1066 1893 1126 1961 ιὸν
1149 1891 1289 1980 θώρακα
1313 1893 1476 1981 γινόμενα

288 2027 313 2068 ιι
326 2002 381 2069 καί
411 1999 451 2068 τὰ
473 2004 540 2068 τῶν
568 1999 737 2087 ἐρώντων
765 2000 819 2090 xpi
843 1997 962 2067 λοιπὸν
990 1996 1051 2068 οὐκ
1079 2005 1125 2068 ἔτι
1149 1998 1286 2067 παύεται
1310 2000 1478 2087 περὶτῶν

326 2111 448 2176 παθῶν
481 2106 716 2195 διαλεγόμενος
754 2105 798 2186 ὡς
832 2111 869 2174 ἕν
899 2131 934 2173 τε
966 2110 1010 2198 τῷ
1050 2105 1181 2194 θώρακι
1214 2107 1269 2174 καί
1306 2107 1380 2194 περὶ
1412 2107 1479 2194 τὴν

327 2219 469 2305 καρδίαν
492 2211 633 2302 μάλιστα
652 2220 874 2283 συνίστασθαι
897 2214 1121 2300 φαινομένων.
1163 2211 1245 2281 ὥστε
1269 2218 1371 2302 ἔγωγε
1389 2221 1477 2281 θαυ-

363 2454 379 2503 3
398 2448 504 2502 λοιπῶν
523 2446 580 2500 LM
599 2447 694 2500 λυπῶν
713 2447 746 2500 Δ,
768 2477 799 2486 -
820 2443 890 2515 λέγω
910 2447 975 2514 post
992 2446 1087 2499 λυπῶν
1105 2447 1184 2501 codd.
1205 2446 1280 2530 edd,
1299 2463 1350 2500 noc
1369 2445 1476 2500 delevi·

328 2537 397 2573 mus.
418 2550 449 2558 —
475 2524 490 2574 8
511 2511 680 2585 ὕστερονδὲ
700 2519 721 2571 L
746 2515 777 2571 d}
801 2511 920 2583 ὕστερον
939 2517 1005 2571 MA.
1027 2549 1056 2556 —
1088 2520 1121 2572 to*
1143 2515 1210 2579 τοὺς
1232 2521 1370 2585 θωρακας
1392 2517 1474 2572 codd.

328 2590 388 2644 edd.
408 2585 459 2643 τὸν
477 2583 599 2656 θῶρακα
618 2606 676 2642 nce.
705 2620 736 2628 —
763 2595 793 2641 11
814 2583 867 2656 γὰρ
887 2582 973 2655 ὀργῆς
995 2588 1073 2642 codd.
1094 2589 1155 2644 edd.
1180 2579 1231 2643 οὖν
1255 2582 1313 2655 icy.
1340 2603 1391 2642 noc
1410 2588 1476 2642 coll.

327 2679 355 2730 p.
374 2667 435 2714 321.
454 2660 526 2714 med.
542 2660 574 2713 Κ.
596 2691 627 2698 -
654 2666 686 2714 13
705 2654 894 2728 ὀργιζομένων
912 2656 944 2712 δέ
964 2659 1020 2712 LM
1045 2657 1077 2713 di
1097 2676 1151 2715 om.
1170 2659 1311 2723 ABchK;
1335 2659 1368 2713 cf.
1388 2658 1477 2713 Proll.

328 2751 355 2802 p.
375 2738 418 2786 34.
440 2762 472 2770 —
494 2737 526 2784 1⁶
545 2731 650 2784 λοιπῶν
669 2732 706 2786 Μ.
726 2760 759 2770 -
781 2737 812 2784 17
831 2725 913 2800 μόγις
931 2730 952 2784 L
972 2725 1091 2800 μάλιστα
1110 2732 1175 2786 ΜΔ.
1196 2762 1228 2771 -

329 2850 542 2862 η*-

328 2968 490 3035 thorace
515 2961 685 3032 affectus*
709 2966 853 3030 mentis
877 2967 1054 3031 accidere
1079 2975 1115 3033 et
1137 2970 1346 3054 praecipue
1369 2971 1409 3036 in
1434 2995 1476 3038 eo

328 3077 428 3158 loco,
452 3097 525 3159 quo
554 3074 674 3138 sitnm
698 3077 758 3137 est
780 3095 861 3156 cor,
893 3074 993 3158 quod
1016 3076 1178 3140 maxime
1206 3077 1245 3142 in
1268 3079 1477 3144 timoribus

329 3187 367 3246 et
398 3181 588 3263 luctibus,
621 3180 660 3244 in
691 3181 754 3244 ira
785 3180 1071 3266 praecipueque
1103 3183 1142 3247 in
1173 3184 1375 3250 iracundia
1402 3185 1475 3250 fit!

329 3287 401 3353 Hoc
423 3288 507 3371 loco,
530 3289 590 3352 etsi
613 3287 696 3352 nihil
716 3287 813 3369 alind,
837 3291 922 3352 certe
946 3281 1083 3370 ὡσανεί,
1106 3291 1126 3354 i.
1151 3313 1176 3356 e.
1199 3296 1367 3376 tamquam
1386 3292 1477 3357 addi-

330 3396 387 3480 dit,
407 3418 479 3460 cum
493 3417 560 3461 non
575 3419 672 3461 ausus
688 3399 773 3459 esset
787 3394 896 3477 palam
915 3397 1125 3478 pronuntiare
1141 3399 1258 3463 sentire
1277 3399 1426 3463 homines
1442 3399 1477 3464 in

330 3505 461 3586 pectore
480 3503 614 3567 affectus
638 3502 766 3566 mentis.
808 3500 922 3585 Itaque
947 3501 1125 3589 ‘tamquam
1150 3503 1338 3570 sentientes'
1361 3506 1476 3590 inquit.

329 3611 431 3677 Paulo
455 3613 532 3694 post
554 3608 639 3672 idem
662 3609 809 3672 detracto
831 3607 889 3673 illc
911 3607 1077 3674 Pal-tinulo
1099 3610 1180 3674 haec
1204 3612 1334 3677 scribit:
1367 3611 1474 3676 ‘Tur-

329 3717 437 3782 batio
461 3716 562 3780 enim
586 3715 741 3797 mentio,
768 3715 927 3799 quaein
950 3713 1011 3779 his
1036 3717 1203 3802 singulis
1233 3718 1299 3802 fit,
1326 3717 1366 3782 in
1389 3717 1474 3783 tho-

329 3845 415 3888 race
438 3822 531 3887 fieri
555 3819 749 3888 sentitur?
796 3820 971 3903 Deinceps:
1013 3821 1120 3888 ‘Cum
1144 3823 1268 3908 igitur
1291 3824 1474 3889 hocloco

328 3930 388 3994 ira
401 3932 603 4013 nascatur,
622 3932 927 3993 consentaneum
943 3932 1005 3992 est
1023 3929 1165 3995 ibidem
1179 3929 1351 4014 reliquas
1371 3930 1475 4014 cupi-

329 4036 476 4100 ditates
500 4032 604 4099 esse?
646 4034 691 4098 Et
712 4034 791 4099 item
815 4035 849 4098 in
871 4035 1020 4120 proximo
1044 4039 1203 4100 tractatus
1227 4037 1299 4102 loeo
1330 4036 1472 4120 ‘Atque

328 4143 448 4208 etiam
475 4141 728 4206 irascentium
757 4140 940 4205 offectus'
973 4143 1080 4227 inquit
1108 4143 1161 4207 ‘et
1194 4144 1407 4208 amantium
1434 4143 1473 4206 in

329 4251 487 4332 pectore
511 4246 722 4333 apparent?
769 4248 813 4312 Et
840 4248 875 4312 in
898 4249 1030 4334 reliquis
1055 4273 1181 4335 quoque
1204 4272 1270 4315 non
1293 4249 1412 4314 desinit
1434 4247 1471 4312 de

329 4355 499 4419 affectibus
524 4355 703 4439 disputare,
736 4359 903 4439 tamquam
931 4355 964 4419 in
987 4361 1118 4440 pectore
1147 4361 1179 4420 et
1208 4357 1313 4422 cordis
1342 4355 1470 4420 sedibus
