3296 5150
627 423 870 488 -337-

171 577 256 646 κατὰ
279 577 392 667 μέντοι
415 578 477 648 τὸν
494 583 553 667 τῆς
571 580 750 668 ἐπιθυμίας
773 578 872 669 ὅρον,
895 577 939 668 ἣν
961 579 1073 668 ὄρεξιν
1092 581 1217 669 ἄλοχον
1236 580 1325 651 εἶναι’

171 705 289 774 φησιν,
311 689 315 772 Ι
337 681 524 773 ἐφάπτεται
538 688 600 774 μέν
626 713 711 773 πως,
742 687 826 756 ὅσον
849 689 900 756 ἐπὶ
923 693 963 778 τῇ
986 691 1086 774 λέξει,
1113 694 1171 776 τῆς
1194 687 1387 776 άλόμονθσλ

170 793 254 862 ιὶατίι
277 791 341 881 τὴν
364 792 475 882 ψυχὴν
500 792 684 881 δυνάμεως,
708 792 878 884 άποχωρεῐ,
898 795 933 863 δὲ
957 792 1133 864 κάνταῦθα
1155 792 1237 862 κατὰ
1260 793 1323 881 τὴν

171 899 330 987 ἐξήγησιν
362 898 478 990 αὑτῆς,
512 910 579 987 elye
611 901 665 969 καὶ
700 899 719 989 ἡ
754 900 874 991 ὄρεξις,
905 899 950 991 ἣν
980 900 1063 971 κατὰ
1090 899 1152 970 τὸν
1180 898 1322 988 ὁρισμὸν

170 1009 352 1095 παράλαβε,
376 1013 433 1095 τῆς
456 1011 591 1096 λογικῆς
614 1009 681 1076 ἐστι
706 1009 888 1098 δυνάμεως.
934 1008 1074 1100 ὁρίζεται
1102 1011 1187 1095 γοῦν
1215 1003 1348 1093 αύτὴνι

170 1113 282 1203 ὁρμὴν
309 1115 450 1203 λογικὴν
473 1117 528 1184 ἐπί
552 1143 600 1202 τι,
629 1113 712 1184 ὅσον
734 1116 814 1205 χρή,
837 1109 931 1205 ἦδον.
981 1120 1018 1186 ἐν
1040 1116 1103 1205 μὲν
1126 1113 1167 1201 δὴ
1191 1112 1322 1192 τούτοις

169 1236 242 1301 τοῖς
271 1221 363 1308 ὅροις
390 1219 495 1311 ὁρμὰς
521 1222 576 1293 καὶ
606 1222 705 1303 δόξας
732 1225 786 1293 καὶ
819 1231 942 1311 κρίσεις
965 1221 1126 1311 ὑπάρχειν
1150 1229 1251 1289 οἴεται
1280 1217 1320 1290 τὰ

169 1328 283 1415 πάθη,
320 1326 401 1396 κατά
440 1329 480 1397 δέ
507 1357 602 1409 τινας
632 1333 701 1398 τῶν
738 1332 854 1419 ἐφεξῆς
882 1329 1065 1422 Ἐπικούρῳ
1097 1329 1152 1397 καὶ
1186 1326 1320 1413 Ζήνωνι

169 1439 301 1524 μᾶλλον
329 1431 349 1523 ἢ
377 1450 447 1515 τοῖς
475 1435 595 1504 ἑαυτοῦ
628 1435 794 1523 δόγμασιν
820 1435 994 1508 ἀκόλουθα
1022 1435 1152 1525 γράφει.
1197 1433 1260 1520 τήν
1286 1459 1322 1502 τε

169 1544 236 1632 γάρ
259 1541 370 1630 λύπην
393 1540 584 1631 ὁριζόμενος
611 1550 750 1630 μείωσιν
779 1541 869 1613 εἶναί
893 1566 998 1632 φησιν
1027 1543 1078 1612 ἐπὶ
1107 1545 1236 1634 prorupi
1266 1545 1320 1609 δο-
1336 1570 1362 1608 ιο
1439 1569 1445 1582 ·

171 1654 290 1719 κοῦντι
314 1647 476 1738 ὑπάρχειν
494 1649 556 1736 τήν
574 1647 610 1717 θ’
636 1647 766 1739 ἡδονὴν
790 1657 930 1741 ἔπαρσιν
948 1648 1001 1739 ἐφ’
1023 1653 1140 1741 αὑρετῷ
1162 1651 1320 1718 δοκοῦντι

170 1755 343 1846 ὑπάρχειν.
388 1756 442 1824 καὶ
461 1754 525 1844 γάρ
545 1761 583 1824 αδ
597 1756 748 1844 μειιόσεις
770 1759 825 1827 καὶ
845 1763 882 1827 af
903 1758 1054 1847 ἐπάρσεις
1072 1757 1126 1825 καὶ
1146 1759 1184 1825 αὑ
1204 1775 1321 1824 συστο-

170 1866 226 1932 λαδ
250 1865 305 1932 καὶ
329 1867 367 1933 αἱ
387 1862 570 1950 διαχύσεις,
599 1863 654 1932 καὶ
682 1865 746 1955 γὰρ
769 1865 899 1936 τούτων
929 1867 1034 1934 ἐνίοτε
1057 1865 1235 1951 μέμνηται,
1263 1865 1322 1950 τῆς

126 2019 129 2026 ·
170 1967 299 2057 άλόχον
332 1968 507 2057 δυνάμεως
536 1972 604 2038 ἐστι
637 1970 817 2061 παθήματα
848 1987 920 2052 ταῖς
953 1971 1066 2053 δόξαις
1097 1969 1321 2057 ἐπιγινόμενα.

170 2076 331 2165 τοιαύτην
365 2078 406 2145 δέ
433 2105 510 2146 τινα
540 2077 604 2166 τὴν
637 2074 757 2148 οὑσίαν
789 2085 857 2149 τῶν
888 2083 1010 2148 παθῶν
1040 2076 1233 2166 Ἐπίκουρος
1264 2077 1319 2145 καὶ
1336 2104 1360 2144 ιι

171 2183 305 2271 Ζήνων,
329 2182 390 2252 οὑκ
414 2182 514 2265 αὑτὸς
537 2183 774 2273 ὑπολαμβάνει.
819 2183 838 2255 ὑ
866 2187 921 2254 καὶ
943 2184 1129 2272 θαυμάζειν
1153 2185 1324 2273 ἐπέρχεταί

175 2349 305 2359 ....,.—..-.
316 2351 385 2357 ——...

214 2445 222 2490 ι
248 2429 380 2522 §tofto
409 2436 444 2490 n
476 2467 507 2476 —·
536 2441 552 2488 δ
582 2429 613 2489 ἐν
636 2433 732 2521 μεήτοι
754 2433 796 2524 ‚cip
822 2439 900 2494 codd.
921 2437 983 2492 edd.
1009 2432 1040 2524 {v
1064 2435 1117 2507 ple
1142 2432 1177 2504 δὴ
1202 2451 1265 2522 ops,
1285 2465 1320 2473 —

171 2509 314 2632 χαιτηνδ
346 2509 455 2576 ηδονην
474 2507 552 2561 codd.
573 2507 632 2562 edd,
653 2511 747 2576 τηνδ
782 2530 808 2578 η.
829 2527 934 2565 uos.-
959 2516 990 2563 14
1009 2509 1125 2576 αλοχιάς
1143 2523 1195 2578 pro
1214 2510 1320 2575 αλοχον

171 2837 283 2896 tamen
306 2831 502 2915 definitione,
526 2855 623 2916 quam
643 2835 877 2918 appetitionem
901 2835 1038 2900 rationis
1062 2837 1226 2917 expertem
1250 2853 1320 2896 esse

173 2939 231 3024 ait,
255 2938 389 3024 attingit
412 2938 551 3023 quidem,
574 2943 731 3024 quantum
756 2941 796 3004 ad
820 2943 1013 3008 vocabulum
1033 2941 1160 3022 attinet,
1184 2939 1319 3004 rationis

173 3049 337 3131 expertem
358 3046 486 3110 animae
509 3045 710 3131 facultatem,
734 3048 790 3112 sed
813 3049 866 3114 hic
889 3070 1015 3134 quoque
1039 3047 1073 3111 in
1092 3046 1319 3131 explanatione

170 3154 240 3217 eius
270 3152 434 3236 dissentit,
466 3153 585 3238 quippe
609 3175 682 3218 cum
706 3155 880 3240 appetitio,
913 3174 1010 3238 quam
1033 3153 1067 3217 in
1100 3151 1319 3218 definitionem

173 3260 337 3342 assumsit,
360 3260 531 3324 rationalis
556 3261 600 3324 sit
621 3261 797 3326 facultatis.
842 3260 895 3326 Ita
913 3261 999 3324 enim
1023 3259 1149 3325 definit:
1172 3260 1319 3325 volunta·

170 3371 236 3432 tem
261 3388 334 3431 cum
363 3368 489 3432 ratione
516 3367 691 3433 iucundum
716 3368 853 3452 aliquid,
882 3371 1041 3453 quatenus
1065 3366 1169 3450 decet,
1197 3365 1319 3432 deside·

171 3478 305 3540 rentem.
366 3474 472 3560 Atque
507 3475 541 3540 in
578 3475 630 3540 his
667 3475 795 3561 quidem
833 3473 1036 3557 tuitionibus
1069 3472 1254 3540 voluntates
1279 3477 1321 3567 ,et

173 3581 344 3666 opiniones
368 3585 401 3646 et
431 3581 550 3646 iudicia
574 3603 644 3646 esse
668 3583 802 3647 affectus
826 3585 935 3666 putat,
962 3581 997 3646 in
1020 3581 1093 3646 aliis
1113 3581 1320 3666 quibusdam,

171 3710 252 3773 quae
276 3693 463 3773 sequuntur,
487 3689 629 3773 Epicuro
649 3689 754 3772 magis
778 3691 812 3753 et
830 3687 951 3753 Zenoni
975 3711 1071 3774 quam
1091 3688 1158 3752 suis
1181 3687 1319 3752 decretis

173 3799 390 3860 consentanea
423 3795 538 3860 scribit
568 3795 805 3882 aegritudinem
836 3795 992 3860 definiens
1020 3795 1249 3860 demissionem
1277 3795 1319 3860 ob
1410 3811 1419 3828 ·

170 3901 216 3986 iu,
249 3903 334 3986 quod
362 3903 551 3988 fugiendum
584 3903 723 3985 videtur,
757 3905 789 3965 et
815 3901 976 3966 laetitiam
1005 3903 1179 3968 elationem
1212 3903 1254 3968 ob
1278 3902 1319 3984 id,

170 4009 256 4092 quod
281 4010 407 4074 videtur
434 4010 656 4094 expetendum.
702 4008 788 4074 Nam
813 4013 845 4072 et
872 4008 1083 4074 demissiones
1107 4013 1139 4072 et
1163 4009 1319 4074 elationes

172 4120 204 4180 et
227 4118 466 4183 contractiones
490 4119 523 4180 et
545 4116 733 4182 diffusiones
761 4112 852 4202 (nam
876 4115 991 4180 ethes
1016 4114 1177 4181 interdum
1201 4137 1320 4178 memo-

171 4221 235 4309 rat)
259 4223 428 4288 facultatis
453 4223 590 4289 rationis
610 4224 751 4308 expertis
770 4225 958 4289 affectiones
983 4228 1067 4308 sunt,
1090 4245 1172 4309 quae
1196 4223 1319 4306 opinio-

169 4351 226 4395 nes
260 4335 509 4416 eonsequuntur.
565 4332 609 4396 nt
648 4331 747 4396 talem
786 4331 959 4396 affectuum
997 4330 1216 4396 substantiam
1249 4351 1319 4393 esse

170 4436 330 4522 Epicurus
355 4441 388 4503 et
412 4437 508 4522 Zeno,
531 4461 594 4504 non
620 4439 689 4522 ipse
714 4436 919 4524 Chrysippus
944 4439 1105 4524 opinatur.
1152 4437 1319 4522 Quaprop-

225 4553 305 4592 Guleni
320 4554 347 4593 de
365 4553 424 4594 Piso.
441 4553 496 4594 uror.
511 4557 532 4592 et
548 4555 655 4602 Hippoer.
670 4553 730 4594 libri.
1071 4549 1104 4596 :22
