3088 5134
779 411 1023 478 -640-

326 567 399 657 ἤτοι
422 571 497 657 περὶ
525 568 586 637 τὸν
612 565 751 656 ἥλιονῆ
779 568 842 656 τὴν
870 568 1016 657 σελήνην
1044 571 1138 638 οἵτε
1169 567 1325 658 άνθηλιοι
1352 571 1396 638 καλ
1422 576 1450 638 οί

326 677 482 765 παρήλιοι
514 675 715 762 καλούμενοι
747 674 787 743 τά
823 703 858 743 τε
896 674 952 744 διὰ
984 679 1052 744 τῶν
1088 676 1283 764 κατόπτρων
1317 675 1447 764 ὁρώμενα

327 784 555 872 διερχόμενος,
587 787 634 861 είς
663 779 848 854 ἀνάκλασιν
880 781 988 864 ὄψεως
1020 779 1180 870 ἀναφέρει
1213 782 1334 867 πάντα,
1361 785 1449 871 μηδὲν
1499 847 1507 868 ,

327 891 501 978 διαφέρειν
523 892 630 975 λέγων
655 883 675 974 ἢ
698 887 760 972 τίν
779 886 860 968 ὅφιν
878 883 1089 956 ἀνακλᾶσθαι
1113 897 1260 976 νομίζειν
1283 888 1302 977 ἢ
1324 890 1378 970 τὰς
1396 889 1447 958 ἀπὸ

299 1002 393 1067 ὁτῶν
412 995 594 1086 ὁρωμένων
613 993 807 1074 ἀλλοιώσεις
828 999 890 1063 τοῦ
908 998 1119 1083 περιέχοντος
1137 993 1222 1084 ἡμᾶς
1245 993 1340 1084 ἀέρος
1356 995 1449 1084 ὁμοιό·

325 1132 427 1173 τατον
449 1103 531 1171 κατά
554 1129 591 1189 γε
614 1105 713 1170 τοῦτο
738 1100 957 1187 σοφιζόμενος
976 1099 1198 1190 Ἀσκληπιάδῃ
1221 1105 1266 1192 τῷ
1293 1108 1348 1188 τῆς
1368 1099 1450 1188 ilaris

327 1209 400 1279 ἀντὶ
424 1215 485 1279 τοῦ
507 1213 565 1296 τῆς
587 1213 694 1295 φοράς
717 1205 855 1294 ὀνόματι
879 1206 1049 1297 χρωμένω
1074 1208 1111 1276 τὸ
1135 1207 1199 1295 γάρ
1222 1206 1386 1278 ἀπίθανον
1404 1215 1450 1296 της

326 1323 435 1406 φοράς
456 1315 658 1403 ὑπιδόμενος
681 1313 879 1402 ἐπετόλμησε
902 1317 942 1403 τῇ
965 1315 1139 1401 μεταθέσει
1163 1319 1222 1401 τῆς
1239 1323 1451 1404 προσηγορίας.

328 1424 434 1505 οὕτως
462 1417 525 1492 οὖν
552 1423 606 1490 καὶ
634 1419 913 1510 δἰίριστοτέλης,
941 1421 1053 1508 ἐπειδὴ
1083 1425 1200 1508 σαφῶς
1228 1419 1380 1509 ἠπίστατο
1405 1423 1452 1502 τάς

289 1555 314 1593 1⁰
327 1533 409 1601 κατὰ
433 1532 532 1619 μέρος
555 1527 744 1607 ἀπιθάνους
767 1529 856 1616 ἐρεῖν
880 1524 1015 1606 όπτιιιδις
1034 1533 1151 1609 αίτιάς,
1175 1533 1207 1594 εί
1228 1531 1382 1614 φυλάττοι
1403 1537 1452 1616 τἠι·

328 1641 450 1708 ἑαυτοῦ
482 1637 600 1720 δόξαν,
628 1636 680 1702 ἐπὶ
706 1634 770 1721 τὴν
797 1632 976 1722 ἀλλοτρίαν
1002 1631 1138 1721 ἀφίκετο
1166 1634 1274 1721 μηδὲν
1301 1641 1452 1722 διαφέρειν

328 1749 451 1834 λέγων,
483 1742 648 1828 ὁποτέρως
680 1738 723 1810 ἀν
755 1740 930 1830 ε’ρμηνεάη.
984 1747 1092 1810 καίτοι
1126 1741 1318 1810 δικαιότατα
1348 1742 1388 1811 ἄν
1413 1771 1452 1820 τις

329 1863 414 1921 είποι
434 1851 516 1939 πρὸς
534 1847 650 1919 αὐτόν·
674 1852 717 1916 ‘a’
733 1848 839 1936 μηδὲν
858 1848 1008 1934 διαφέρει
1029 1850 1138 1935 λέγειν
1157 1846 1264 1927 οὕτως
1286 1845 1306 1936 ἢ
1329 1851 1452 1928 ἐκείνως.
1524 1893 1525 1936 η

262 1979 318 2048 641
328 1967 363 2028 τί
387 1958 576 2026 καταλιπὼν
604 1958 666 2044 τὴν
693 1953 804 2042 ἀληθῆ
827 1981 861 2022 τε
886 1955 891 2043 1
916 1955 970 2022 καλ
1000 1953 1064 2041 σὴν
1093 1953 1196 2036 δόξαν
1224 1951 1377 2046 ἀλλοτρίᾳ
1400 1961 1449 2042 χρῇ

290 2089 314 2130 ιο
330 2072 458 2154 ψευδεῐ;
487 2069 534 2144 είς
556 2062 619 2152 γάρ
647 2059 848 2131 τούναντίον
875 2082 928 2129 σοι
957 2061 1229 2148 περιτραπησεται
1259 2061 1296 2130 τὸ
1324 2063 1451 2150 σόφισμα

364 2272 380 2318 2
403 2260 532 2332 προήλιοι
555 2261 634 2315 codd.
654 2260 716 2314 edd.
741 2253 870 2327 παρήλιοι
896 2274 954 2311 nos.
977 2288 1013 2296 -
1036 2264 1051 2312 3
1075 2252 1231 2342 άνάκλησμν
1251 2259 1286 2312 M.
1311 2289 1342 2298 -
1359 2260 1450 2382 μηδενὶ

328 2337 415 2422 ροδδρ
428 2335 491 2390 edd.
517 2331 606 2403 μηδὲν
629 2350 687 2386 nos.
711 2361 744 2370 —-
769 2335 783 2384 7
804 2329 854 2384 τοῦ
873 2345 928 2382 om.
946 2328 983 2413 M.
1008 2361 1040 2367 —
1066 2331 1289 2451 βαιμειδομμκος
1308 2330 1359 2412 οοδ
1378 2373 1382 2384 .
1399 2329 1451 2382 edd.

328 2409 503 2492 οπιδομενος
522 2421 586 2468 αοας
601 2403 645 2514 ὀί.
665 2402 749 2526 Ρτοὲλ.
772 2419 802 2491 μ.
822 2406 863 2456 80.
889 2419 979 2524 “dria
996 2399 1345 2532 ei‘lrmzlllileeinllnwl
1354 2403 1450 2525 κημδμ

328 2498 469 2604 inglutierit:
489 2473 583 2603 Mllh—
607 2541 644 2598 aiv
663 2479 708 2606 ills
732 2488 1013 2610 δόάὸιτάὁὸςῦοαόὸόν
1037 2513 1064 2596 M
1088 2545 1162 2597 είποι
1187 2561 1232 2610 πρ.
1258 2513 1343 2596 αάτὸτ
1363 2538 1396 2596 άν
1418 2561 1451 2602 τις

327 2619 466 2674 AsschK.
486 2651 517 2659 -
540 2624 573 2672 14
591 2613 740 2684 ἀλλοτρίαν
759 2617 792 2668 A.
813 2645 844 2654 -
866 2621 898 2668 lt
917 2613 1012 2683 ψευδῆ
1032 2618 1064 2668 Α.
1084 2645 1117 2656 -

328 2753 458 2760 .---.-
480 2749 539 2756 ——

328 2825 491 2886 carentem
515 2817 634 2901 ubique
661 2818 853 2898 praetereat.
898 2812 984 2877 Nam
1011 2835 1083 2878 eura
1113 2813 1260 2896 disserit,
1285 2835 1345 2898 quo
1370 2810 1450 2876 melu

328 2931 386 2993 iris
410 2928 579 3008 efficiatur,
602 2946 665 3008 quo
684 2922 781 2986 ruodo
803 2920 883 2984 item
903 2941 1023 2984 corana
1042 2921 1121 2985 solis
1146 2921 1196 2985 vel
1216 2921 1311 2984 lunae
1333 2925 1363 2982 et
1379 2917 1448 2981 sales

329 3035 496 3120 geminati,
519 3054 600 3117 quae
624 3031 673 3094 vel
698 3027 842 3092 antlrelia
865 3027 917 3090 vel
944 3026 1068 3110 parelia
1092 3026 1275 3110 appellant,
1302 3031 1366 3090 tum
1386 3047 1445 3108 quu-
1523 3055 1524 3060 κ

329 3142 424 3207 modo
448 3163 506 3226 per
533 3139 663 3222 specula
692 3137 780 3200 visus
807 3157 913 3198 rerum
942 3135 1013 3216 liat,
1041 3133 1152 3198 omnia
1180 3133 1219 3198 ad
1250 3151 1445 3218 repercussum
1523 3135 1524 3150 ¹

328 3251 417 3315 visus
446 3248 559 3330 refert,
587 3245 669 3309 nihil
696 3245 852 3308 interesse
881 3243 1003 3324 dicens,
1031 3245 1139 3304 utrum
1168 3240 1274 3306 visani
1298 3241 1394 3324 ipsum
1414 3258 1444 3298 an

330 3357 412 3422 atris
436 3353 611 3420 ambientis
631 3373 648 3414 e
667 3351 773 3433 rebus,
795 3371 876 3435 quae
895 3351 1077 3430 cernuntur,
1101 3347 1341 3412 immutationes
1362 3363 1445 3428 repu-

330 3463 395 3527 euti
420 3460 652 3543 existimemus,
675 3480 739 3542 qua
757 3457 885 3540 quidem
904 3456 937 3520 in
961 3477 995 3520 re
1014 3455 1166 3520 similiter
1184 3455 1387 3519 cavillatura
1418 3471 1446 3509 ιιι

329 3567 552 3650 Asclepiades,
584 3565 638 3650 qui
672 3562 877 3628 attractionis
905 3561 1063 3628 voeabula
1091 3583 1150 3644 pro
1179 3582 1217 3624 οο
1246 3565 1444 3642 motu,qne1u

330 3671 442 3760 φοράν
465 3673 641 3758 appellant,
663 3672 825 3753 utebatur,
848 3669 967 3754 qnippe
990 3668 1056 3752 qui,
1077 3689 1174 3752 quarn
1193 3665 1276 3732 nihil
1295 3661 1443 3750 probabili·

329 3784 408 3848 tatis
423 3784 458 3847 in
468 3803 505 3846 οο
521 3785 611 3844 motu
626 3780 756 3862 inesset,
771 3778 952 3860 suspicatus
969 3779 1094 3838 mutare
1105 3773 1353 3858 appellationem
1368 3767 1444 3835 liden-

330 3893 379 3953 ter
404 3909 501 3954 aursus
520 3891 578 3951 est.
616 3885 669 3951 Sic
690 3883 882 3948 Aristoteles
901 3903 1038 3965 quoqne,
1060 3881 1214 3964 qnoniam
1234 3885 1319 3946 certa
1336 3875 1446 3942 seietst

330 3996 357 4060 si
382 4019 475 4060 suam
499 3999 642 4059 servaret
665 3991 868 4072 sententiam,
892 4009 925 4052 se
943 4010 1008 4054 non
1028 3986 1222 4052 verisimiles
1244 3985 1372 4052 visionis
1388 4003 1444 4046 esre

331 4127 383 4166 sas
417 4103 598 4187 singulares
631 4100 819 4181 allaturum,
855 4095 896 4160 ad
932 4095 1072 4160 alienam
1105 4115 1139 4156 se
1176 4093 1353 4173 transtulit,
1380 4085 1443 4154 nihil

330 4212 486 4274 interesse
510 4209 686 4290 affirmans,
709 4209 783 4270 utro
807 4205 903 4269 modo
928 4201 1198 4287 interpretareris.
1240 4201 1336 4277 Quem
1358 4193 1443 4260 iustis·

331 4318 411 4382 sirne
445 4317 492 4381 ita
524 4315 641 4398 aliquis
675 4335 809 4398 arguere
837 4309 955 4395 possit:
1002 4307 1054 4372 ‘Si
1081 4307 1164 4374 nihil
1197 4309 1308 4388 refert,
1336 4305 1390 4368 hor
1412 4319 1442 4362 νο

330 4425 387 4488 illu
412 4425 507 4488 rnoelu
531 4423 671 4506 (fleatur,
694 4419 771 4504 qnid
799 4422 835 4482 tu
863 4419 977 4481 relicta
1000 4421 1056 4480 tna
1085 4437 1161 4480 vera
1184 4415 1333 4500 opinione
1358 4409 1442 4474 aliene
