<?xml version="1.0" encoding="UTF-8"?>
<!DOCTYPE html PUBLIC "-//W3C//DTD XHTML 1.0 Transitional//EN"
    "http://www.w3.org/TR/xhtml1/DTD/xhtml1-transitional.dtd">
<html xmlns="http://www.w3.org/1999/xhtml" xml:lang="en" lang="en">
 <head>
  <title>
</title>
<meta http-equiv="Content-Type" content="text/html;charset=utf-8" />
  <meta name='ocr-system' content='tesseract 3.04.00' />
  <meta name='ocr-capabilities' content='ocr_page ocr_carea ocr_par ocr_line ocrx_word'/>
</head>
<body>
  <div class='ocr_page' id='page_1' title='image "./claudiigalenide02mlgoog/claudiigalenide02mlgoog_0710.png"; bbox 0 0 3444 5140; ppageno 0'>
   <div class='ocr_carea' id='block_1_1' title="bbox 663 427 908 494">
    <p class='ocr_par' dir='ltr' id='par_1_1' title="bbox 663 427 908 494">
     <span class='ocr_line' id='line_1_1' title="bbox 663 427 908 494; baseline -0.008 0"><span class='ocrx_word' id='word_1_1' title='bbox 663 427 908 494; x_wconf 82' lang='lat'><strong>-693-</strong></span> 
     </span>
    </p>
   </div>
   <div class='ocr_carea' id='block_1_2' title="bbox 202 581 1420 2168">
    <p class='ocr_par' dir='ltr' id='par_1_2' title="bbox 204 581 1355 890">
     <span class='ocr_line' id='line_1_2' title="bbox 206 581 1355 672; baseline 0.001 -19"><span class='ocrx_word' id='word_1_2' title='bbox 206 585 311 667; x_wconf 80' lang='grc' dir='ltr'><strong><em>δόξαν</em></strong></span> <span class='ocrx_word' id='word_1_3' title='bbox 328 587 397 653; x_wconf 75' lang='grc' dir='ltr'><strong>τῶν</strong></span> <span class='ocrx_word' id='word_1_4' title='bbox 420 583 527 663; x_wconf 83' lang='grc' dir='ltr'><strong><em>οὕτως</em></strong></span> <span class='ocrx_word' id='word_1_5' title='bbox 549 581 869 672; x_wconf 74' lang='grc' dir='ltr'><strong><em>ὑπολαμβανόντων,</em></strong></span> <span class='ocrx_word' id='word_1_6' title='bbox 892 582 976 670; x_wconf 80' lang='grc' dir='ltr'><strong><em>ἅπερ</em></strong></span> <span class='ocrx_word' id='word_1_7' title='bbox 999 593 1100 665; x_wconf 75' lang='grc' dir='ltr'><strong><em>εἴτις</em></strong></span> <span class='ocrx_word' id='word_1_8' title='bbox 1118 586 1228 672; x_wconf 79' lang='grc' dir='ltr'><strong><em>μέλλει</em></strong></span> <span class='ocrx_word' id='word_1_9' title='bbox 1246 585 1355 654; x_wconf 78' lang='grc' dir='ltr'><strong><em>πάντα</em></strong></span> 
     </span>
     <span class='ocr_line' id='line_1_3' title="bbox 204 688 1355 780; baseline 0 -20"><span class='ocrx_word' id='word_1_10' title='bbox 204 689 460 778; x_wconf 69' lang='grc' dir='ltr'><strong><em>ἀναγινώσκειν,</em></strong></span> <span class='ocrx_word' id='word_1_11' title='bbox 481 694 516 760; x_wconf 80' lang='grc' dir='ltr'><strong>ἐκ</strong></span> <span class='ocrx_word' id='word_1_12' title='bbox 534 695 595 760; x_wconf 82' lang='grc' dir='ltr'><strong>τοῦ</strong></span> <span class='ocrx_word' id='word_1_13' title='bbox 608 692 681 780; x_wconf 84' lang='grc' dir='ltr'><strong><em>περὶ</em></strong></span> <span class='ocrx_word' id='word_1_14' title='bbox 701 690 822 778; x_wconf 86' lang='grc' dir='ltr'><strong><em>φύσιος</em></strong></span> <span class='ocrx_word' id='word_1_15' title='bbox 840 688 1024 778; x_wconf 77' lang='grc' dir='ltr'><strong><em>ἀνθρώπου</em></strong></span> <span class='ocrx_word' id='word_1_16' title='bbox 1043 695 1176 777; x_wconf 82' lang='grc' dir='ltr'><strong><em>βιβλίου</em></strong></span> <span class='ocrx_word' id='word_1_17' title='bbox 1194 691 1355 780; x_wconf 84' lang='grc' dir='ltr'><strong><em>πάρεστιν</em></strong></span> 
     </span>
     <span class='ocr_line' id='line_1_4' title="bbox 205 793 1267 890; baseline 0 -23"><span class='ocrx_word' id='word_1_18' title='bbox 205 796 307 890; x_wconf 77' lang='grc' dir='ltr'><strong><em>αὐτῷ’</em></strong></span> <span class='ocrx_word' id='word_1_19' title='bbox 340 797 376 866; x_wconf 89' lang='grc' dir='ltr'><strong>τὸ</strong></span> <span class='ocrx_word' id='word_1_20' title='bbox 402 798 465 888; x_wconf 83' lang='grc' dir='ltr'><strong>γὰρ</strong></span> <span class='ocrx_word' id='word_1_21' title='bbox 489 797 688 886; x_wconf 83' lang='grc' dir='ltr'><strong><em>σύγγραμμα</em></strong></span> <span class='ocrx_word' id='word_1_22' title='bbox 711 796 800 885; x_wconf 81' lang='grc' dir='ltr'><strong><em>παρὰ</em></strong></span> <span class='ocrx_word' id='word_1_23' title='bbox 823 801 924 865; x_wconf 80' lang='grc' dir='ltr'><strong><em>πᾶσιν</em></strong></span> <span class='ocrx_word' id='word_1_24' title='bbox 947 793 1142 884; x_wconf 74' lang='grc' dir='ltr'><strong><em>ἀνθρώποις</em></strong></span> <span class='ocrx_word' id='word_1_25' title='bbox 1165 800 1267 888; x_wconf 66' lang='lat' dir='ltr'><strong>tort(</strong></span> 
     </span>
    </p>

    <p class='ocr_par' dir='ltr' id='par_1_3' title="bbox 202 903 1420 2168">
     <span class='ocr_line' id='line_1_5' title="bbox 290 903 1420 998; baseline 0.001 -26"><span class='ocrx_word' id='word_1_26' title='bbox 290 903 372 991; x_wconf 78' lang='grc' dir='ltr'><strong>Ἐγώ</strong></span> <span class='ocrx_word' id='word_1_27' title='bbox 398 905 434 973; x_wconf 78' lang='lat' dir='ltr'><strong>dt</strong></span> <span class='ocrx_word' id='word_1_28' title='bbox 457 904 584 992; x_wconf 80' lang='grc' dir='ltr'><strong><em>μήκους</em></strong></span> <span class='ocrx_word' id='word_1_29' title='bbox 607 904 807 992; x_wconf 79' lang='grc' dir='ltr'><strong><em>φειδόμενος</em></strong></span> <span class='ocrx_word' id='word_1_30' title='bbox 831 904 882 971; x_wconf 70' lang='lat' dir='ltr'><strong>ert</strong></span> <span class='ocrx_word' id='word_1_31' title='bbox 905 903 945 972; x_wconf 79' lang='grc' dir='ltr'><strong>τὰ</strong></span> <span class='ocrx_word' id='word_1_32' title='bbox 965 909 1087 992; x_wconf 81' lang='grc' dir='ltr'><strong><em>συνεχῆ</em></strong></span> <span class='ocrx_word' id='word_1_33' title='bbox 1105 909 1150 998; x_wconf 77' lang='grc' dir='ltr'><strong>τῷ</strong></span> <span class='ocrx_word' id='word_1_34' title='bbox 1170 904 1258 998; x_wconf 79' lang='grc' dir='ltr'><strong><em>λόγῳ</em></strong></span> <span class='ocrx_word' id='word_1_35' title='bbox 1281 907 1420 992; x_wconf 75' lang='grc' dir='ltr'><strong><em>πρέ-689</em></strong></span> 
     </span>
     <span class='ocr_line' id='line_1_6' title="bbox 204 1009 1380 1100; baseline -0.001 -19"><span class='ocrx_word' id='word_1_36' title='bbox 204 1027 318 1100; x_wconf 75' lang='grc' dir='ltr'><strong><em>φομαι,</em></strong></span> <span class='ocrx_word' id='word_1_37' title='bbox 350 1017 430 1099; x_wconf 79' lang='grc' dir='ltr'><strong><em>μετὰ</em></strong></span> <span class='ocrx_word' id='word_1_38' title='bbox 450 1012 514 1099; x_wconf 78' lang='grc' dir='ltr'><strong>γὰρ</strong></span> <span class='ocrx_word' id='word_1_39' title='bbox 537 1011 574 1080; x_wconf 87' lang='grc' dir='ltr'><strong>τὸ</strong></span> <span class='ocrx_word' id='word_1_40' title='bbox 595 1009 836 1080; x_wconf 83' lang='grc' dir='ltr'><strong><em>κατασκευάσαι</em></strong></span> <span class='ocrx_word' id='word_1_41' title='bbox 860 1009 939 1090; x_wconf 79' lang='grc' dir='ltr'><strong><em>τοὺς</em></strong></span> <span class='ocrx_word' id='word_1_42' title='bbox 956 1011 1111 1100; x_wconf 77' lang='grc' dir='ltr'><strong><em>τέτταρας</em></strong></span> <span class='ocrx_word' id='word_1_43' title='bbox 1130 1010 1255 1098; x_wconf 80' lang='grc' dir='ltr'><strong><em>χυμοὺς</em></strong></span> <span class='ocrx_word' id='word_1_44' title='bbox 1273 1009 1380 1099; x_wconf 70' lang='grc' dir='ltr'><strong><em>ἡμϊνῡ</em></strong></span> 
     </span>
     <span class='ocr_line' id='line_1_7' title="bbox 204 1114 1354 1206; baseline 0 -20"><span class='ocrx_word' id='word_1_45' title='bbox 204 1117 290 1187; x_wconf 84' lang='grc' dir='ltr'><strong><em>εἶναι</em></strong></span> <span class='ocrx_word' id='word_1_46' title='bbox 314 1117 396 1186; x_wconf 82' lang='grc' dir='ltr'><strong><em>κατὰ</em></strong></span> <span class='ocrx_word' id='word_1_47' title='bbox 420 1117 537 1205; x_wconf 84' lang='grc' dir='ltr'><strong><em>φύσιν,</em></strong></span> <span class='ocrx_word' id='word_1_48' title='bbox 565 1115 835 1206; x_wconf 79' lang='grc' dir='ltr'><strong><em>ὑπερβάλλοντας</em></strong></span> <span class='ocrx_word' id='word_1_49' title='bbox 858 1117 894 1184; x_wconf 80' lang='grc' dir='ltr'><strong>δὲ</strong></span> <span class='ocrx_word' id='word_1_50' title='bbox 917 1114 1074 1204; x_wconf 82' lang='grc' dir='ltr'><strong><em>ποσότητι</em></strong></span> <span class='ocrx_word' id='word_1_51' title='bbox 1097 1119 1152 1185; x_wconf 79' lang='grc' dir='ltr'><strong>καὶ</strong></span> <span class='ocrx_word' id='word_1_52' title='bbox 1175 1114 1354 1206; x_wconf 82' lang='grc' dir='ltr'><strong><em>ἠλλοιωμέ-</em></strong></span> 
     </span>
     <span class='ocr_line' id='line_1_8' title="bbox 204 1221 1354 1312; baseline -0.002 -18"><span class='ocrx_word' id='word_1_53' title='bbox 204 1253 284 1305; x_wconf 88' lang='grc' dir='ltr'><strong><em>νους</em></strong></span> <span class='ocrx_word' id='word_1_54' title='bbox 306 1225 388 1294; x_wconf 81' lang='grc' dir='ltr'><strong><em>κατὰ</em></strong></span> <span class='ocrx_word' id='word_1_55' title='bbox 415 1223 574 1312; x_wconf 83' lang='grc' dir='ltr'><strong><em>ποιότητα</em></strong></span> <span class='ocrx_word' id='word_1_56' title='bbox 600 1224 712 1292; x_wconf 85' lang='grc' dir='ltr'><strong><em>νόσων</em></strong></span> <span class='ocrx_word' id='word_1_57' title='bbox 730 1229 858 1303; x_wconf 76' lang='grc' dir='ltr'><strong><em>αἰτίους</em></strong></span> <span class='ocrx_word' id='word_1_58' title='bbox 880 1230 1046 1310; x_wconf 85' lang='grc' dir='ltr'><strong><em>γίνεσθαι,</em></strong></span> <span class='ocrx_word' id='word_1_59' title='bbox 1065 1221 1145 1309; x_wconf 77' lang='grc' dir='ltr'><strong><em>μετὰ</em></strong></span> <span class='ocrx_word' id='word_1_60' title='bbox 1162 1228 1266 1293; x_wconf 85' lang='grc' dir='ltr'><strong><em>ταῦτα</em></strong></span> <span class='ocrx_word' id='word_1_61' title='bbox 1289 1230 1354 1292; x_wconf 76' lang='grc' dir='ltr'><strong><em>θεί-</em></strong></span> 
     </span>
     <span class='ocr_line' id='line_1_9' title="bbox 203 1325 1354 1421; baseline 0.001 -21"><span class='ocrx_word' id='word_1_62' title='bbox 203 1353 323 1402; x_wconf 88' lang='grc' dir='ltr'><strong><em>κνυσιν</em></strong></span> <span class='ocrx_word' id='word_1_63' title='bbox 337 1333 384 1400; x_wconf 85' lang='grc' dir='ltr'><strong>-έν</strong></span> <span class='ocrx_word' id='word_1_64' title='bbox 407 1331 469 1420; x_wconf 71' lang='grc' dir='ltr'><strong>μέν</strong></span> <span class='ocrx_word' id='word_1_65' title='bbox 487 1335 526 1420; x_wconf 77' lang='grc' dir='ltr'><strong>τῇ</strong></span> <span class='ocrx_word' id='word_1_66' title='bbox 550 1335 685 1419; x_wconf 73' lang='grc' dir='ltr'><strong><em>χειμῶνι</em></strong></span> <span class='ocrx_word' id='word_1_67' title='bbox 704 1331 887 1413; x_wconf 78' lang='grc' dir='ltr'><strong><em>πλεονάζον</em></strong></span> <span class='ocrx_word' id='word_1_68' title='bbox 909 1328 948 1398; x_wconf 86' lang='grc' dir='ltr'><strong>τὸ</strong></span> <span class='ocrx_word' id='word_1_69' title='bbox 966 1331 1107 1417; x_wconf 89' lang='grc' dir='ltr'><strong><em>φλέγμα,</em></strong></span> <span class='ocrx_word' id='word_1_70' title='bbox 1129 1335 1191 1400; x_wconf 87' lang='grc' dir='ltr'><strong>τοῦ</strong></span> <span class='ocrx_word' id='word_1_71' title='bbox 1214 1331 1251 1400; x_wconf 78' lang='lat' dir='ltr'><strong>dt</strong></span> <span class='ocrx_word' id='word_1_72' title='bbox 1274 1325 1354 1421; x_wconf 78' lang='grc' dir='ltr'><strong><em>ἦρος</em></strong></span> 
     </span>
     <span class='ocr_line' id='line_1_10' title="bbox 202 1434 1353 1526; baseline 0 -19"><span class='ocrx_word' id='word_1_73' title='bbox 202 1438 239 1508; x_wconf 88' lang='grc' dir='ltr'><strong>τὸ</strong></span> <span class='ocrx_word' id='word_1_74' title='bbox 263 1434 344 1526; x_wconf 84' lang='grc' dir='ltr'><strong><em>αἷμα</em></strong></span> <span class='ocrx_word' id='word_1_75' title='bbox 373 1439 514 1506; x_wconf 79' lang='grc' dir='ltr'><strong><em>καὶτοῦ</em></strong></span> <span class='ocrx_word' id='word_1_76' title='bbox 537 1441 661 1526; x_wconf 84' lang='grc' dir='ltr'><strong><em>θέρους</em></strong></span> <span class='ocrx_word' id='word_1_77' title='bbox 688 1437 751 1525; x_wconf 81' lang='grc' dir='ltr'><strong>τὴν</strong></span> <span class='ocrx_word' id='word_1_78' title='bbox 774 1437 905 1525; x_wconf 82' lang='grc' dir='ltr'><strong><em>ξανθὴν</em></strong></span> <span class='ocrx_word' id='word_1_79' title='bbox 928 1434 1032 1524; x_wconf 78' lang='grc' dir='ltr'><strong><em>χολὴν</em></strong></span> <span class='ocrx_word' id='word_1_80' title='bbox 1060 1437 1115 1504; x_wconf 84' lang='grc' dir='ltr'><strong>καὶ</strong></span> <span class='ocrx_word' id='word_1_81' title='bbox 1142 1442 1204 1506; x_wconf 82' lang='grc' dir='ltr'><strong>τοῦ</strong></span> <span class='ocrx_word' id='word_1_82' title='bbox 1231 1447 1353 1526; x_wconf 87' lang='grc' dir='ltr'><strong><em>φθινο-</em></strong></span> 
     </span>
     <span class='ocr_line' id='line_1_11' title="bbox 203 1540 1393 1633; baseline -0.007 -19"><span class='ocrx_word' id='word_1_83' title='bbox 203 1546 321 1633; x_wconf 76' lang='grc' dir='ltr'><strong><em>πώρου</em></strong></span> <span class='ocrx_word' id='word_1_84' title='bbox 343 1545 407 1632; x_wconf 82' lang='grc' dir='ltr'><strong>τὴν</strong></span> <span class='ocrx_word' id='word_1_85' title='bbox 424 1547 594 1632; x_wconf 88' lang='grc' dir='ltr'><strong><em>μέλαιναν.</em></strong></span> <span class='ocrx_word' id='word_1_86' title='bbox 627 1544 766 1632; x_wconf 76' lang='grc' dir='ltr'><strong><em>ἄμεινον</em></strong></span> <span class='ocrx_word' id='word_1_87' title='bbox 785 1547 825 1612; x_wconf 80' lang='grc' dir='ltr'><strong>δέ</strong></span> <span class='ocrx_word' id='word_1_88' title='bbox 841 1546 931 1612; x_wconf 87' lang='grc' dir='ltr'><strong><em>ἐστιν</em></strong></span> <span class='ocrx_word' id='word_1_89' title='bbox 949 1540 1056 1629; x_wconf 78' lang='grc' dir='ltr'><strong><em>αὐτὴν</em></strong></span> <span class='ocrx_word' id='word_1_90' title='bbox 1073 1542 1136 1629; x_wconf 83' lang='grc' dir='ltr'><strong>τὴν</strong></span> <span class='ocrx_word' id='word_1_91' title='bbox 1154 1547 1253 1633; x_wconf 78' lang='grc' dir='ltr'><strong><em>ῥῆσιν</em></strong></span> <span class='ocrx_word' id='word_1_92' title='bbox 1271 1543 1353 1633; x_wconf 85' lang='grc' dir='ltr'><strong><em>ὅλην</em></strong></span> <span class='ocrx_word' id='word_1_93' title='bbox 1368 1569 1393 1607; x_wconf 85' lang='grc' dir='ltr'><strong>ιο</strong></span> 
     </span>
     <span class='ocr_line' id='line_1_12' title="bbox 205 1648 1354 1740; baseline -0.001 -19"><span class='ocrx_word' id='word_1_94' title='bbox 205 1651 310 1721; x_wconf 82' lang='grc' dir='ltr'><strong><em>αὐτοῦ</em></strong></span> <span class='ocrx_word' id='word_1_95' title='bbox 332 1651 547 1740; x_wconf 75' lang='grc' dir='ltr'><strong><em>παραγράψαι</em></strong></span> <span class='ocrx_word' id='word_1_96' title='bbox 566 1649 648 1719; x_wconf 80' lang='grc' dir='ltr'><strong><em>κατὰ</em></strong></span> <span class='ocrx_word' id='word_1_97' title='bbox 672 1652 761 1732; x_wconf 81' lang='grc' dir='ltr'><strong><em>λέξιν</em></strong></span> <span class='ocrx_word' id='word_1_98' title='bbox 781 1648 886 1729; x_wconf 78' lang='grc' dir='ltr'><strong><em>οὕτως</em></strong></span> <span class='ocrx_word' id='word_1_99' title='bbox 904 1655 1059 1737; x_wconf 77' lang='grc' dir='ltr'><strong><em>ἔχουσαν·</em></strong></span> <span class='ocrx_word' id='word_1_100' title='bbox 1093 1648 1236 1732; x_wconf 56' lang='grc' dir='ltr'><strong><em>αὔξεται</em></strong></span> <span class='ocrx_word' id='word_1_101' title='bbox 1256 1652 1292 1722; x_wconf 81' lang='lat' dir='ltr'><strong>dt</strong></span> <span class='ocrx_word' id='word_1_102' title='bbox 1316 1654 1354 1720; x_wconf 87' lang='grc' dir='ltr'><strong>έν</strong></span> 
     </span>
     <span class='ocr_line' id='line_1_13' title="bbox 206 1757 1349 1852; baseline -0.001 -24"><span class='ocrx_word' id='word_1_103' title='bbox 206 1765 262 1852; x_wconf 62' lang='grc' dir='ltr'><strong>’τῷ</strong></span> <span class='ocrx_word' id='word_1_104' title='bbox 286 1757 457 1851; x_wconf 76' lang='grc' dir='ltr'><strong><em>ἀνθρώπῳ</em></strong></span> <span class='ocrx_word' id='word_1_105' title='bbox 485 1758 522 1827; x_wconf 88' lang='grc' dir='ltr'><strong>τὸ</strong></span> <span class='ocrx_word' id='word_1_106' title='bbox 547 1760 678 1846; x_wconf 81' lang='grc' dir='ltr'><strong><em>φλέγμα</em></strong></span> <span class='ocrx_word' id='word_1_107' title='bbox 705 1763 766 1827; x_wconf 83' lang='grc' dir='ltr'><strong>τοῦ</strong></span> <span class='ocrx_word' id='word_1_108' title='bbox 793 1761 967 1846; x_wconf 79' lang='grc' dir='ltr'><strong><em>χειμῶνος·</em></strong></span> <span class='ocrx_word' id='word_1_109' title='bbox 1003 1760 1102 1826; x_wconf 81' lang='grc' dir='ltr'><strong><em>τοῦτο</em></strong></span> <span class='ocrx_word' id='word_1_110' title='bbox 1130 1757 1194 1847; x_wconf 80' lang='grc' dir='ltr'><strong>γὰρ</strong></span> <span class='ocrx_word' id='word_1_111' title='bbox 1221 1763 1266 1851; x_wconf 80' lang='grc' dir='ltr'><strong>τῷ</strong></span> <span class='ocrx_word' id='word_1_112' title='bbox 1290 1785 1349 1847; x_wconf 85' lang='grc' dir='ltr'><strong><em>χει-</em></strong></span> 
     </span>
     <span class='ocr_line' id='line_1_14' title="bbox 204 1863 1353 1955; baseline -0.002 -20"><span class='ocrx_word' id='word_1_113' title='bbox 204 1870 302 1954; x_wconf 76' lang='lat' dir='ltr'><strong>‘paim</strong></span> <span class='ocrx_word' id='word_1_114' title='bbox 325 1866 407 1934; x_wconf 81' lang='grc' dir='ltr'><strong><em>κατὰ</em></strong></span> <span class='ocrx_word' id='word_1_115' title='bbox 430 1865 537 1952; x_wconf 85' lang='grc' dir='ltr'><strong><em>φύσιν</em></strong></span> <span class='ocrx_word' id='word_1_116' title='bbox 554 1864 696 1952; x_wconf 80' lang='grc' dir='ltr'><strong><em>μάλιστα</em></strong></span> <span class='ocrx_word' id='word_1_117' title='bbox 718 1869 787 1932; x_wconf 83' lang='grc' dir='ltr'><strong>τῶν</strong></span> <span class='ocrx_word' id='word_1_118' title='bbox 810 1866 847 1932; x_wconf 85' lang='grc' dir='ltr'><strong>ἐν</strong></span> <span class='ocrx_word' id='word_1_119' title='bbox 869 1868 915 1955; x_wconf 75' lang='grc' dir='ltr'><strong>τῷ</strong></span> <span class='ocrx_word' id='word_1_120' title='bbox 935 1863 1060 1951; x_wconf 76' lang='grc' dir='ltr'><strong><em>σώματι</em></strong></span> <span class='ocrx_word' id='word_1_121' title='bbox 1079 1864 1256 1934; x_wconf 79' lang='grc' dir='ltr'><strong><em>ἐνεόντων·</em></strong></span> <span class='ocrx_word' id='word_1_122' title='bbox 1293 1881 1353 1948; x_wconf 82' lang='grc' dir='ltr'><strong>ψυ-</strong></span> 
     </span>
     <span class='ocr_line' id='line_1_15' title="bbox 203 1969 1353 2062; baseline -0.001 -21"><span class='ocrx_word' id='word_1_123' title='bbox 203 1972 376 2062; x_wconf 64' lang='grc' dir='ltr'><strong>εχρότατον</strong></span> <span class='ocrx_word' id='word_1_124' title='bbox 399 1972 463 2062; x_wconf 81' lang='grc' dir='ltr'><strong>γάρ</strong></span> <span class='ocrx_word' id='word_1_125' title='bbox 483 1974 560 2040; x_wconf 81' lang='grc' dir='ltr'><strong><em>ἐστι.</em></strong></span> <span class='ocrx_word' id='word_1_126' title='bbox 595 1971 774 2059; x_wconf 82' lang='grc' dir='ltr'><strong><em>τεκμήριον</em></strong></span> <span class='ocrx_word' id='word_1_127' title='bbox 798 1970 834 2038; x_wconf 73' lang='grc' dir='ltr'><strong>δὲ</strong></span> <span class='ocrx_word' id='word_1_128' title='bbox 857 1969 990 2055; x_wconf 85' lang='grc' dir='ltr'><strong><em>τούτου,</em></strong></span> <span class='ocrx_word' id='word_1_129' title='bbox 1010 1969 1060 2038; x_wconf 82' lang='grc' dir='ltr'><strong>ὅτι</strong></span> <span class='ocrx_word' id='word_1_130' title='bbox 1082 1973 1120 2038; x_wconf 89' lang='grc' dir='ltr'><strong>τὸ</strong></span> <span class='ocrx_word' id='word_1_131' title='bbox 1140 1974 1270 2060; x_wconf 79' lang='grc' dir='ltr'><strong><em>φλέγμα</em></strong></span> <span class='ocrx_word' id='word_1_132' title='bbox 1293 1987 1353 2054; x_wconf 76' lang='grc' dir='ltr'><strong>ψυ-</strong></span> 
     </span>
     <span class='ocr_line' id='line_1_16' title="bbox 203 2077 1393 2168; baseline 0 -20"><span class='ocrx_word' id='word_1_133' title='bbox 203 2078 390 2168; x_wconf 61' lang='grc' dir='ltr'><strong><em>’χρότατον</em></strong></span> <span class='ocrx_word' id='word_1_134' title='bbox 415 2085 445 2148; x_wconf 85' lang='grc' dir='ltr'><strong>ελ</strong></span> <span class='ocrx_word' id='word_1_135' title='bbox 462 2080 576 2158; x_wconf 85' lang='grc' dir='ltr'><strong><em>θέλοις</em></strong></span> <span class='ocrx_word' id='word_1_136' title='bbox 595 2082 722 2160; x_wconf 79' lang='grc' dir='ltr'><strong><em>ψαῦσαι</em></strong></span> <span class='ocrx_word' id='word_1_137' title='bbox 735 2078 922 2165; x_wconf 84' lang='grc' dir='ltr'><strong><em>φλέγματος</em></strong></span> <span class='ocrx_word' id='word_1_138' title='bbox 939 2077 993 2144; x_wconf 78' lang='grc' dir='ltr'><strong>καὶ</strong></span> <span class='ocrx_word' id='word_1_139' title='bbox 1013 2081 1112 2164; x_wconf 78' lang='grc' dir='ltr'><strong><em>χολῆς</em></strong></span> <span class='ocrx_word' id='word_1_140' title='bbox 1130 2079 1184 2145; x_wconf 78' lang='grc' dir='ltr'><strong>καὶ</strong></span> <span class='ocrx_word' id='word_1_141' title='bbox 1204 2082 1353 2167; x_wconf 81' lang='grc' dir='ltr'><strong><em>αἳματος,</em></strong></span> <span class='ocrx_word' id='word_1_142' title='bbox 1369 2097 1393 2138; x_wconf 87' lang='lat'><strong>1⁵</strong></span> 
     </span>
    </p>
   </div>
   <div class='ocr_carea' id='block_1_3' title="bbox 203 2245 414 2256">
    <p class='ocr_par' dir='ltr' id='par_1_4' title="bbox 203 2245 414 2256">
     <span class='ocr_line' id='line_1_17' title="bbox 203 2245 414 2256; baseline -0.014 -1"><span class='ocrx_word' id='word_1_143' title='bbox 203 2245 414 2256; x_wconf 79' lang='lat'>———-—--</span> 
     </span>
    </p>
   </div>
   <div class='ocr_carea' id='block_1_4' title="bbox 203 2322 1352 2486">
    <p class='ocr_par' dir='ltr' id='par_1_5' title="bbox 203 2322 1352 2470">
     <span class='ocr_line' id='line_1_18' title="bbox 238 2322 1351 2415; baseline -0.001 -30"><span class='ocrx_word' id='word_1_144' title='bbox 238 2337 254 2385; x_wconf 78' lang='lat'>2</span> <span class='ocrx_word' id='word_1_145' title='bbox 275 2324 486 2415; x_wconf 76' lang='grc' dir='ltr'><strong><em>φόσεφςΜ.-</em></strong></span> <span class='ocrx_word' id='word_1_146' title='bbox 506 2328 587 2383; x_wconf 90' lang='grc' dir='ltr'><strong>4του</strong></span> <span class='ocrx_word' id='word_1_147' title='bbox 603 2322 688 2398; x_wconf 83' lang='grc' dir='ltr'><strong><em>λογον</em></strong></span> <span class='ocrx_word' id='word_1_148' title='bbox 703 2326 782 2382; x_wconf 89' lang='lat' dir='ltr'><strong>codd</strong></span> <span class='ocrx_word' id='word_1_149' title='bbox 797 2327 859 2382; x_wconf 45' lang='lat' dir='ltr'><strong>emdd</strong></span> <span class='ocrx_word' id='word_1_150' title='bbox 879 2347 917 2400; x_wconf 85' lang='grc' dir='ltr'><strong>τω</strong></span> <span class='ocrx_word' id='word_1_151' title='bbox 935 2322 985 2396; x_wconf 90' lang='grc' dir='ltr'><strong>λο</strong></span> <span class='ocrx_word' id='word_1_152' title='bbox 987 2343 1084 2398; x_wconf 74' lang='grc' dir='ltr'><strong><em>ῳῐιοες</em></strong></span> <span class='ocrx_word' id='word_1_153' title='bbox 1100 2325 1133 2382; x_wconf 85' lang='lat' dir='ltr'><strong>ci</strong></span> <span class='ocrx_word' id='word_1_154' title='bbox 1148 2327 1267 2398; x_wconf 90' lang='lat' dir='ltr'><strong>Proll.p</strong></span> <span class='ocrx_word' id='word_1_155' title='bbox 1269 2335 1351 2384; x_wconf 75' lang='lat'>..121</span> 
     </span>
     <span class='ocr_line' id='line_1_19' title="bbox 203 2347 1352 2486; baseline 0 -31"><span class='ocrx_word' id='word_1_156' title='bbox 203 2433 236 2441; x_wconf 94' lang='lat'>-</span> <span class='ocrx_word' id='word_1_157' title='bbox 260 2409 275 2456; x_wconf 81' lang='grc'><strong>6</strong></span> <span class='ocrx_word' id='word_1_158' title='bbox 296 2395 449 2486; x_wconf 81' lang='grc' dir='ltr'><strong><em>ποσότητος</em></strong></span> <span class='ocrx_word' id='word_1_159' title='bbox 467 2399 508 2466; x_wconf 83' lang='grc' dir='ltr'><strong>Μ;</strong></span> <span class='ocrx_word' id='word_1_160' title='bbox 528 2397 563 2455; x_wconf 86' lang='lat' dir='ltr'><strong>cf</strong></span> <span class='ocrx_word' id='word_1_161' title='bbox 582 2397 667 2454; x_wconf 86' lang='lat' dir='ltr'><strong>Proll.</strong></span> <span class='ocrx_word' id='word_1_162' title='bbox 687 2417 715 2468; x_wconf 91' lang='lat' dir='ltr'><strong>p.</strong></span> <span class='ocrx_word' id='word_1_163' title='bbox 736 2403 836 2454; x_wconf 81' lang='lat'>95.—</span> <span class='ocrx_word' id='word_1_164' title='bbox 861 2347 1084 2481; x_wconf 83' lang='grc' dir='ltr'><strong><em>όλλοιουμένους</em></strong></span> <span class='ocrx_word' id='word_1_165' title='bbox 1097 2397 1127 2450; x_wconf 86' lang='grc' dir='ltr'>Μ</span> <span class='ocrx_word' id='word_1_166' title='bbox 1130 2347 1352 2482; x_wconf 82' lang='grc' dir='ltr'><strong><em>αλλοιωμένους</em></strong></span> 
     </span>
    </p>
   </div>
   <div class='ocr_carea' id='block_1_5' title="bbox 202 2440 1350 2626">
    <p class='ocr_par' dir='ltr' id='par_1_6' title="bbox 202 2440 1350 2612">
     <span class='ocr_line' id='line_1_20' title="bbox 203 2440 1350 2540; baseline 0 -14"><span class='ocrx_word' id='word_1_167' title='bbox 203 2472 334 2528; x_wconf 81' lang='lat' dir='ltr'><strong>ABchK</strong></span> <span class='ocrx_word' id='word_1_168' title='bbox 352 2440 558 2540; x_wconf 78' lang='grc' dir='ltr'><strong><em>ἠλλοιωμένους</em></strong></span> <span class='ocrx_word' id='word_1_169' title='bbox 577 2487 689 2525; x_wconf 88' lang='lat' dir='ltr'><strong>nos.—</strong></span> <span class='ocrx_word' id='word_1_170' title='bbox 657 2463 1028 2538; x_wconf 86' lang='grc' dir='ltr'><strong><em>-9φθινοπόροοΜ.-</em></strong></span> <span class='ocrx_word' id='word_1_171' title='bbox 1052 2477 1083 2524; x_wconf 91' lang='grc'><strong>11</strong></span> <span class='ocrx_word' id='word_1_172' title='bbox 1105 2463 1221 2536; x_wconf 77' lang='grc' dir='ltr'><strong><em>αυξεται</em></strong></span> <span class='ocrx_word' id='word_1_173' title='bbox 1240 2491 1308 2526; x_wconf 74' lang='grc' dir='ltr'><strong><em>ιιι.</em></strong></span> <span class='ocrx_word' id='word_1_174' title='bbox 1326 2475 1350 2526; x_wconf 87' lang='grc' dir='ltr'><strong><em>λ.</em></strong></span> 
     </span>
     <span class='ocr_line' id='line_1_21' title="bbox 202 2539 1350 2626; baseline -0.002 -28"><span class='ocrx_word' id='word_1_175' title='bbox 202 2544 237 2600; x_wconf 84' lang='lat' dir='ltr'><strong>of.</strong></span> <span class='ocrx_word' id='word_1_176' title='bbox 257 2543 341 2612; x_wconf 89' lang='lat' dir='ltr'><strong>Hipp.</strong></span> <span class='ocrx_word' id='word_1_177' title='bbox 361 2543 379 2597; x_wconf 91' lang='lat' dir='ltr'><strong>l.</strong></span> <span class='ocrx_word' id='word_1_178' title='bbox 398 2543 416 2598; x_wconf 93' lang='lat' dir='ltr'>l</span> <span class='ocrx_word' id='word_1_179' title='bbox 441 2541 497 2596; x_wconf 84' lang='lat' dir='ltr'><strong>rol.</strong></span> <span class='ocrx_word' id='word_1_180' title='bbox 516 2541 593 2626; x_wconf 88' lang='lat' dir='ltr'><strong>Il,p</strong></span> <span class='ocrx_word' id='word_1_181' title='bbox 596 2547 655 2595; x_wconf 86' lang='grc'><strong>,86</strong></span> <span class='ocrx_word' id='word_1_182' title='bbox 674 2541 749 2595; x_wconf 84' lang='lat' dir='ltr'><strong>Erm.</strong></span> <span class='ocrx_word' id='word_1_183' title='bbox 768 2540 823 2594; x_wconf 86' lang='lat' dir='ltr'><strong>vol</strong></span> <span class='ocrx_word' id='word_1_184' title='bbox 843 2539 932 2610; x_wconf 88' lang='lat' dir='ltr'><strong>V1,p</strong></span> <span class='ocrx_word' id='word_1_185' title='bbox 935 2547 995 2594; x_wconf 82' lang='grc'><strong>,46</strong></span> <span class='ocrx_word' id='word_1_186' title='bbox 1015 2540 1036 2593; x_wconf 82' lang='lat' dir='ltr'>L</span> <span class='ocrx_word' id='word_1_187' title='bbox 1060 2541 1157 2625; x_wconf 74' lang='lat' dir='ltr'><strong>Galen</strong></span> <span class='ocrx_word' id='word_1_188' title='bbox 1176 2558 1275 2596; x_wconf 89' lang='lat' dir='ltr'><strong>comm.</strong></span> <span class='ocrx_word' id='word_1_189' title='bbox 1295 2543 1350 2598; x_wconf 84' lang='lat' dir='ltr'><strong>vol</strong></span> 
     </span>
    </p>
   </div>
   <div class='ocr_carea' id='block_1_6' title="bbox 203 2559 1349 2746">
    <p class='ocr_par' dir='ltr' id='par_1_7' title="bbox 203 2559 1349 2746">
     <span class='ocr_line' id='line_1_22' title="bbox 203 2559 1349 2684; baseline -0.002 -14"><span class='ocrx_word' id='word_1_190' title='bbox 203 2615 300 2684; x_wconf 87' lang='lat' dir='ltr'><strong>XV,p</strong></span> <span class='ocrx_word' id='word_1_191' title='bbox 304 2620 414 2670; x_wconf 86' lang='grc'>,81.-</span> <span class='ocrx_word' id='word_1_192' title='bbox 439 2619 470 2666; x_wconf 85' lang='grc'><strong>14</strong></span> <span class='ocrx_word' id='word_1_193' title='bbox 490 2607 543 2681; x_wconf 77' lang='grc' dir='ltr'><strong>γάρ</strong></span> <span class='ocrx_word' id='word_1_194' title='bbox 528 2627 616 2680; x_wconf 77' lang='lat' dir='ltr'><strong>pom</strong></span> <span class='ocrx_word' id='word_1_195' title='bbox 632 2611 711 2665; x_wconf 92' lang='lat' dir='ltr'><strong>codd.</strong></span> <span class='ocrx_word' id='word_1_196' title='bbox 727 2611 839 2665; x_wconf 91' lang='lat' dir='ltr'><strong>edd-</strong></span> <span class='ocrx_word' id='word_1_197' title='bbox 861 2559 998 2682; x_wconf 77' lang='grc' dir='ltr'><strong><em>τεκμήρια</em></strong></span> <span class='ocrx_word' id='word_1_198' title='bbox 1017 2609 1049 2666; x_wconf 76' lang='lat' dir='ltr'><strong>dt</strong></span> <span class='ocrx_word' id='word_1_199' title='bbox 1068 2606 1176 2666; x_wconf 74' lang='grc' dir='ltr'><strong><em>τούτων</em></strong></span> <span class='ocrx_word' id='word_1_200' title='bbox 1191 2612 1271 2667; x_wconf 86' lang='lat' dir='ltr'><strong>codd.</strong></span> <span class='ocrx_word' id='word_1_201' title='bbox 1286 2613 1349 2672; x_wconf 88' lang='lat' dir='ltr'><strong>edd.</strong></span> 
     </span>
     <span class='ocr_line' id='line_1_23' title="bbox 205 2633 868 2746; baseline -0.002 -6.915"><span class='ocrx_word' id='word_1_202' title='bbox 205 2633 300 2739; x_wconf 78' lang='lat' dir='ltr'><strong>ib</strong></span> <span class='ocrx_word' id='word_1_203' title='bbox 311 2683 338 2738; x_wconf 82' lang='lat' dir='ltr'><strong>ei</strong></span> <span class='ocrx_word' id='word_1_204' title='bbox 353 2683 452 2746; x_wconf 86' lang='grc' dir='ltr'><strong><em>θέλοις</em></strong></span> <span class='ocrx_word' id='word_1_205' title='bbox 470 2683 499 2737; x_wconf 91' lang='grc' dir='ltr'><strong>Μ</strong></span> <span class='ocrx_word' id='word_1_206' title='bbox 519 2681 546 2738; x_wconf 77' lang='grc' dir='ltr'><strong>εἰ</strong></span> <span class='ocrx_word' id='word_1_207' title='bbox 562 2680 659 2745; x_wconf 84' lang='grc' dir='ltr'><strong><em>θέλεις</em></strong></span> <span class='ocrx_word' id='word_1_208' title='bbox 677 2681 814 2742; x_wconf 79' lang='lat' dir='ltr'><strong>AsschK</strong></span> <span class='ocrx_word' id='word_1_209' title='bbox 836 2713 868 2722; x_wconf 90' lang='lat'><em>-</em></span> 
     </span>
    </p>
   </div>
   <div class='ocr_carea' id='block_1_7' title="bbox 201 2934 1351 4408">
    <p class='ocr_par' dir='ltr' id='par_1_8' title="bbox 201 2934 1351 3233">
     <span class='ocr_line' id='line_1_24' title="bbox 201 2934 1351 3024; baseline 0 -22"><span class='ocrx_word' id='word_1_210' title='bbox 201 2937 369 3024; x_wconf 87' lang='lat' dir='ltr'><strong>praefatus</strong></span> <span class='ocrx_word' id='word_1_211' title='bbox 392 2935 610 3022; x_wconf 75' lang='lat' dir='ltr'><strong>Hippocrates</strong></span> <span class='ocrx_word' id='word_1_212' title='bbox 638 2939 753 3019; x_wconf 87' lang='lat' dir='ltr'><strong>postea</strong></span> <span class='ocrx_word' id='word_1_213' title='bbox 781 2934 929 3000; x_wconf 87' lang='lat' dir='ltr'><strong>confutat</strong></span> <span class='ocrx_word' id='word_1_214' title='bbox 957 2935 1144 3017; x_wconf 87' lang='lat' dir='ltr'><strong>opinionem</strong></span> <span class='ocrx_word' id='word_1_215' title='bbox 1171 2937 1219 3001; x_wconf 86' lang='lat' dir='ltr'><strong>ita</strong></span> <span class='ocrx_word' id='word_1_216' title='bbox 1243 2937 1351 3002; x_wconf 85' lang='lat' dir='ltr'><strong>existi-</strong></span> 
     </span>
     <span class='ocr_line' id='line_1_25' title="bbox 203 3033 1350 3129; baseline -0.001 -20"><span class='ocrx_word' id='word_1_217' title='bbox 203 3045 377 3128; x_wconf 88' lang='lat' dir='ltr'><strong>mantium,</strong></span> <span class='ocrx_word' id='word_1_218' title='bbox 405 3065 487 3129; x_wconf 90' lang='lat' dir='ltr'><strong>quae</strong></span> <span class='ocrx_word' id='word_1_219' title='bbox 511 3043 622 3108; x_wconf 88' lang='lat' dir='ltr'><strong>omnia</strong></span> <span class='ocrx_word' id='word_1_220' title='bbox 645 3042 673 3106; x_wconf 90' lang='lat' dir='ltr'><strong>si</strong></span> <span class='ocrx_word' id='word_1_221' title='bbox 697 3042 769 3127; x_wconf 89' lang='lat' dir='ltr'><strong>quis</strong></span> <span class='ocrx_word' id='word_1_222' title='bbox 792 3042 899 3126; x_wconf 85' lang='lat' dir='ltr'><strong>legere</strong></span> <span class='ocrx_word' id='word_1_223' title='bbox 923 3041 1023 3125; x_wconf 86' lang='lat' dir='ltr'><strong>volet,</strong></span> <span class='ocrx_word' id='word_1_224' title='bbox 1052 3043 1147 3106; x_wconf 66' lang='lat' dir='ltr'><strong>adem</strong></span> <span class='ocrx_word' id='word_1_225' title='bbox 1174 3033 1283 3128; x_wconf 85' lang='lat' dir='ltr'><strong>ipsum</strong></span> <span class='ocrx_word' id='word_1_226' title='bbox 1311 3045 1350 3108; x_wconf 90' lang='lat' dir='ltr'><strong>de</strong></span> 
     </span>
     <span class='ocr_line' id='line_1_26' title="bbox 201 3147 1349 3233; baseline 0 -18"><span class='ocrx_word' id='word_1_227' title='bbox 201 3155 319 3216; x_wconf 87' lang='lat' dir='ltr'><strong>natura</strong></span> <span class='ocrx_word' id='word_1_228' title='bbox 337 3150 479 3216; x_wconf 86' lang='lat' dir='ltr'><strong>hominis</strong></span> <span class='ocrx_word' id='word_1_229' title='bbox 498 3151 628 3233; x_wconf 88' lang='lat' dir='ltr'><strong>librum,</strong></span> <span class='ocrx_word' id='word_1_230' title='bbox 647 3149 703 3233; x_wconf 93' lang='lat' dir='ltr'><strong>qui</strong></span> <span class='ocrx_word' id='word_1_231' title='bbox 721 3149 754 3212; x_wconf 92' lang='lat' dir='ltr'><strong>in</strong></span> <span class='ocrx_word' id='word_1_232' title='bbox 771 3149 915 3212; x_wconf 92' lang='lat' dir='ltr'><strong>omnium</strong></span> <span class='ocrx_word' id='word_1_233' title='bbox 934 3147 1103 3213; x_wconf 91' lang='lat' dir='ltr'><strong>hominum</strong></span> <span class='ocrx_word' id='word_1_234' title='bbox 1122 3149 1272 3216; x_wconf 87' lang='lat' dir='ltr'><strong>manibus</strong></span> <span class='ocrx_word' id='word_1_235' title='bbox 1291 3155 1349 3215; x_wconf 87' lang='lat' dir='ltr'><strong>est.</strong></span> 
     </span>
    </p>

    <p class='ocr_par' dir='ltr' id='par_1_9' title="bbox 201 3254 1350 4408">
     <span class='ocr_line' id='line_1_27' title="bbox 291 3254 1349 3343; baseline 0.001 -21"><span class='ocrx_word' id='word_1_236' title='bbox 291 3257 364 3343; x_wconf 81' lang='lat' dir='ltr'><strong>Ego</strong></span> <span class='ocrx_word' id='word_1_237' title='bbox 399 3279 477 3322; x_wconf 78' lang='lat' dir='ltr'><strong>vero</strong></span> <span class='ocrx_word' id='word_1_238' title='bbox 510 3255 664 3320; x_wconf 76' lang='lat' dir='ltr'><strong>brevitati</strong></span> <span class='ocrx_word' id='word_1_239' title='bbox 698 3254 829 3319; x_wconf 84' lang='lat' dir='ltr'><strong>studens</strong></span> <span class='ocrx_word' id='word_1_240' title='bbox 862 3254 902 3318; x_wconf 86' lang='lat' dir='ltr'><strong>ad</strong></span> <span class='ocrx_word' id='word_1_241' title='bbox 936 3277 987 3339; x_wconf 90' lang='lat' dir='ltr'><strong>ea,</strong></span> <span class='ocrx_word' id='word_1_242' title='bbox 1020 3277 1102 3340; x_wconf 87' lang='lat' dir='ltr'><strong>quae</strong></span> <span class='ocrx_word' id='word_1_243' title='bbox 1134 3255 1349 3340; x_wconf 80' lang='lat' dir='ltr'><strong>disputationi</strong></span> 
     </span>
     <span class='ocr_line' id='line_1_28' title="bbox 202 3359 1349 3448; baseline -0.001 -19"><span class='ocrx_word' id='word_1_244' title='bbox 202 3364 442 3448; x_wconf 82' lang='lat' dir='ltr'><strong>continuantur,</strong></span> <span class='ocrx_word' id='word_1_245' title='bbox 464 3361 665 3428; x_wconf 85' lang='lat' dir='ltr'><strong>descendam.</strong></span> <span class='ocrx_word' id='word_1_246' title='bbox 702 3361 921 3445; x_wconf 78' lang='lat' dir='ltr'><strong>Posteaquam</strong></span> <span class='ocrx_word' id='word_1_247' title='bbox 941 3359 1158 3445; x_wconf 85' lang='lat' dir='ltr'><strong>Hippocrates</strong></span> <span class='ocrx_word' id='word_1_248' title='bbox 1182 3364 1349 3428; x_wconf 86' lang='lat' dir='ltr'><strong>confirma·</strong></span> 
     </span>
     <span class='ocr_line' id='line_1_29' title="bbox 202 3468 1350 3556; baseline 0 -21"><span class='ocrx_word' id='word_1_249' title='bbox 202 3471 250 3535; x_wconf 86' lang='lat' dir='ltr'><strong>vit</strong></span> <span class='ocrx_word' id='word_1_250' title='bbox 272 3475 426 3556; x_wconf 87' lang='lat' dir='ltr'><strong>quattuor</strong></span> <span class='ocrx_word' id='word_1_251' title='bbox 449 3471 483 3534; x_wconf 93' lang='lat' dir='ltr'><strong>in</strong></span> <span class='ocrx_word' id='word_1_252' title='bbox 510 3469 605 3534; x_wconf 88' lang='lat' dir='ltr'><strong>nobis</strong></span> <span class='ocrx_word' id='word_1_253' title='bbox 633 3468 808 3533; x_wconf 91' lang='lat' dir='ltr'><strong>secundum</strong></span> <span class='ocrx_word' id='word_1_254' title='bbox 835 3471 985 3532; x_wconf 68' lang='lat' dir='ltr'><strong>natinam</strong></span> <span class='ocrx_word' id='word_1_255' title='bbox 1008 3468 1160 3533; x_wconf 86' lang='lat' dir='ltr'><strong>humores</strong></span> <span class='ocrx_word' id='word_1_256' title='bbox 1184 3491 1266 3552; x_wconf 86' lang='lat' dir='ltr'><strong>esse,</strong></span> <span class='ocrx_word' id='word_1_257' title='bbox 1294 3472 1350 3555; x_wconf 90' lang='lat' dir='ltr'><strong>qui</strong></span> 
     </span>
     <span class='ocr_line' id='line_1_30' title="bbox 201 3575 1348 3661; baseline -0.003 -18"><span class='ocrx_word' id='word_1_258' title='bbox 201 3579 416 3643; x_wconf 84' lang='lat' dir='ltr'><strong>redundantes</strong></span> <span class='ocrx_word' id='word_1_259' title='bbox 439 3575 647 3641; x_wconf 90' lang='lat' dir='ltr'><strong>multitudine</strong></span> <span class='ocrx_word' id='word_1_260' title='bbox 672 3579 705 3640; x_wconf 89' lang='lat' dir='ltr'><strong>et</strong></span> <span class='ocrx_word' id='word_1_261' title='bbox 731 3597 848 3661; x_wconf 83' lang='lat' dir='ltr'><strong>genere</strong></span> <span class='ocrx_word' id='word_1_262' title='bbox 875 3575 1041 3639; x_wconf 86' lang='lat' dir='ltr'><strong>immutati</strong></span> <span class='ocrx_word' id='word_1_263' title='bbox 1064 3575 1251 3642; x_wconf 88' lang='lat' dir='ltr'><strong>morborum</strong></span> <span class='ocrx_word' id='word_1_264' title='bbox 1269 3585 1348 3642; x_wconf 86' lang='lat' dir='ltr'><strong>&#39;cau-</strong></span> 
     </span>
     <span class='ocr_line' id='line_1_31' title="bbox 202 3681 1348 3768; baseline -0.004 -17"><span class='ocrx_word' id='word_1_265' title='bbox 202 3709 257 3751; x_wconf 89' lang='lat' dir='ltr'><strong>sae</strong></span> <span class='ocrx_word' id='word_1_266' title='bbox 281 3685 485 3766; x_wconf 81' lang='lat' dir='ltr'><strong>exsisterent,</strong></span> <span class='ocrx_word' id='word_1_267' title='bbox 508 3683 660 3768; x_wconf 87' lang='lat' dir='ltr'><strong>deinceps</strong></span> <span class='ocrx_word' id='word_1_268' title='bbox 684 3682 827 3747; x_wconf 87' lang='lat' dir='ltr'><strong>ostendit</strong></span> <span class='ocrx_word' id='word_1_269' title='bbox 850 3681 956 3746; x_wconf 90' lang='lat' dir='ltr'><strong>hieme</strong></span> <span class='ocrx_word' id='word_1_270' title='bbox 979 3681 1148 3766; x_wconf 85' lang='lat' dir='ltr'><strong>pituitam,</strong></span> <span class='ocrx_word' id='word_1_271' title='bbox 1176 3705 1251 3746; x_wconf 83' lang='lat' dir='ltr'><strong>rere</strong></span> <span class='ocrx_word' id='word_1_272' title='bbox 1276 3705 1348 3747; x_wconf 89' lang='lat' dir='ltr'><strong>san-</strong></span> 
     </span>
     <span class='ocr_line' id='line_1_32' title="bbox 201 3787 1349 3878; baseline -0.002 -22"><span class='ocrx_word' id='word_1_273' title='bbox 201 3791 344 3878; x_wconf 85' lang='lat' dir='ltr'><strong>guinem,</strong></span> <span class='ocrx_word' id='word_1_274' title='bbox 367 3793 491 3855; x_wconf 87' lang='lat' dir='ltr'><strong>aestate</strong></span> <span class='ocrx_word' id='word_1_275' title='bbox 509 3791 630 3853; x_wconf 79' lang='lat' dir='ltr'><strong>flavam</strong></span> <span class='ocrx_word' id='word_1_276' title='bbox 649 3788 758 3871; x_wconf 89' lang='lat' dir='ltr'><strong>bilem,</strong></span> <span class='ocrx_word' id='word_1_277' title='bbox 777 3791 883 3852; x_wconf 87' lang='lat' dir='ltr'><strong>atram</strong></span> <span class='ocrx_word' id='word_1_278' title='bbox 903 3793 1059 3854; x_wconf 88' lang='lat' dir='ltr'><strong>autumno</strong></span> <span class='ocrx_word' id='word_1_279' title='bbox 1079 3788 1249 3852; x_wconf 86' lang='lat' dir='ltr'><strong>exundare.</strong></span> <span class='ocrx_word' id='word_1_280' title='bbox 1287 3787 1349 3854; x_wconf 79' lang='lat' dir='ltr'><strong>sed</strong></span> 
     </span>
     <span class='ocr_line' id='line_1_33' title="bbox 202 3877 1349 3982; baseline -0.003 -19"><span class='ocrx_word' id='word_1_281' title='bbox 202 3895 317 3964; x_wconf 82' lang='lat' dir='ltr'><strong>melius</strong></span> <span class='ocrx_word' id='word_1_282' title='bbox 342 3877 400 3962; x_wconf 35' lang='lat' dir='ltr'><strong>&#39;est</strong></span> <span class='ocrx_word' id='word_1_283' title='bbox 432 3898 538 3982; x_wconf 87' lang='lat' dir='ltr'><strong>ipsam</strong></span> <span class='ocrx_word' id='word_1_284' title='bbox 576 3895 645 3960; x_wconf 91' lang='lat' dir='ltr'><strong>eius</strong></span> <span class='ocrx_word' id='word_1_285' title='bbox 683 3895 865 3960; x_wconf 89' lang='lat' dir='ltr'><strong>orationem</strong></span> <span class='ocrx_word' id='word_1_286' title='bbox 898 3894 1030 3959; x_wconf 85' lang='lat' dir='ltr'><strong>laudare</strong></span> <span class='ocrx_word' id='word_1_287' title='bbox 1062 3895 1102 3960; x_wconf 87' lang='lat' dir='ltr'><strong>ad</strong></span> <span class='ocrx_word' id='word_1_288' title='bbox 1134 3894 1269 3960; x_wconf 85' lang='lat' dir='ltr'><strong>verbum</strong></span> <span class='ocrx_word' id='word_1_289' title='bbox 1301 3896 1349 3960; x_wconf 87' lang='lat' dir='ltr'><strong>ita</strong></span> 
     </span>
     <span class='ocr_line' id='line_1_34' title="bbox 202 4001 1348 4089; baseline -0.002 -20"><span class='ocrx_word' id='word_1_290' title='bbox 202 4005 371 4089; x_wconf 87' lang='lat' dir='ltr'><strong>scriptam:</strong></span> <span class='ocrx_word' id='word_1_291' title='bbox 410 4001 600 4084; x_wconf 79' lang='lat' dir='ltr'><strong>‘Augetur</strong></span> <span class='ocrx_word' id='word_1_292' title='bbox 621 4003 661 4066; x_wconf 91' lang='lat' dir='ltr'><strong>in</strong></span> <span class='ocrx_word' id='word_1_293' title='bbox 684 4001 840 4067; x_wconf 89' lang='lat' dir='ltr'><strong>homine</strong></span> <span class='ocrx_word' id='word_1_294' title='bbox 859 4001 1007 4087; x_wconf 88' lang='lat' dir='ltr'><strong>pituita</strong></span> <span class='ocrx_word' id='word_1_295' title='bbox 1025 4001 1161 4087; x_wconf 79' lang='lat' dir='ltr'><strong>hieme3</strong></span> <span class='ocrx_word' id='word_1_296' title='bbox 1182 4024 1224 4067; x_wconf 89' lang='lat' dir='ltr'><strong>ea</strong></span> <span class='ocrx_word' id='word_1_297' title='bbox 1247 4003 1348 4067; x_wconf 88' lang='lat' dir='ltr'><strong>enim</strong></span> 
     </span>
     <span class='ocr_line' id='line_1_35' title="bbox 201 4109 1349 4195; baseline -0.002 -19"><span class='ocrx_word' id='word_1_298' title='bbox 201 4110 316 4176; x_wconf 90' lang='lat' dir='ltr'><strong>huius</strong></span> <span class='ocrx_word' id='word_1_299' title='bbox 351 4109 538 4195; x_wconf 90' lang='lat' dir='ltr'><strong>temporis</strong></span> <span class='ocrx_word' id='word_1_300' title='bbox 574 4112 737 4173; x_wconf 86' lang='lat' dir='ltr'><strong>naturae</strong></span> <span class='ocrx_word' id='word_1_301' title='bbox 774 4109 936 4173; x_wconf 87' lang='lat' dir='ltr'><strong>maxime</strong></span> <span class='ocrx_word' id='word_1_302' title='bbox 969 4109 1152 4191; x_wconf 91' lang='lat' dir='ltr'><strong>omnium,</strong></span> <span class='ocrx_word' id='word_1_303' title='bbox 1183 4129 1278 4193; x_wconf 84' lang='lat' dir='ltr'><strong>quae</strong></span> <span class='ocrx_word' id='word_1_304' title='bbox 1310 4110 1349 4174; x_wconf 88' lang='lat' dir='ltr'><strong>in</strong></span> 
     </span>
     <span class='ocr_line' id='line_1_36' title="bbox 202 4213 1348 4302; baseline -0.003 -19"><span class='ocrx_word' id='word_1_305' title='bbox 202 4239 364 4302; x_wconf 89' lang='lat' dir='ltr'><strong>corpore</strong></span> <span class='ocrx_word' id='word_1_306' title='bbox 387 4217 536 4301; x_wconf 90' lang='lat' dir='ltr'><strong>insunt,</strong></span> <span class='ocrx_word' id='word_1_307' title='bbox 559 4214 780 4300; x_wconf 87' lang='lat' dir='ltr'><strong>respondet,</strong></span> <span class='ocrx_word' id='word_1_308' title='bbox 803 4216 946 4300; x_wconf 89' lang='lat' dir='ltr'><strong>quippe</strong></span> <span class='ocrx_word' id='word_1_309' title='bbox 966 4237 1061 4300; x_wconf 91' lang='lat' dir='ltr'><strong>quae</strong></span> <span class='ocrx_word' id='word_1_310' title='bbox 1083 4213 1348 4300; x_wconf 83' lang='lat' dir='ltr'><strong>frigidissima</strong></span> 
     </span>
     <span class='ocr_line' id='line_1_37' title="bbox 203 4319 1349 4408; baseline -0.002 -22"><span class='ocrx_word' id='word_1_311' title='bbox 203 4323 263 4387; x_wconf 90' lang='lat' dir='ltr'><strong>sit.</strong></span> <span class='ocrx_word' id='word_1_312' title='bbox 309 4319 427 4386; x_wconf 79' lang='lat' dir='ltr'><strong>Cuius</strong></span> <span class='ocrx_word' id='word_1_313' title='bbox 451 4323 507 4387; x_wconf 90' lang='lat' dir='ltr'><strong>rei</strong></span> <span class='ocrx_word' id='word_1_314' title='bbox 536 4325 802 4408; x_wconf 82' lang='lat' dir='ltr'><strong>argumentum</strong></span> <span class='ocrx_word' id='word_1_315' title='bbox 830 4321 901 4387; x_wconf 88' lang='lat' dir='ltr'><strong>hoo</strong></span> <span class='ocrx_word' id='word_1_316' title='bbox 930 4326 1001 4387; x_wconf 88' lang='lat' dir='ltr'><strong>est:</strong></span> <span class='ocrx_word' id='word_1_317' title='bbox 1032 4320 1064 4387; x_wconf 91' lang='lat' dir='ltr'><strong>si</strong></span> <span class='ocrx_word' id='word_1_318' title='bbox 1093 4319 1282 4405; x_wconf 88' lang='lat' dir='ltr'><strong>pituitam</strong></span> <span class='ocrx_word' id='word_1_319' title='bbox 1311 4323 1349 4384; x_wconf 89' lang='lat' dir='ltr'><strong>et</strong></span> 
     </span>
    </p>
   </div>
   <div class='ocr_carea' id='block_1_8' title="bbox 203 4425 1346 4516">
    <p class='ocr_par' dir='ltr' id='par_1_10' title="bbox 203 4425 1346 4516">
     <span class='ocr_line' id='line_1_38' title="bbox 203 4425 1346 4516; baseline -0.002 -22"><span class='ocrx_word' id='word_1_320' title='bbox 203 4429 321 4494; x_wconf 88' lang='lat' dir='ltr'><strong>bilem</strong></span> <span class='ocrx_word' id='word_1_321' title='bbox 350 4433 388 4493; x_wconf 88' lang='lat' dir='ltr'><strong>et</strong></span> <span class='ocrx_word' id='word_1_322' title='bbox 416 4429 644 4516; x_wconf 84' lang='lat' dir='ltr'><strong>sanguinem</strong></span> <span class='ocrx_word' id='word_1_323' title='bbox 678 4427 875 4514; x_wconf 86' lang='lat' dir='ltr'><strong>attingere</strong></span> <span class='ocrx_word' id='word_1_324' title='bbox 903 4427 1016 4513; x_wconf 86' lang='lat' dir='ltr'><strong>velis,</strong></span> <span class='ocrx_word' id='word_1_325' title='bbox 1046 4425 1346 4513; x_wconf 79' lang='lat' dir='ltr'><strong>frigidissimam</strong></span> 
     </span>
    </p>
   </div>
   <div class='ocr_carea' id='block_1_9' title="bbox 0 0 1726 5140">
    <p class='ocr_par' dir='ltr' id='par_1_11' title="bbox 0 0 1726 5140">
     <span class='ocr_line' id='line_1_39' title="bbox 0 0 1726 5140; baseline 0 0"><span class='ocrx_word' id='word_1_326' title='bbox 0 0 1726 5140; x_wconf 95' lang='lat' dir='ltr'><strong> </strong></span> 
     </span>
    </p>
   </div>
  </div>
 </body>
</html>
