3212 5146
589 425 832 492 -609—

133 596 329 658 σκοπεῖσθαι
352 586 407 654 καὶ
426 589 528 654 ταῦτα
552 583 652 674 ἀμφω
671 583 711 653 τὰ
731 587 796 652 νῦν
814 584 971 672 εἰρημένα
989 582 1043 651 καὶ
1063 581 1146 672 πρὸς
1167 583 1279 652 τοῖσδε

132 703 246 786 τρίτον
265 692 285 781 ἡ
305 691 387 762 κατὰ
406 693 565 779 ποιότητα
583 695 651 761 τῶν
670 695 821 778 συνεχῶν
840 687 1026 776 ἀλλοίωσις,
1050 689 1130 778 ὅπερ
1151 693 1155 778 l
1177 695 1345 766 olvit-612

132 807 254 870 τεσθαί
273 828 331 888 μοι
355 804 514 869 δοκοῦσιν
538 803 574 867 οί
594 799 741 887 δύναμιν
766 800 913 886 ἐπιρρεῖν
940 826 1014 866 τινα
1042 799 1142 886 χωρὶς
1165 794 1282 878 οὐσίας

133 908 325 996 φάσκοντες.
376 911 414 974 at
438 905 502 993 γάρ
529 905 612 974 κατὰ
641 903 821 974 ἀλλοίωσιν
849 911 896 986 είς
921 905 962 974 τά
995 909 1116 993 συνεχῆ
1145 903 1280 992 σώματα

134 1015 303 1094 διαδόσεις
325 1017 393 1080 τῶν
416 1011 603 1099 ποιοτήτων
626 1013 777 1101 ἐπιρροαὶ
806 1011 980 1100 δυνάμεως
1007 1010 1071 1080 ὑπὸ
1095 1008 1207 1078 αὐτῶν
1230 1012 1307 1078 λε’-ε

133 1149 265 1208 γονται,
297 1119 464 1205 καθάπερ,
496 1115 578 1186 ὅταν
608 1119 660 1186 ε’πὶ
693 1123 755 1187 τού
786 1119 996 1208 περιέχοντος
1028 1115 1125 1206 ἀέρος
1156 1118 1191 1184 ἐκ
1221 1120 1280 1204 τῆς

131 1226 268 1315 ἡλιακῆς
287 1223 392 1313 αὐγῆς
410 1223 597 1312 ὁρμηθεῖσά
615 1253 665 1304 τις
683 1225 859 1312 ποιότητος
882 1230 928 1304 είς
947 1223 1035 1292 άπαν
1053 1222 1159 1292 αὐτοῦ
1182 1225 1281 1312 μέρος

132 1332 309 1423 ἀφικνῆται
340 1331 508 1417 διάδοσις,
542 1328 644 1418 αὐτῆς
675 1336 733 1420 τῆς
761 1331 877 1411 οὐσίας
903 1335 965 1400 τού
992 1329 1089 1418 ἡλίου
1116 1331 1282 1420 μενούσης

132 1440 213 1508 κατὰ
232 1440 357 1528 χώραν·
383 1441 600 1508 ἐπιδέδεικται
619 1439 684 1527 γὰρ
702 1435 783 1527 ἡμῖν
800 1443 900 1507 τοῦτο
919 1438 1002 1506 κατὰ
1023 1437 1086 1526 τὴν
1104 1440 1178 1528 περὶ
1202 1435 1281 1508 ἀπο-

134 1549 265 1629 δείξεως
282 1553 518 1635 πραγματείαν.
550 1540 677 1615 ου”κονν
692 1541 813 1615 οἷόντε
828 1553 1011 1635 προχείρως
1029 1543 1282 1634 ἀποφήνασθαι,
1297 1573 1322 1612 ιο

133 1653 276 1741 πότερον
299 1652 405 1734 οὕτως
428 1655 462 1735 ἐξ
485 1654 670 1742 ἐγκεφάλου
689 1653 831 1740 δύναμις
855 1655 983 1742 ἐπιρρεῖ
998 1667 1068 1732 τοῖς
1090 1655 1201 1740 μέλεσι
1225 1653 1282 1722 διὰ

133 1759 264 1849 νεύρων
287 1757 308 1848 ἢ
332 1764 392 1848 τῆς
408 1765 471 1829 τού
488 1761 675 1849 πνεύματος
698 1757 815 1840 οὐσίας
832 1761 1102 1848 παραγινομένης
1120 1757 1195 1850 ἄχρι
1214 1765 1282 1830 τῶν

134 1872 393 1954 αἰσθανομένων
420 1869 476 1936 καὶ
505 1869 715 1956 κινουμένων
739 1875 868 1956 μορίων
895 1863 916 1954 ἢ
945 1869 1040 1956 μέχρι
1066 1865 1159 1948 τινὸς
1192 1871 1282 1956 ἐμπι-

133 1973 279 2062 πτούσης
300 1988 371 2054 τοῖς
394 1973 542 2063 νεύροις,
565 1973 610 2055 ὡς
633 1973 814 2044 ἀλλοιῶσαι
838 1978 994 2062 σφοδρῶς
1016 1971 1116 2060 αύτά,
1145 1973 1279 2045 κᾶπειθ’
1349 2038 1352 2044 ,

134 2079 221 2148 οὕτω
248 2085 307 2167 τῆς
334 2077 542 2160 άλλοιύσεως
569 2079 644 2168 ἄχρι
671 2085 741 2150 των
763 2082 973 2168 κινουμένων
999 2085 1110 2168 μελῶν
1133 2086 1282 2151 διαδιδο-
1297 2105 1322 2144 1⁵

135 2189 247 2276 μένης.
289 2191 444 2256 τοιοῦτον
466 2192 552 2274 γοῦν
574 2215 604 2254 τι
628 2189 683 2256 καὶ
707 2187 788 2256 κατὰ
812 2187 875 2274 τὴν
898 2183 1038 2274 ύπτικὴν
1059 2195 1222 2274 αίσθησιν
1245 2189 1282 2256 ἐν

173 2391 186 2436 1
206 2383 296 2436 ταῦτα
315 2380 368 2454 μὲν
386 2379 472 2453 ἄμφω
492 2383 572 2438 codd.
591 2384 652 2438 edd.
673 2383 726 2452 pla
752 2383 944 2452 expunximus.
964 2413 997 2422 —
1021 2389 1037 2437 3
1057 2379 1087 2436 οί
1102 2377 1175 2437 κατά
1194 2378 1281 2438 δύνα-

134 2474 182 2539 μιν
205 2453 285 2508 codd.
305 2453 367 2510 edd.
390 2452 421 2509 οί
441 2455 490 2508 καὶ
513 2449 636 2527 δύναμιν
656 2454 735 2510 Corn.
759 2451 789 2508 of
805 2449 869 2510 δύν.
893 2471 953 2510 nos.
977 2485 1010 2493 —
1035 2461 1051 2508 6
1075 2449 1210 2522 καθάπερ
1233 2456 1281 2510 καὶ

134 2545 205 2580 οταν
228 2545 255 2595 p.
280 2557 313 2566 —
340 2521 491 2594 ’λποιόιης
513 2526 591 2583 codd.
616 2527 677 2581 edd.
701 2521 849 2596 uariantes
872 2543 934 2592 nos;
959 2524 993 2579 cf.
1017 2524 1101 2580 Proll.
1119 2517 1152 2594 'p.
1177 2533 1219 2582 95.
1247 2558 1281 2568 -

135 2603 151 2651 8
171 2592 334 2665 ἀφικνεῖται
353 2597 487 2651 MABCh
506 2591 663 2666 ἀφικνῆται
682 2615 708 2667 p.
728 2597 761 2650 K.
782 2629 814 2637 —
834 2599 1020 2664 διαδοθείσης
1038 2613 1088 2666 pro
1107 2591 1236 2661 διάδοσις
1253 2618 1281 2669 p.

135 2699 168 2707 -
192 2677 208 2723 9
227 2668 292 2734 περὶ
315 2668 365 2734 τῆς
383 2661 556 2733 άποδειῖεως
579 2669 658 2723 codd.
677 2669 740 2723 edd.
758 2668 824 2738 περὶ
842 2663 926 2723 daed.
950 2683 1009 2722 nos.
1033 2698 1067 2708 -
1092 2674 1124 2722 11
1145 2665 1282 2739 δυνάμεις

134 2739 172 2793 M.
191 2769 224 2779 —
246 2746 279 2793 13
298 2739 346 2792 καὶ
365 2737 541 2809 κινουμένων
560 2757 614 2796 om.
634 2739 671 2793 M.
691 2771 724 2782 —-

135 2943 276 3023 ponatur
299 2937 532 3003 consideranda
555 2959 593 3002 ae
616 2939 785 3022 praeterea
808 2936 866 3001 illa
889 2937 996 3020 tertia,
1020 2915 1182 3020 quomodo
1205 2962 1282 3025 qua-

135 3045 240 3110 litatis
272 3045 308 3109 in
340 3045 503 3110 continuis
535 3046 727 3129 corporibus
759 3044 945 3109 immutatio
977 3045 1049 3127 fiat,
1083 3047 1170 3129 quod
1197 3051 1282 3112 tacte
1334 3045 1342 3058 '

137 3151 321 3237 significare
346 3151 426 3216 mihi
449 3151 612 3236 videntur,
636 3152 691 3238 qui
714 3151 905 3216 facultatem
930 3151 1092 3235 quandam
1115 3153 1184 3216 sinc
1208 3154 1282 3218 sub·

138 3259 262 3323 stantia
285 3258 419 3322 influere
443 3259 564 3326 dicunt.
607 3259 694 3324 Nam
717 3257 912 3342 qualitatum
941 3279 998 3342 per
1020 3257 1282 3324 immutationem

137 3366 171 3430 in
203 3365 356 3430 continua
383 3387 521 3449 corpora
550 3365 787 3431 transfusiones
820 3365 987 3428 facultatis
1019 3365 1211 3431 influxiones
1241 3366 1283 3431 ab

137 3472 179 3536 iis
203 3471 418 3556 appellantur,
442 3473 544 3556 velut,
567 3495 641 3538 cum
665 3495 684 3536 a
708 3471 787 3538 solis
810 3471 911 3535 radiis
938 3471 1085 3556 profecta
1113 3473 1283 3556 qualitatis

136 3579 315 3644 transfusio
340 3580 497 3664 quaedam
521 3581 555 3644 in
579 3579 754 3644 ambientis
778 3578 861 3642 atris
885 3581 1012 3662 partem
1035 3600 1164 3644 omnem
1188 3601 1283 3664 pene·

137 3688 205 3749 trat
228 3685 300 3769 ipsa
319 3687 398 3750 solis
418 3687 602 3752 substantia
621 3709 679 3751 sno
697 3685 770 3751 loco
789 3687 950 3769 manente,
972 3685 1004 3748 id
1024 3686 1109 3770 quod
1132 3685 1167 3751 in
1186 3709 1283 3770 opere

136 3792 176 3856 de
204 3791 480 3858 demonstratione
509 3816 528 3857 a
554 3792 650 3857 nobis
678 3793 938 3857 demonstratum
966 3795 1025 3856 est.
1078 3791 1154 3858 Non
1181 3793 1284 3878 igitur

137 3903 247 3983 potest
269 3900 351 3984 fieri,
373 3903 411 3964 nt
434 3899 582 3964 absolute
605 3904 796 3983 promteque
821 3900 1082 3984 pronuntiemus,
1104 3903 1212 3964 utrum
1236 3899 1282 3964 sic

137 4029 155 4070 e
179 4007 310 4072 cerebro
338 4007 478 4072 facultas
505 4027 563 4090 per
585 4027 703 4070 nervos
731 4005 765 4068 in
788 4005 935 4070 membra
957 4006 1072 4070 influat
1095 4028 1137 4070 an
1159 4007 1219 4091 ita,
1246 4009 1283 4069 ut

138 4113 273 4196 spiritns
297 4112 481 4178 substantia
504 4112 555 4176 rel
578 4111 737 4196 usquead
760 4115 870 4196 partes
890 4135 955 4196 aas,
977 4135 1059 4197 quae
1083 4113 1228 4178 sentiunt
1250 4117 1283 4176 et

137 4221 319 4302 moventur,
341 4219 510 4303 perveniat
531 4219 583 4284 vel
602 4239 703 4302 usque
723 4239 760 4282 ec
779 4240 896 4284 nervos
919 4219 1075 4302 penetret,
1097 4223 1135 4282 ut
1153 4218 1283 4282 eosdem

138 4325 346 4390 vehementer
373 4325 538 4410 immutet,
570 4329 666 4409 atque
695 4325 742 4390 sic
769 4331 884 4409 postea
911 4325 1097 4390 immutatio
1125 4325 1165 4389 ad
1192 4325 1282 4408 ipsas

137 4453 253 4517 usquc,
294 4455 375 4516 quae
413 4437 597 4516 morentur,
630 4436 740 4517 partes
778 4431 1033 4496 transfundatur.
1093 4427 1282 4494 Cuiusmodi

193 4545 274 4586 unani
288 4547 315 4586 de
329 4547 389 4587 Plac.
403 4547 461 4587 Plat.
475 4549 496 4586 ct
511 4547 618 4596 llippocr.
632 4546 693 4586 libri.
1035 4541 1069 4589 39
