3376 5144
636 397 876 462 -811-

181 553 341 643 ὑμνεῖτε
364 555 418 622 καὶ
442 555 603 640 θαυμάζει
627 579 689 640 την
712 551 859 639 δύναμιν
881 548 994 640 αὐτῆς,
1017 550 1088 638 ἥτις
1110 553 1173 638 μέν
1196 555 1289 620 ἐστιν
1313 549 1332 640 ἡ

182 659 283 730 οὐσία
312 663 370 747 τῆς
398 658 661 745 θιαττλαττούσης
692 685 726 726 τε
758 660 812 727 καὶ
846 659 1038 746 διωκούσης
1072 655 1155 746 ἡμᾶς
1187 658 1334 745 φάσεως,

182 765 227 837 οὐ
249 771 381 855 τολμῶν
405 763 661 852 ἀποφήνασθαι,
690 769 727 834 τὸ
753 765 789 834 δὲ
818 767 1059 854 δημιουργικὸν
1087 764 1181 854 ἡμῶν
1209 775 1330 850 αἴτιον,

183 873 231 955 ὡς
254 880 334 953 ἔθος
357 875 447 942 ἐστὶν
470 871 594 941 ἅπασιν
618 870 821 961 ἀνθρώποις,
844 871 1018 960 ὀνομάζων
1040 875 1155 958 φύσιν.

271 979 367 1048 Ἀλλὰ
390 979 535 1048 Πλάτων
558 1006 595 1065 γε
613 980 667 1046 καὶ
690 977 727 1047 τὸ
747 979 999 1046 κατασκευάσαι)
1023 976 1108 1066 ἡμᾶς
1125 989 1235 1048 αἴτιον
1252 977 1358 1048 dxc-s

184 1088 314 1176 φήνατο
337 1086 398 1155 τὸν
420 1090 481 1155 τοῦ
503 1087 631 1173 κόσμου
654 1084 863 1173 δημιουργὸν
889 1085 975 1154 θεὸν
998 1100 1068 1165 τοῖς
1094 1087 1216 1155 immod
1237 1087 1331 1154 mot

185 1197 337 1264 κελεῦσαι
361 1194 469 1279 λέγων
496 1191 675 1261 θιατλάσαι
703 1190 740 1259 τὸ
769 1198 837 1260 τῶν
865 1188 1059 1279 ἀνθρώπων
1087 1196 1185 1278 γένος
1212 1195 1333 1278 λοβόν·

185 1328 244 1381 τας
265 1300 327 1388 μὲν
349 1298 438 1387 παρὰ
462 1296 567 1367 αὐτοῦ
589 1303 648 1385 τῆς
665 1296 841 1368 ἀθανάτου
865 1303 973 1387 ψυχῆς
994 1327 1058 1386 την
1077 1296 1210 1384 οὐσίαν,
1233 1321 1332 1386 προσ-

186 1410 307 1486 θέντας
331 1407 367 1474 δὲ
392 1404 474 1496 αὐτῇ
497 1404 534 1475 τὸ
559 1405 731 1493 γεννητόν.
772 1403 856 1474 &aab
880 1407 987 1474 ἐκεῖνό
1010 1432 1046 1492 γε
1069 1404 1130 1493 χρὴ
1155 1409 1332 1492 γινώσκειν

185 1512 285 1602 ἡμᾶς,
314 1511 358 1593 ὡς
381 1510 442 1581 οὐκ
472 1519 562 1580 ἔστιν
589 1511 709 1600 ὅμοιον
737 1511 825 1592 εἶδος
843 1510 1042 1593 ἀποδείξεως
1067 1539 1101 1580 τε
1129 1513 1183 1580 καὶ
1207 1517 1333 1594 θέσεως
1348 1539 1373 1576 ιο

112 1643 117 1654 ’
186 1625 246 1690 τοῦ
268 1625 350 1688 κατὰ
373 1621 538 1706 πρόνοιαν
561 1623 646 1687 θεοῦ
672 1647 764 1698 τινος
787 1615 806 1706 ἢ
834 1623 927 1687 θεῶν
954 1617 1039 1706 ἡμᾶς
1068 1621 1332 1690 κατεσκευάσθω

185 1729 239 1796 καὶ
271 1729 333 1794 τοῦ
364 1729 490 1813 γνῶναι
521 1725 584 1813 τὴν
622 1721 742 1793 οὐσίαν
773 1729 834 1793 τοῦ
866 1725 1190 1810 κατασκευάσαντος,
1222 1725 1332 1814 ὥσπερ

188 1829 267 1902 οὐδὲ
290 1837 349 1920 τῆς
372 1836 479 1920 ψυχῆς
502 1830 604 1920 ἡμῶν.
642 1831 692 1901 ὅτι
712 1833 774 1920 μὲν
793 1830 895 1919 ἄκρας
919 1833 986 1902 ἐστὶ
1010 1833 1208 1920 σοφίαςῆαὶ
1232 1835 1333 1904 δυνά·

186 1966 271 2027 μεως
295 1936 314 2026 ἡ
337 1942 398 2007 τοῦ
427 1938 578 2026 σώματος
604 1937 699 2026 ἡμῶν
729 1942 926 2028 κατασκευή,
951 1941 954 2029 i
985 1937 1029 2009 δι’
1061 1931 1110 2009 ὦν
1137 1937 1254 2028 ὀλίγον
1281 1946 1399 2028 trs-m

189 2055 340 2134 προσθεν
363 2044 456 2114 εἶπον
480 2048 715 2114 ἐπιδείκνυται·
744 2045 784 2114 τὰ
812 2046 849 2114 δὲ
871 2047 946 2135 περὶ
974 2051 1032 2134 τῆς
1054 2043 1171 2127 οὐσίας
1192 2053 1252 2138 τῆς
1273 2063 1334 2128 ou-
1349 2071 1374 2110 sa

185 2191 397 2205 ————-——··O-

225 2269 237 2315 1
258 2255 390 2328 ὑμνείται
408 2261 457 2314 καὶ
470 2259 558 2314 MAB
575 2255 663 2329 ὑμνεῖ
677 2259 726 2314 καὶ
744 2259 765 2313 F
772 2259 807 2326 P;
826 2257 859 2314 oi.
874 2259 959 2316 Proll.
978 2277 1006 2330 p.
1021 2267 1064 2316 48.
1085 2293 1114 2301 -
1136 2255 1226 2330 αάτῆς
1240 2257 1332 2316 ‘Im-

186 2326 290 2399 κράτης
304 2330 361 2386 FP.
382 2362 414 2371 -
436 2331 467 2386 ἓν
481 2351 522 2393 τις
540 2329 592 2400 μέν
607 2332 636 2386 P.
658 2363 689 2372 -—
710 2339 725 2386 3
746 2327 940 2400 διμτονογτκόν
953 2331 982 2385 Ρ.
1000 2336 1032 2372 -“-
1053 2337 1068 2386 7
1087 2327 1160 2401 atym
1175 2333 1254 2388 codd.
1270 2333 1332 2387 edd.

188 2405 276 2472 λέγων
294 2419 353 2456 nos.
379 2433 411 2441 —
436 2409 452 2457 8
471 2403 564 2471 ωηχῆς
588 2403 617 2459 Ρ.
641 2434 674 2443 -
699 2409 714 2456 9
735 2396 763 2457 θ’
784 2399 816 2457 ἐν
839 2397 911 2474 αὐτῇ
931 2402 1010 2458 codd.
1030 2403 1092 2456 edd.
1115 2401 1148 2458 δὲ
1172 2398 1244 2472 arira}
1268 2421 1331 2468 τοις

188 2475 222 2528 ci.
244 2473 328 2528 Proll.
352 2491 379 2543 p.
407 2479 464 2528 116.
490 2505 521 2512 —
550 2480 581 2528 13
606 2475 630 2528 Α
654 2473 746 2528 verbis
769 2467 812 2527 ὅτι
835 2471 888 2540 μὲν
911 2472 994 2542 incip.
1019 2475 1140 2543 excerpt
1163 2459 1333 2530 XXXXVHI

188 2545 268 2601 codd.
291 2544 350 2600 FP.
375 2576 406 2584 —
435 2551 467 2600 14
491 2539 523 2598 ἐν
545 2562 596 2615 pro
620 2539 637 2614 ἡ
661 2544 691 2598 Ρ.
717 2577 750 2584 -
778 2552 810 2599 14
834 2540 928 2614 ὀλίγον
952 2545 1113 2616 ἔμπροσθεν
1136 2562 1190 2600 om.
1215 2544 1273 2600 sP.
1299 2577 1331 2586 —

190 2621 222 2741 {35
241 2617 305 2684 περὶ
324 2637 347 2670 τ.
367 2633 408 2687 sp.
428 2633 487 2671 vac.
508 2619 630 2686 quinque
650 2615 703 2671 litt.
724 2616 775 2684 τῆς
792 2616 886 2685 ψυχῆς
904 2615 935 2670 Ρ.
954 2646 988 2656 -
1007 2617 1056 2685 τῆς
1074 2616 1167 2686 ψυχῆς
1187 2611 1265 2688 ἡμων
1284 2617 1332 2670 καὶ

213 2705 270 2742 orn.
291 2718 323 2727 -

191 2905 257 2970 vim
277 2904 346 2970 eius
370 2904 514 2970 celebrat
531 2906 628 2988 atque
651 2901 839 2986 admiratur,
862 2903 918 2988 qui
940 2907 1059 2986 tamen,
1083 2927 1165 2988 quae
1189 2905 1336 2970 substan-

189 3013 235 3078 tia
259 3014 346 3077 esset
372 3014 507 3076 naturas
534 3033 595 3077 nos
623 3008 855 3076 conformantis
883 3012 917 3074 et
939 3009 1164 3095 gubernantis,
1192 3032 1333 3095 pronun·

190 3119 271 3185 tiara
294 3141 360 3186 non
384 3141 482 3183 ausus
506 3123 565 3202 est,
584 3118 639 3183 sed
663 3118 811 3203 opificem
830 3115 934 3182 nostri
959 3138 1100 3200 oausam,
1122 3119 1160 3180 ut
1183 3117 1333 3184 omnibus

190 3225 377 3293 hominibus
401 3247 472 3291 mos
495 3231 554 3310 est,
576 3229 727 3291 naturam
753 3223 939 3310 appellavit

277 3333 400 3400 Verum
423 3333 518 3399 Plato
542 3332 641 3398 etiam
665 3354 805 3416 oausam,
829 3354 911 3417 quae
934 3353 994 3397 nos
1018 3331 1208 3415 construxit,
1230 3329 1333 3396 decla-

195 3441 295 3524 ravit,
324 3462 396 3506 cum
424 3441 607 3506 effectorem
640 3439 752 3504 mundi
780 3437 876 3504 deum
909 3439 957 3503 ait
983 3437 1069 3504 filios
1097 3460 1173 3504 suos
1201 3437 1334 3504 iussisse

190 3546 359 3614 hominum
389 3568 491 3632 genus
520 3546 721 3612 conformare
750 3547 809 3630 itu,
838 3548 875 3610 ut
903 3549 1066 3610 sumerent
1094 3565 1114 3610 a
1141 3567 1176 3615 se
1205 3543 1333 3610 immor·

190 3654 267 3720 talis
288 3653 388 3719 animi
412 3653 629 3718 substantians
667 3652 759 3738 eique
783 3651 995 3738 adiungerent
1030 3651 1077 3736 id,
1106 3649 1192 3737 quod
1229 3655 1334 3716 ortum

191 3760 334 3826 haberet.
379 3760 565 3825 Tenendum
588 3764 698 3824 tamen
721 3759 801 3825 illud
825 3763 888 3843 ast,
915 3781 980 3826 non
1004 3779 1073 3823 esse
1097 3757 1184 3823 idem
1206 3755 1335 3822 demon-

192 3867 362 3933 strationis
387 3871 420 3932 et
444 3867 617 3952 positionis
641 3887 757 3951 genus,
785 3888 859 3931 cnm
886 3865 1092 3951 providentia
1119 3863 1171 3930 dai
1198 3863 1334 3930 alicuius

192 3974 242 4040 vel
279 3974 411 4039 deorum
447 3996 506 4040 nos
531 3973 661 4037 affectos
698 3995 767 4037 esse
795 3974 985 4058 probamus,
1022 3975 1151 4037 etcum
1175 3971 1335 4038 effectoria

191 4079 294 4164 ipsius
336 4083 393 4144 aut
438 4080 537 4145 animi
578 4079 677 4145 stiam
717 4081 822 4147 nostri
869 4080 1085 4146 substantiam
1133 4077 1335 4164 indagamus.

193 4184 344 4252 Summae
367 4187 522 4252 nimirum
546 4187 725 4271 sapientiae
750 4187 961 4272 atpotsntiae
985 4209 1054 4252 osse
1069 4185 1214 4269 corporis
1228 4185 1335 4250 nostri

191 4292 351 4358 fabricam
392 4293 459 4378 his,
501 4315 582 4380 quas
607 4315 705 4378 supra
733 4291 842 4378 attuli,
880 4293 960 4358 satis
988 4292 1244 4359 demonstratum
1272 4295 1335 4376 est,

192 4421 274 4484 quac
315 4420 390 4463 vero
427 4399 465 4464 de
498 4398 598 4464 animi
621 4403 654 4463 st
676 4401 823 4486 deorum,
859 4400 911 4486 qui
948 4423 1010 4466 nos
1050 4399 1225 4481 finxerunt,
1262 4399 1335 4466 sob-
