3300 5146
780 395 821 404 -
868 357 1020 422 294-

259 536 313 592 827
326 537 425 604 γησιν
448 513 717 604 ἀξιολογωτέραν
735 513 867 602 ἄρχεται
887 514 892 603 Ι
912 512 1035 600 λόγων,
1058 513 1096 580 ἐν
1119 504 1169 591 οἷς
1187 512 1254 578 ἐστι
1278 509 1332 578 καὶ
1356 536 1374 577 ο
1397 508 1473 595 περὶ

325 627 384 711 τῆς
410 626 539 710 φωνῆς,
570 614 612 692 ού
639 621 721 690 κατὰ
749 621 786 689 τὸ
816 620 975 708 δεύτερον
1002 617 1234 708 ἐμνημόνευσα
1267 619 1372 685 τῶνδε
1403 618 1474 683 τοῖν

326 726 592 816 ὑπομνημάτων,
620 730 659 796 ἐν
680 720 706 820 ᾧ
730 732 849 819 βιβλίῳ
876 725 1002 806 πάντας
1029 725 1125 806 ἔδοξέ
1148 751 1205 812 μοι
1227 723 1365 792 κάλλιον
1387 719 1474 790 εἶναι

326 837 541 923 παραθέσθαι
573 833 652 915 τοὺς
682 834 822 921 λόγους,
855 839 891 902 οἳ
913 832 951 901 τὸ
987 829 1136 900 πιθανὸν
1167 837 1280 918 ἔχουσι
1312 830 1367 898 καὶ
1399 826 1475 915 οὐχὶ

293 939 508 1027 εύπόβλητοι
535 942 653 1020 τελέως
689 943 774 1010 είσίυ
807 937 887 1008 οὐδὲ
916 953 1077 1026 γυναῖκας
1113 935 1193 1007 οὐδὲ
1225 937 1359 1016 ἰδιώτας
1394 933 1475 1005 οὐδὲ

327 1050 544 1135 ἐτυμολογίας
566 1044 586 1136 ῆ
606 1047 714 1136 φορὰς
732 1051 852 1135 χειρῶν
874 1043 895 1114 ἐ
919 1045 1102 1125 ἐπινεύσας
1123 1041 1144 1133 ῆ
1163 1043 1359 1124 ύνανεύσεις
1375 1069 1475 1128 κεφα-

327 1157 387 1240 λῆς
417 1148 437 1241 ἢ
469 1154 607 1242 ποιητὰς
635 1156 867 1222 ἐπικαλοῦνται
900 1152 1082 1241 μάρτυρας·
1111 1149 1162 1239 ἐφ’
1195 1143 1245 1219 ὧν
1277 1153 1331 1218 καὶ
1359 1150 1476 1238 μόνων

329 1258 488 1346 ἐγνώκειν
515 1277 709 1348 καταμεῖναι
736 1259 781 1347 μῆ
814 1262 975 1347 προσθείς
1002 1257 1116 1338 αὐτοῖς
1142 1258 1235 1326 ταυτὶ
1261 1256 1302 1326 τὰ
1330 1261 1395 1326 νῦν
1418 1283 1475 1342 μοι

328 1365 533 1455 γραφόμενα.
580 1368 683 1449 (δόξαν
706 1367 742 1434 dt
765 1381 835 1447 τοῖς
858 1367 1001 1454 ἑταίροις
1023 1365 1163 1454 ἄμεινον
1185 1363 1282 1447 εἶναι,
1306 1363 1389 1450 μηδὲ
1412 1361 1476 1430 ὅσα

291 1501 315 1538 ιο
329 1473 540 1542 παντάπασιν
563 1471 780 1560 ῆδολέσχηται
803 1477 848 1564 τῷ
872 1478 1070 1564 Χρυσίππῳ,
1097 1470 1180 1558 μηδὲ
1208 1466 1308 1538 ταῦθ’
1334 1467 1475 1555 ὑπερβῆ-

329 1607 385 1648 ναι
417 1585 600 1664 παντελῶς,
632 1576 716 1647 ἀλλὰ
744 1578 1018 1666 ἐπισημήνασθαί
1041 1604 1075 1645 τε
1106 1576 1169 1663 τῆν
1196 1573 1337 1646 ἀτοπίαν
1364 1572 1476 1644 αὐτῶν

331 1687 493 1767 ἐπιδεῖξαί
519 1713 554 1755 τε
586 1685 669 1774 πρὸς
700 1688 745 1777 τῷ
776 1685 882 1774 μηδὲν
907 1686 1010 1753 πλέον
1041 1681 1160 1753 ἀνύειν
1186 1679 1270 1750 αὐτὰ
1299 1681 1381 1750 κατὰ
1408 1685 1476 1750 τῶν

331 1796 493 1860 Στωϊκῶν
534 1791 710 1880 δογμάτων
751 1793 1014 1880 παρειλημμένα,
1060 1786 1116 1858 διὰ
1148 1792 1247 1858 τοῦτο
1283 1789 1475 1877 προσέθηκα

330 1897 437 1966 πάντα
460 1901 563 1966 ταῦτα
586 1898 668 1967 κατὰ
689 1899 767 1968 τόδε
789 1898 826 1969 τὸ
850 1903 993 1986 βιβλίον.
1037 1897 1111 1984 περὶ
1135 1896 1196 1984 μὲν
1219 1893 1261 1984 βῆ
1284 1899 1342 1983 τῆς
1363 1898 1479 1983 φωνῆς

292 2029 316 2070 ιι
332 2001 433 2073 οὐδὲν
456 2009 503 2072 ἐτι
527 2007 644 2093 δέομαι
662 2007 772 2092 λέγειν
791 2009 828 2075 ἐν
850 2009 935 2097 τῷδε
958 2005 1133 2094 σύμπαντα
1150 2001 1211 2071 τὸν
1230 2002 1333 2089 λόγον
1357 2005 1479 2080 [κανῶς

331 2112 581 2200 ἐξειργασμένος
608 2113 645 2180 ἐν
671 2117 716 2205 τῷ
740 2112 803 2201 πρὸ
832 2112 955 2182 τούτου
977 2118 1112 2202 βιβλίῳ,
1140 2108 1202 2178 ὅσα
1226 2108 1262 2176 dt
1290 2109 1407 2195 ἐφεξῆς
1430 2113 1477 2174 ἐτι

331 2221 390 2286 τοτ’
423 2218 497 2304 περὶ
533 2219 655 2308 ταύτης
690 2219 793 2307 λόγου
829 2219 911 2288 κατὰ
948 2218 984 2288 τὸ
1021 2222 1083 2287 τοῦ
1115 2221 1312 2304 Χρυσίππου
1343 2220 1477 2302 βιβλίον

336 2357 547 2365 ...—.-—-----

369 2421 383 2468 1
409 2409 629 2501 ύριολογοτέρων
657 2417 693 2471 Μ.
722 2448 754 2456 -
773 2424 795 2501 Ι7
826 2412 1013 2500 ἐπικαλώνται
1037 2415 1073 2472 Μ.
1102 2445 1132 2454 -
1162 2419 1178 2469 8
1206 2406 1357 2482 ἐγνύσιιειν
1380 2411 1421 2494 Μ,
1441 2442 1478 2450 -

334 2492 366 2540 12
390 2505 461 2552 προς
483 2505 514 2540 το
539 2489 618 2542 codd.
642 2489 705 2543 edd.
728 2507 799 2557 προς
824 2509 861 2561 τῳ
885 2506 949 2556 uos3
978 2489 1012 2543 ct.
1036 2485 1120 2543 Proll.
1147 2504 1174 2556 p.
1199 2491 1241 2540 81.
1262 2515 1294 2524 -
1320 2489 1352 2538 15
1372 2501 1478 2552 τροτον

333 2556 465 2612 naueh
484 2552 572 2613 τόπου
592 2560 616 2613 Κ
634 2559 720 2628 λόγου
738 2577 796 2616 nos.
816 2589 851 2600 -

334 2759 433 2842 atque
445 2757 479 2822 in
498 2757 572 2842 ipsa
591 2758 796 2824 enarratione
816 2757 958 2824 rationes
981 2758 1170 2844 aggreditur
1187 2757 1285 2842 paulo
1303 2754 1481 2841 graviores,

334 2887 351 2928 e
374 2886 511 2947 quarum
534 2887 669 2930 numero
692 2865 752 2930 illa
775 2869 824 2929 est
848 2865 886 2928 de
910 2887 1001 2948 roeo,
1029 2865 1119 2930 cuius
1142 2864 1177 2928 in
1201 2863 1339 2928 secmrdo
1362 2862 1480 2928 horum

335 2971 641 3036 commentariorum
660 2972 859 3037 mentionem
882 2971 954 3054 feci,
977 2972 1033 3036 ubi
1056 2971 1137 3036 mihi
1160 2972 1265 3035 visum
1285 2973 1354 3033 erat
1376 2970 1481 3033 satius

335 3099 404 3142 esse
433 3099 595 3163 apponere
624 3101 735 3144 onmes
760 3101 814 3143 eas
843 3079 999 3162 rationes,
1022 3100 1104 3162 quae
1131 3077 1399 3161 probabilitatem
1422 3075 1481 3140 ali-

335 3206 432 3268 quam
461 3183 633 3269 haberent,
659 3209 738 3270 non,
765 3208 847 3271 quse
875 3206 1008 3271 prorsus
1037 3184 1224 3248 obiciendae
1248 3186 1357 3247 essent
1383 3185 1481 3266 atque

335 3290 498 3375 mulieres,
519 3292 646 3376 vulgus,
667 3294 899 3376 etymologiam
918 3292 970 3358 vel
985 3314 1139 3356 manuum
1154 3290 1356 3356 admotiones
1371 3293 1482 3354 nutus-

337 3418 397 3480 que
421 3419 459 3462 ac
483 3401 615 3462 renatus
640 3399 757 3482 capitis
782 3401 832 3464 vel
852 3404 966 3483 poetas
991 3400 1024 3463 in
1047 3397 1271 3462 testimoninm
1291 3396 1482 3481 proferrent,

337 3501 370 3566 in
394 3502 506 3586 hisque
529 3504 608 3569 solis
632 3505 835 3569 decreveram
856 3506 1058 3590 acquiescere
1081 3505 1332 3590 necquidquam
1356 3503 1481 3568 adicere

337 3629 464 3692 eorum,
496 3631 578 3693 quae
605 3633 690 3676 nuno
723 3634 743 3676 a
773 3633 824 3676 me
852 3613 1045 3677 scribuntur.
1097 3611 1158 3676 Sed
1186 3611 1339 3697 quoniam
1368 3609 1481 3674 amicis

337 3715 452 3778 melius
476 3716 581 3781 visum
605 3721 716 3782 estne
740 3740 847 3782 meras
870 3719 999 3803 quidem
1023 3709 1200 3802 Chrysippi
1222 3740 1326 3804 nugas
1349 3716 1481 3783 omnino

337 3822 605 3908 praetermittere,
629 3825 684 3889 sed
708 3847 794 3908 cum,
817 3848 915 3910 quam
939 3826 1096 3890 absurdae
1120 3829 1243 3908 essent,
1265 3827 1388 3904 notare,
1410 3825 1481 3887 tum

337 3930 574 4013 demonstrare,
610 3935 835 4016 praeterquam
873 3932 958 4016 quod
990 3931 1073 3996 nihil
1110 3930 1250 4016 amplius
1283 3932 1482 4015 perficerent,

337 4039 451 4100 contra
478 4036 626 4120 ipsorum
650 4037 834 4104 Stoicorum
861 4037 990 4103 decreta
1014 4041 1174 4103 assumtae
1198 4059 1281 4119 esse,
1308 4040 1482 4120 propterea

337 4142 418 4206 haee
433 4143 614 4209 omniahoc
630 4145 713 4210 libro
730 4144 846 4209 addidi.
873 4144 922 4209 De
937 4167 1014 4210 voce
1030 4145 1158 4228 quidem
1173 4143 1325 4229 quoniam
1340 4141 1375 4207 in
1390 4165 1482 4226 supe-

338 4248 422 4314 riore
445 4250 530 4315 libro
555 4249 636 4314 satis
655 4272 814 4335 superque
833 4253 944 4316 omnia
965 4252 1127 4337 persecuti
1147 4273 1267 4335 sumus,
1289 4249 1374 4316 nihil
1396 4271 1483 4314 nuno

339 4377 420 4442 opus
450 4358 499 4418 est
526 4356 666 4442 amplius
697 4357 866 4444 disserere3
899 4379 980 4443 qnae
1008 4381 1084 4424 vero
1116 4363 1193 4443 post
1224 4357 1310 4424 huno
1337 4357 1375 4422 de
1403 4378 1482 4422 voce
