3298 5136
631 451 873 516 -169-

178 605 285 698 ἀρχὴν
311 609 380 676 τάν
409 605 541 696 νεύρων
568 603 728 696 ὑπάρχειν
755 611 793 678 ἐν
818 613 858 701 τῇ
885 614 1015 700 καρδίᾳ.
1064 606 1323 699 άποτετόλμηται

177 725 241 814 γὰρ
265 721 394 792 ἅπαντα
416 715 457 785 τά
483 719 620 785 τοιαῦτα
646 715 730 806 πρὸς
757 715 949 806 ἀνθρώπων
971 715 1154 806 ἀνατρέψαι
1177 725 1322 804 φιλονει·

176 829 345 914 ιιοάιπων,
368 825 431 894 ὅσα
453 827 561 904 καλῶς
584 832 709 911 εἴρηται
732 839 803 905 τοῖς
824 832 991 912 παλαιοῖς,
1019 825 1101 914 ὑπὲρ
1123 827 1185 894 τοῦ
1208 826 1323 894 νεωτέ-

176 963 242 1026 ραν
272 939 402 1024 α’ίρεστν
429 935 521 1000 ίβίαν
548 930 789 1017 συστήσασθαι.
837 930 877 1000 τά
909 932 971 1021 μὲν
1003 925 1067 1002 οὖν
1093 936 1230 1001 τοιαῦτα
1256 933 1324 1000 τάν

177 1042 380 1131 ψευσμάτων
416 1039 454 1106 ἐν
489 1042 534 1131 τῷ
572 1036 690 1130 πράτῳ
727 1045 845 1130 βιβλίῳ
878 1039 1045 1128 βιήλεγξα·
1082 1039 1160 1106 νυνὶ
1198 1038 1234 1106 δὲ
1272 1038 1357 1106 ἐπὶ-ἐ

176 1150 324 1238 θάτερον
347 1145 436 1225 εἶδος
457 1144 568 1231 λόγων
590 1136 640 1213 riv
658 1151 833 1215 ποιοῦνται
856 1153 984 1234 ἔγνωκα
1006 1144 1149 1235 μεταβὰς
1167 1147 1323 1227 ἐπιδεῖξαι

179 1261 306 1345 σαφῶς,
329 1251 408 1322 καθ’
435 1252 517 1322 ὅσον
540 1247 611 1332 οἷός
631 1254 670 1320 τέ
690 1257 768 1342 είμι,
790 1259 835 1344 πῇ
858 1280 937 1324 ποτε
960 1252 1174 1342 σφάλλονται.

268 1364 451 1432 Διελίσθαι
479 1360 516 1428 (11
544 1369 623 1440 ἴσως
655 1359 795 1448 άμεινον
823 1364 919 1432 ἕνεκα
946 1367 1130 1449 σαφηνείας
1156 1357 1261 1439 εὐθὺς
1288 1360 1325 1427 ίν

178 1467 266 1560 άρχῇ
289 1473 389 1539 τοῦδε
407 1471 468 1536 τοῦ
491 1467 692 1556 γράμματος,
715 1469 786 1556 ἥτις
803 1471 894 1538 ἐστὶν
912 1467 932 1557 ἡ
952 1466 1099 1555 διαφορά
1117 1471 1186 1536 τῶν
1203 1465 1325 1553 λόγων,

179 1572 232 1658 οίς
257 1581 401 1664 χρῶνται
429 1573 548 1655 πάντες
578 1579 614 1644 oi
638 1580 746 1656 κακῶς
773 1574 889 1646 ὁτιοῦν
916 1574 1213 1663 μεταχειριζόμενοι
1244 1571 1325 1660 πρό·
1341 1587 1365 1624 ¹⁰

179 1690 299 1772 βλημα.
339 1681 424 1769 φημὶ
448 1679 490 1768 δὴ
513 1684 581 1749 τῶν
599 1681 790 1769 λημμάτων,
811 1679 833 1750 ά
856 1685 951 1752 ἕνεκα
968 1686 1030 1751 τοῦ
1053 1680 1326 1770 συμπεράσματος

181 1789 404 1878 λαμβάνουσι,
425 1786 466 1856 τά
489 1786 551 1876 μὲν
573 1787 731 1877 ἄντικρυς
753 1789 838 1860 εἶναι
863 1794 985 1878 ψευδῆ,
1012 1787 1052 1858 τὰ
1076 1788 1112 1856 δὲ
1136 1785 1198 1856 οὐκ
1221 1793 1325 1856 οίκεία

180 1901 226 1988 τῷ
258 1896 462 1985 προκειμένῳ
490 1894 662 1981 στέμματι·
694 1896 850 1986 ἄντικρυς
883 1899 945 1986 μὲν
972 1901 1079 1983 ψευδῆ
1110 1893 1151 1962 τά
1177 1897 1325 1978 τοιαῦτα,

180 2008 255 2096 περί
279 1999 328 2076 ὧν
351 2008 388 2076 ἐν
410 2012 455 2099 τῷ
478 2005 597 2096 πράτῳ
621 2012 738 2095 βιβλίῳ
763 2009 907 2093 διῆλθον
929 2005 981 2073 ἐπὶ
1004 2004 1120 2087 πλέον,
1147 2000 1230 2070 ὅταν
1252 2000 1325 2088 ἤτοι
1342 2014 1364 2052 ¹⁴

181 2113 288 2203 μηδὲν
309 2117 377 2183 τῶν
395 2112 528 2201 ἀλόγων
551 2112 643 2207 ζῳων
667 2113 852 2202 ε’πιὴθυμεῑν
873 2139 923 2192 τις
945 2107 965 2199 ἢ
988 2111 1184 2197 θυμοῦσθαι
1203 2106 1326 2198 φάσκῃ,
1336 2118 1392 2174 213

221 2320 234 2367 1
255 2307 503 2381 άποτετολμῆσθαι
521 2310 551 2366 C.
571 2342 605 2350 -
631 2312 646 2363 'l
665 2303 795 2364 καθόσον
813 2307 842 2363 Ο.
863 2339 895 2348 -
915 2304 976 2362 οἷον
994 2298 1019 2362 τ’
1041 2304 1072 2360 O.
1092 2337 1124 2345 -·
1149 2311 1181 2360 11
1202 2303 1274 2372 φημὶ
1293 2301 1325 2358 rii

182 2383 212 2438 0.
233 2416 264 2424 -
288 2379 522 2452 συμπεράσματος
544 2377 582 2444 ὡς
604 2377 640 2436 τά
664 2379 756 2452 μ1νΟ
780 2399 863 2440 σοντι.
887 2373 1079 2450 λαμβάνουσιν
1102 2371 1142 2438 ὥς
1163 2370 1197 2430 τά
1222 2374 1275 2444 μὲν
1297 2375 1326 2430 Μ

183 2450 221 2517 ὥς
238 2455 304 2512 cieo.
324 2456 356 2509 Δ.
376 2485 409 2496 ·-
435 2461 468 2508 13
491 2454 541 2508 τοῦ
561 2451 750 2519 προκειμένου
769 2451 927 2520 σκέμματος
944 2447 1135 2504 GMABChK
1158 2444 1196 2519 τῷ
1216 2465 1325 2516 προκει·

185 2525 261 2597 μένῳ
281 2524 418 2594 στέμματι
436 2542 500 2588 n0s;
519 2525 553 2579 cf.
573 2531 625 2578 215
645 2524 669 2578 Κ
688 2525 768 2586 extr„
788 2529 839 2577 118
858 2521 940 2578 exer..
959 2527 1010 2575 219
1030 2519 1143 2580 111.,880
1162 2536 1189 2587 p.
1207 2518 1255 2584 in..
1275 2523 1326 2572 599

183 2599 252 2681 exit.
269 2627 301 2640 ·-
327 2603 360 2652 14
374 2597 438 2667 περ1
457 2596 512 2650 τάν
531 2597 560 2652 Μ
578 2596 643 2665 περὶ
662 2585 702 2650 ὦν
720 2594 782 2649 cA.
797 2624 832 2634 -
853 2599 884 2648 15
899 2586 1041 2662 φάσκουσι
1061 2591 1089 2646 M
1109 2583 1214 2658 φάσκει
1229 2587 1327 2643 nach

183 2687 279 2738 φσσιιη
298 2668 318 2724 C
337 2664 433 2738 φάσκῃ
452 2667 485 2723 K.
504 2698 538 2710 —

185 2867 394 2933 affirmarent.
448 2865 565 2931 Omnia
596 2865 683 2930 euim
709 2863 896 2930 huiusmodi
931 2863 1122 2948 arroganter
1149 2860 1225 2924 ficta
1252 2859 1328 2923 suni

185 2974 227 3038 ab
249 2971 447 3055 hominibus,
470 2973 534 3055 qui,
556 2975 593 3036 ui
615 2971 679 3055 ipsi
701 2992 821 3036 novam
840 2970 983 3054 aliquam
1007 2971 1130 3034 sectam
1153 2966 1328 3033 const‘tue·

184 3083 269 3162 rent,
292 3101 374 3164 quae
398 3102 418 3143 a
439 3078 603 3144 veteribus
630 3078 796 3162 praeclare
826 3077 1026 3158 dictasunt,
1053 3076 1197 3138 evertere
1226 3071 1328 3136 ambi-

184 3186 268 3252 tiose
287 3185 469 3252 studebant.
505 3184 595 3250 Haec
614 3185 717 3270 igitur
730 3185 913 3249 commenta
932 3185 965 3246 et
982 3180 1151 3246 mendacia
1168 3180 1204 3244 in
1221 3178 1329 3263 primo

183 3292 269 3358 libro
287 3291 440 3376 refutavi3
459 3314 543 3356 nunc
563 3291 603 3355 ad
619 3291 756 3356 alierum
775 3312 876 3377 genus
896 3289 1054 3355 orationis
1072 3287 1205 3354 illorum
1223 3289 1328 3350 trans·

184 3399 232 3466 ire
256 3421 294 3466 ao
316 3421 414 3485 quam
438 3397 704 3464 manifestissime
727 3397 861 3482 possim,
883 3419 947 3482 quo
970 3396 1067 3462 modo
1091 3393 1190 3460 etiam
1213 3392 1249 3458 in
1265 3391 1330 3458 hoo

188 3508 305 3588 errent,
328 3505 454 3589 aperire
478 3504 641 3570 constitui.

275 3609 385 3677 Setius
414 3615 523 3677 autem
550 3611 689 3677 fortasse
717 3611 780 3676 erit
807 3608 1050 3695 perspicuitatis
1081 3606 1189 3694 gratia
1216 3605 1329 3672 statim

185 3720 220 3784 in
242 3718 378 3784 huiusce
401 3717 478 3784 libri
500 3717 596 3784 inicio
619 3739 782 3802 quaerere,
804 3738 964 3800 quaenam
987 3715 1151 3781 rariorum
1174 3711 1329 3778 1111111111-

185 3825 300 3908 rentia,
322 3825 440 3910 quihus
460 3827 595 3890 utuntur
613 3824 673 3908 illi,
695 3825 750 3908 qui
775 3845 946 3907 perperam
965 3821 1145 3907 quamlibet
1167 3819 1329 3904 quaestic-

184 3953 260 3998 nem
283 3933 436 3996 traciana
476 3929 559 3996 Dico
582 3929 685 4017 igitur
703 3929 891 4010 sumtiones,
914 3950 995 4012 quas
1014 3927 1055 3992 ad
1073 3928 1233 3993 rationem
1256 3947 1330 3991 con·

186 4037 377 4103 eludendam
405 4035 575 4118 adhibent,
603 4036 724 4121 partim
752 4035 849 4119 plane
871 4034 973 4099 falsas
998 4055 1082 4117 esse,
1110 4033 1233 4117 parhim
1258 4051 1331 4114 pro-

185 4143 314 4228 positae
341 4143 593 4210 consideraiioni
627 4142 761 4208 minime
793 4140 1069 4221 accommodatas,
1102 4141 1198 4222 atque
1228 4135 1330 4200 falsas

186 4249 315 4335 quidem
339 4271 409 4314 esse
438 4271 507 4331 eas,
534 4249 572 4314 de
600 4249 717 4334 quibus
744 4248 778 4314 in
805 4247 911 4332 primo
939 4245 1025 4310 libro
1052 4243 1156 4309 fusius
1184 4240 1331 4323 disserui,

186 4375 261 4422 cum
284 4355 357 4441 quis
380 4355 432 4420 vel
459 4355 586 4421 nullum
608 4355 739 4420 brutum
763 4352 989 4437 concupiscere
1017 4354 1074 4414 aut
1096 4348 1207 4432 irasci,
1234 4347 1331 4412 sicuti

186 4455 302 4545 Stoici,
324 4459 376 4524 vel
399 4481 511 4527 rursus
535 4481 552 4528 e
576 4459 671 4530 corde
695 4459 774 4530 oriri
796 4480 913 4527 nervos
937 4457 1032 4549 dicit3
1058 4479 1127 4523 non
1150 4475 1331 4522 accommo-
