3444 5140
652 417 897 482 -691-

199 574 264 640 ‘aab
286 576 390 642 ταῦτα
411 573 542 661 ποιήσει
567 593 620 642 σοι
643 573 749 642 πάντα
770 577 774 662 l
799 573 910 660 πόσην
932 571 1061 661 ἡμέρην
1082 574 1138 640 καλ
1161 573 1266 642 νύκτα
1288 574 1408 648 uoles:

199 682 370 768 ’χειμῶνος
392 681 446 748 καὶ
469 681 598 768 θέρεος,
617 682 730 768 μέχρις
752 675 795 748 όν
813 678 957 759 δυνατὸς
978 671 999 768 ᾖ
1022 678 1059 748 τὸ
1083 685 1214 768 πνεῦμα
1237 683 1346 750 ἕλκειν

199 789 258 866 εεἰς
281 786 407 856 ἑαυτὸν
433 788 488 854 καὶ
517 785 619 855 πόλιν
641 788 810 874 μεθιέναι,
839 784 984 865 δυνατὸς
1010 785 1047 853 dl
1075 791 1181 873 ἔσται,
1209 785 1275 856 ἔστ’
1301 787 1344 856 ἄν

197 896 300 973 ’τινος
312 895 458 962 τουτέων
472 897 618 982 στερηθῇ
633 897 701 961 τῶν
715 892 973 980 ξυγγεγονότων.
999 895 1176 980 ξυγγέγονε
1191 895 1227 962 dl
1241 899 1344 963 ταῦτα

196 998 248 1067 ‘vt
271 1001 441 1088 εἰρημένα·
483 1003 552 1080 πῶς
574 1000 638 1086 γὰρ
661 997 703 1068 οὐ
727 999 920 1086 ξυγγέγονες
951 1003 1085 1087 πρῶτον
1108 1001 1170 1088 μὲν
1191 1005 1371 1090 φαυερῶςῡ

197 1107 277 1174 εἐστι
300 1105 487 1194 ὥνθρωπος
506 1111 591 1193 ἔχων
610 1107 648 1174 ἐν
671 1106 782 1197 ἑωυτῷ
801 1105 910 1174 πάντα
932 1109 1035 1174 ταῦτα
1058 1111 1132 1194 αἰεί,
1155 1109 1217 1188 ἕως
1234 1103 1278 1176 ἂν
1297 1113 1344 1197 ζ’,

196 1215 318 1281 ‘taetra
342 1213 377 1281 dl
402 1214 519 1299 γέγονε
542 1214 575 1294 έξ
598 1210 783 1300 ἀνθρώπου
806 1211 913 1280 πάντα
936 1217 1039 1280 ταῦτα
1063 1218 1211 1301 ἔχοντος,
1235 1219 1344 1282 ἔπειτα

195 1319 392 1408 ’τέθραπται
425 1321 462 1387 έν
489 1316 659 1410 ἄνθριόπιμ
691 1318 799 1387 πάντα
826 1323 929 1387 ταῦτα
957 1325 1083 1407 ἔχοντι,
1110 1317 1214 1389 ὁκόσα
1241 1325 1344 1408 ἔγωγε

196 1427 273 1494 ενῦν
301 1432 391 1513 φημί
414 1453 449 1494 τε
475 1427 530 1494 καὶ
563 1423 803 1513 ἀποδείκνυμι]
849 1424 906 1494 tet
933 1425 1063 1494 τούτων
1090 1424 1345 1514 όἹττποκρότης

196 1529 345 1614 ἀπέδειξε
363 1531 443 1612 τοὺς
460 1533 615 1621 τέτταρας
634 1531 760 1620 χυμοὺς
782 1531 864 1600 κατὰ
890 1531 996 1618 φύσιν
1015 1535 1053 1601 έν
1074 1530 1156 1620 ἡμῖν
1179 1532 1266 1602 εἶναι
1289 1535 1343 1603 καὶ
1359 1557 1384 1596 1⁰

195 1636 268 1726 οὐχ,
291 1637 402 1726 ὥσπερ
426 1645 510 1708 ἔνιοι
529 1645 713 1727 νομίζουσι,
735 1637 772 1707 τὸ
797 1635 879 1725 αἷμα
897 1637 1015 1726 μόνον,
1039 1640 1075 1708 έκ
1092 1647 1286 1726 περιουσίας
1307 1667 1345 1727 γε

194 1745 297 1813 πόλιν
316 1747 459 1833 ἐλέγχων
483 1744 539 1813 διὰ
562 1750 629 1813 τόν
653 1746 726 1833 ἑξῆς
748 1743 827 1824 τοὺς
849 1748 887 1814 ἓν
910 1743 1027 1814 ὁτιοῦν
1044 1745 1175 1814 τούτων
1193 1746 1346 1827 εἰπόντας

196 1851 282 1920 εἶναι
306 1851 367 1920 τὸν
390 1851 586 1984 όνθραπομ,
610 1849 655 1932 ὡς
677 1853 731 1921 καὶ
756 1851 811 1921 διὰ
830 1855 898 1920 τῶν
917 1858 1109 1941 ἔμπροσθεν
1131 1851 1245 1940 ἤλεγξε
1266 1853 1346 1933 τοὺς

195 1961 233 2026 ἓν
254 1957 457 2038 εἰπόντας
426 1986 512 2027 ειναι
535 1957 572 2027 τὸ
593 1973 757 2047 στοιχεῖον
775 1962 844 2028 τόν
864 1959 901 2026 ἐν
918 1960 1046 2046 γενέσει
1069 1960 1124 2028 καὶ
1143 1963 1260 2051 φθορᾷ
1283 1981 1345 2028 σω-

193 2064 383 2151 adtamen
336 2057 465 2152 νπὲρ
439 2093 488 2134 ιον
505 2069 563 2153 τῆς
581 2061 831 2149 όποόείξεως,“
809 2091 855 2144 ως
873 2070 970 2152 ἔφην,
988 2067 1173 2154 γέγραπταί
1187 2093 1244 2154 μοι
1263 2068 1345 2135 κατὰ
1360 2089 1386 2130 15

232 2250 312 2298 1σοι
331 2259 385 2298 om.
405 2242 484 2298 codd.
510 2243 750 2298 edda-uduav
774 2237 883 2312 ἡμέραν
907 2241 986 2297 oodd.
1013 2243 1297 2330 edd—Ninos
1316 2245 1343 2300 hl

194 2309 316 2382 Conna]
299 2333 381 2384 ηρεος
400 2309 462 2368 Δ”
444 2335 479 2383 ηρ
463 2333 526 2398 ρεος
545 2313 657 2380 BChK3
682 2314 717 2368 of.
735 2313 858 2382 Proll.p
861 2320 987 2368 .33.-
1012 2313 1097 2398 qual
1120 2311 1243 2378 δυνατός
1266 2313 1344 2371 ἔσται

193 2385 274 2440 oodd.
300 2385 361 2440 edd.
386 2380 508 2448 δυνατὸς
532 2384 563 2440 δὲ
589 2381 643 2440 ἔστ.
669 2384 805 2440 Corn-
835 2391 852 2438 4
876 2379 1086 2474 συγγεγονότων
1106 2385 1186 2441 oodd.
1211 2387 1286 2454 edd·
1312 2388 1343 2442 it.

192 2454 347 2544 συγγέγονε
370 2456 475 2511 bie-
500 2451 612 2512 6έοτιν
630 2457 710 2512 oodd.
730 2454 849 2510 add—
874 2449 935 2508 ἄνθ
936 2475 1028 2524 ρωπος
1046 2457 1126 2513 oodd.
1145 2457 1262 2514 edd.-
1286 2457 1344 2512 αέελ

192 2476 282 2582 Milyll
300 2521 506 2582 detchssoe
530 2528 563 2596 ξῆ
583 2531 669 2582 A.—
695 2525 761 2596 Ὶγέ
763 2545 847 2612 γονεν
870 2525 950 2581 dodd.
976 2527 1095 2582 edd.—
1123 2526 1223 2598 έχοντα
1248 2529 1285 2583 Μ.
1308 2560 1342 2570 —

191 2605 208 2654 8
229 2597 246 2654 έ
245 2617 344 2668 χοντος
362 2598 450 2653 ΚΑΒ
470 2597 561 2668 ἔχοντι
576 2597 656 2654 Corn.
672 2597 803 2654 chK.-
823 2591 959 2666 ἃόγοότ’
981 2597 1068 2668 ἔφημι
1088 2549 1153 2653 eulx
1151 2600 1179 2653 Μ
1198 2595 1217 2653 d
1238 2595 1292 2670 έγιό
1312 2599 1343 2654 τέ

192 2669 341 2741 φημικαλ
358 2669 502 2735 ΔΒΟΚΚς
527 2669 561 2726 oi.
581 2669 679 2724 Galen.
698 2669 753 2724 vol.
773 2670 931 2738 1‚p.502,
951 2665 1344 2742 15Κ--9ότιεδεέιικυμι

191 2689 285 2796 Μ.μ-
307 2745 337 2794 11
358 2759 387 2795 τε
407 2757 458 2812 pro
477 2760 507 2810 γε
527 2741 668 2796 Manen
688 2772 721 2780 -

193 2863 409 2870 *na-...—

191 2922 310 2988 homo
329 2921 466 2986 diebus
486 2921 662 2987 omnibus
678 2925 715 2986 et
732 2920 913 3007 noctibus
928 2927 966 2986 et
984 2923 1109 2988 hieme
1124 2926 1163 2988 et
1180 2928 1345 3008 aestate,

192 3029 321 3114 quoad
345 3028 529 3112 spiritum
553 3029 752 3094 attrahere
777 3051 819 3093 ao
842 3051 975 3094 rursus
998 3029 1156 3094 reddere
1180 3033 1344 3117 poterit,

191 3135 317 3202 donee
335 3136 477 3220 ‘aliquo
502 3157 545 3200 ex
571 3135 649 3220 hia,
676 3157 773 3221 quae
801 3135 1010 3220 congenita
1034 3139 1134 3220 sunt,
1163 3138 1343 3220 privatus

192 3241 326 3306 fuerit.
372 3239 591 3328 congenita
613 3245 738 3307 autem
766 3242 913 3307 homini
938 3247 1030 3308 aunt
1052 3264 1109 3325 ea,
1135 3265 1232 3327 quae
1255 3245 1343 3320 dixi.

192 3347 362 3424 Quidni?
413 3347 580 3412 Primum
604 3349 704 3413 enim
727 3348 821 3413 haee
844 3349 975 3413 omnia
997 3349 1109 3416 homo
1132 3351 1343 3418 manifesto

192 3475 364 3540 semper,
388 3455 512 3538 quoad
531 3455 646 3539 vivit,
668 3455 765 3546 inse
788 3454 923 3539 habet,
946 3454 1088 3520 deinde
1106 3458 1261 3542 genitus
1285 3463 1345 3524 eat

192 3583 241 3624 ex
274 3560 430 3626 homine
463 3562 590 3627 omnia
618 3561 714 3627 haeo
743 3562 912 3626 habente
951 3564 1066 3647 atque
1097 3567 1272 3631 nutritus
1305 3545 1345 3630 in
1375 3569 1380 3578 “

192 3667 323 3732 omnia
360 3666 455 3732 haec
495 3668 663 3734 habente
700 3668 867 3753 homine,
899 3689 994 3753 quae
1031 3685 1131 3736 nuno
1169 3671 1343 3756 equidem

193 3773 359 3838 affirmo
379 3777 417 3836 et
434 3772 679 3840 demonstro?
712 3773 774 3839 His
789 3773 1008 3859 Hippocrates
1022 3779 1177 3860 quattuor
1190 3779 1343 3844 humores

191 3883 312 3944 natura
335 3879 368 3943 in
392 3880 488 3945 nobie
510 3880 617 3946 inesse
636 3881 882 3964 demonstravit,
906 3902 972 3946 non
992 3882 1183 3967 sanguinem
1206 3887 1344 3969 tantum,

192 3989 232 4049 ut
255 3985 402 4050 nonnulli
425 3990 551 4072 putant,
575 4010 613 4052 ex
637 3987 814 4052 abundanti
838 4009 949 4053 rureue
972 3987 1028 4072 iis,
1051 4011 1132 4073 quae
1157 3993 1344 4075 sequuntur,

192 4093 305 4158 verbis
340 4115 395 4157 eos
430 4094 593 4179 refellens,
625 4094 680 4180 qui
713 4118 812 4160 unum
840 4094 1000 4179 quidlibet
1027 4116 1065 4159 ex
1093 4095 1146 4160 hia
1177 4095 1342 4162 hominem

192 4220 268 4263 esse
292 4199 396 4282 aiunt,
419 4201 503 4264 siout
525 4201 624 4265 etiam
648 4224 747 4286 supra
770 4224 825 4266 eos
849 4207 1054 4286 coarguerat,
1081 4202 1137 4287 qui
1161 4224 1342 4286 corporum,

192 4327 279 4390 quae
303 4305 452 4369 oriuntur
475 4310 508 4369 et
530 4307 707 4393 intereunt,
737 4330 837 4374 unum
863 4329 933 4372 esse
961 4309 1155 4373 elementum
1184 4309 1342 4391 dixerunt,

193 4412 235 4476 de
264 4433 403 4496 quorum
430 4412 719 4498 demonstratione,
747 4418 783 4479 ut
812 4415 892 4497 dixi,
925 4415 1082 4498 seriptum
1105 4438 1126 4480 a
1153 4437 1205 4480 me
1228 4418 1279 4479 eat
1308 4415 1343 4479 in

1075 4519 1128 4574 44*
