3124 5134
774 388 1020 454 -704-

322 544 422 629 ἐχρῆν
445 545 600 629 εἰρῆσθαι
619 543 811 624 πλεονάζειν
827 543 864 611 τὸ
883 548 946 612 τοῦ
963 543 1070 632 πυρὸς
1085 559 1260 632 στοιχεῖον,
1284 545 1335 613 ἐπὶ
1351 541 1443 632 &aaa

322 651 461 736 μερινοῦ
484 647 521 715 δὲ
543 646 581 715 τὸ
605 652 666 716 τοῦ
688 646 821 735 ὕδατος,
843 647 954 738 ῶσπερ
978 651 1015 718 ἐν
1041 663 1112 731 τοῖς
1134 657 1336 738 τεταρταίαις
1356 650 1447 738 χυμὸν

322 753 384 842 μὲν
412 753 475 842 τὴν
502 755 664 842 μέλαιναυ
690 756 809 843 χολήν,
840 771 1007 844 στοιχείου
1039 757 1077 826 δὲ
1104 757 1167 846 τὴν
1193 761 1267 846 γῆν.
1311 754 1395 836 ὅστις
1417 757 1447 822 δὲ

323 861 462 928 ἑκάστου
483 864 551 930 τῶν
565 862 758 948 -εἰρημένων
781 859 926 950 ἀκριβῶς
952 865 1113 950 ἐκμαθεῖν
1135 866 1291 950 βούλεται
1318 861 1377 950 τὴν
1399 863 1450 948 φύ-

295 988 392 1052 cccv,
416 973 454 1035 ἐν
475 993 510 1034 τε
532 969 699 1053 τοῖςπερὶ
721 974 864 1054 κρίσεων
890 967 1107 1057 ὑπομνήμασι
1134 967 1198 1038 κάν
1221 985 1293 1050 τοῖς
1313 970 1382 1056 περί
1402 971 1450 1054 τῆς

323 1077 487 1162 διαφορᾶς
513 1077 581 1141 τῶν
607 1077 760 1160 πυρετῶν
792 1077 1045 1164 ἐξειργασμένον
1071 1076 1132 1145 τὸν
1165 1079 1270 1163 λόγον
1292 1083 1367 1164 ἔχει·
1398 1077 1413 1143 ἐ
1440 1074 1447 1094 “

323 1181 360 1249 δὲ
384 1178 445 1249 οίπι
473 1190 579 1248 εἴωθα
606 1181 765 1262 πολλάκις
791 1179 874 1270 ὑπὲρ
898 1175 973 1252 ’τῶν
999 1180 1112 1252 αὐτῶν
1138 1183 1179 1254 τὰ
1205 1182 1294 1254 αὐτὰ
1317 1186 1453 1272 γράφειν.

322 1283 405 1354 ἀλλὰ
435 1283 520 1368 ἅπαξ
551 1281 572 1374 ἢ
605 1288 660 1354 καί
693 1289 745 1368 δίς
777 1291 883 1358 ἐνίοτε
914 1291 977 1378 τὴν
1006 1288 1179 1373 ἀπόδειξιν
1206 1295 1312 1360 εἰπὼν
1338 1291 1455 1367 ἐντοῖς

323 1391 435 1472 ἄλλοις
464 1398 607 1479 βιβλίοις
642 1398 687 1484 τῷ
725 1397 975 1484 συμπεράσματι
1006 1401 1065 1484 τῆς
1099 1395 1300 1479 ἀποδείξεως
1331 1400 1454 1484 χρῶμαι·

283 1523 308 1562 ιο
322 1499 472 1588 καθάπερ
500 1500 555 1567 καί
582 1502 656 1588 περὶ
683 1505 745 1569 τοῦ
775 1517 862 1588 τρεῖς
889 1501 975 1571 εἶναι
1002 1502 1061 1583 τὰς
1089 1501 1193 1592 ἀρχάς
1223 1507 1293 1572 τῶν
1327 1507 1455 1572 occeano

323 1610 393 1674 σῶν
414 1605 500 1694 ἡμᾶς
518 1609 693 1694 δυνάμεων
711 1606 797 1690 ἅπαξ
820 1606 995 1691 ἀποδείξας
1013 1611 1051 1678 ἐν
1073 1626 1143 1690 τοῖς
1165 1609 1312 1698 πρῶτοις
1334 1615 1457 1696 βιβλίοις

256 1733 313 1788 aas
321 1717 421 1801 τῆσδε
443 1717 501 1801 τῆς
529 1714 534 1803 Ι
563 1721 785 1801 πραγματείας
813 1717 851 1784 ἐν
877 1729 951 1797 ταῖς
972 1715 1090 1798 ἄλλαις
1111 1715 1255 1797 ἀπάσαις
1279 1719 1313 1799 ἐξ
1342 1717 1458 1804 ἑτοίμου

323 1818 492 1906 λαμβάνω,
516 1819 624 1907 μόνον
647 1818 905 1910 ἀναμιμνήσκων
927 1825 1040 1908 ἐνίοις,
1064 1820 1109 1903 ῶς
1131 1819 1377 1894 ἀποδέδεικται,
1413 1823 1456 1890 καί

323 1929 387 1994 νῦν
409 1929 495 2012 γοῦν
517 1923 613 2014 ἀρκεῖ
632 1930 670 1996 τό
693 1955 729 2016 γε
751 1933 915 1999 τοσοῦτον
933 1925 1123 2016 ἀναμνῆσαι
1146 1929 1311 2018 περὶτῶν
1334 1932 1371 1998 ἐν
1392 1931 1459 1996 ἐκεί

284 2055 309 2096 1⁵
324 2059 397 2112 νοις
419 2035 653 2121 δεδειγμένων,
676 2033 721 2115 ῶς
742 2034 821 2115 τοὺς
844 2032 1022 2116 ὀξυτάτους
1044 2061 1078 2103 τε
1101 2036 1155 2103 καί
1178 2035 1460 2112 καυσωδεστάτονς

321 2138 483 2226 πυρετοὺς
506 2137 526 2228 ἡ
551 2140 659 2230 ξανθὴ
681 2140 762 2230 χολὴ
786 2146 889 2232 γεννᾷ
916 2138 1041 2220 καλῶς
1070 2143 1278 2227 τοῦγένους
1305 2147 1374 2211 τῶν
1394 2168 1459 2208 κου

322 2249 442 2314 σωδῶν
463 2252 615 2336 πυρετῶν
639 2249 785 2316 ἐστικαὶ
813 2246 830 2317 ὁ
856 2262 1013 2336 τριταῖος.
1059 2255 1187 2335 εἴρηται
1210 2247 1248 2316 δὲ
1274 2251 1313 2316 ἐν
1336 2251 1461 2326 ἐκείνοις

360 2467 373 2545 l
394 2456 603 2547 άμφοιμερινρῦ
622 2462 652 2517 Ρ.
677 2493 709 2502 -
734 2455 891 2547 μάδατος·
915 2458 1023 2545 ᾅτοτιον
1046 2457 1075 2546 β’
1101 2463 1191 2517 τίεται
1215 2459 1341 2532 γαληνὸς
1358 2457 1462 2518 κάκεῖνο

323 2551 372 2586 του
392 2537 537 2594 πλατωνος
555 2551 585 2586 ιο
607 2527 639 2586 ἐκ
658 2533 817 2602 noanneane
834 2528 946 2602 άπαλρς
970 2551 1075 2602 σαρνος
1093 2533 1231 2601 γενέσθαι
1248 2532 1321 2589 ποτὶ
1351 2532 1461 2602 φλέγμα·

323 2599 567 2730 mammaea&
584 2599 676 2716 ni—yico
693 2603 744 2658 τοῦ
769 2603 928 2676 φλέγματος
947 2601 1057 2673 γένεσις
1075 2623 1100 2658 ιι.
1119 2624 1142 2659 ι.
1161 2609 1184 2659 l..
1210 2608 1247 2674 (p.
1269 2611 1334 2676 707,
1353 2609 1397 2674 10)
1413 2601 1462 2656 FP.

376 2813 397 2817 .-
421 2813 537 2820 —...-.---

325 2913 427 2975 aquae
455 2891 649 2957 elementum
679 2892 872 2976 redundare,
905 2893 990 2958 sicut
1016 2893 1050 2957 in
1078 2893 1246 2978 quartanis
1275 2897 1372 2960 strae
1397 2893 1462 2958 bssis

322 2996 492 3062 humorem
516 3001 550 3061 et
577 3001 683 3062 terrae
712 2999 917 3064 elementum.
963 2999 1106 3076 Quarum
1133 2999 1341 3085 singularum
1368 3021 1462 3066 mmm

323 3103 503 3188 quicunque
533 3109 684 3170 naturam
712 3126 908 3192 cognoscere
942 3105 1025 3189 vall,
1057 3105 1158 3171 habel
1189 3107 1229 3172 ‹lc
1258 3105 1313 3173 his
1343 3107 1462 3174 himin

322 3210 415 3275 libris
430 3210 470 3274 de
484 3211 632 3297 crinibus,
651 3217 722 3280 tum
741 3214 775 3278 in
794 3213 845 3296 iis,
864 3211 977 3298 quide
996 3211 1180 3280 differentia
1196 3213 1342 3282 febrium
1361 3213 1462 3298 nosipsi

323 3319 411 3401 sunt,
443 3318 646 3384 elaboratam
680 3319 1001 3406 commentationem
1034 3319 1183 3404 equidem
1212 3341 1277 3387 non
1311 3324 1402 3388 soleo
1430 3319 1462 3383 ds

323 3424 438 3489 iisdem
461 3425 573 3490 eadem
592 3431 749 3511 repelare,
771 3426 828 3492 sed
846 3425 903 3490 ubi
923 3427 1023 3491 semel
1043 3430 1140 3512 atque
1158 3427 1277 3493 iterum
1296 3425 1462 3514 aliquam

322 3531 631 3598 demonstrationem
656 3533 827 3620 explicavi,
850 3532 924 3597 aliis
949 3532 984 3597 in
1007 3533 1101 3598 libris
1124 3536 1240 3618 postea
1261 3533 1354 3598 illius
1376 3533 1462 3598 ratio

322 3637 374 3702 nis
398 3638 603 3704 conclusione
627 3643 715 3726 uior3
743 3639 832 3705 velut
859 3639 924 3704 tria
951 3659 1022 3702 esso
1049 3639 1244 3706 facultalnm
1272 3661 1334 3706 nos
1363 3659 1461 3722 rogen·

322 3745 405 3810 lium
428 3745 590 3829 principis
613 3746 768 3829 quoniam
792 3745 891 3810 semel
916 3744 1030 3826 primis
1053 3745 1148 3811 huius
1172 3747 1278 3830 operis
1302 3746 1397 3811 libris
1418 3743 1461 3806 dc

322 3851 517 3936 monstravi,
549 3855 665 3936 postea
696 3852 731 3916 in
760 3851 834 3916 aliis
863 3851 1014 3918 omnibus
1041 3872 1101 3936 pro
1129 3852 1316 3936 approbato
1346 3849 1460 3935 accipio

303 3959 434 4044 .paucis
467 3959 501 4024 id
532 3963 661 4024 lantum
694 3979 843 4042 monens,
876 3959 1134 4024 demonstratum
1165 3979 1246 4024 esso
1299 3957 1354 4024 Sic
1385 3975 1458 4022 nnnc

322 4088 448 4150 quoque
473 4067 553 4130 salis
577 4067 639 4130 orii
661 4065 700 4128 de
723 4066 775 4148 iis,
798 4087 880 4150 quae
903 4065 970 4130 illis
993 4063 1087 4130 libris
1110 4064 1412 4146 demonstravimus,
1432 4059 1458 4126 il

323 4175 452 4236 lantum
480 4193 747 4256 commemorare,
780 4172 987 4238 oculissimas
1019 4175 1052 4236 et
1082 4171 1330 4237 ardentissimas
1361 4169 1457 4234 febres

323 4301 342 4344 a
372 4279 457 4344 flava
488 4280 553 4345 bilo
585 4281 664 4346 oriri
699 4282 731 4344 el
762 4279 939 4342 tertianam
963 4299 1001 4342 ex
1029 4277 1211 4344 manlium
1244 4299 1362 4364 genero
1388 4296 1456 4338 csse.

322 4382 413 4449 Haec
440 4406 498 4450 cur
526 4409 592 4452 non
620 4387 776 4452 continua
803 4387 903 4468 esset,
933 4388 970 4449 ul
996 4384 1125 4469 ardena,
1152 4385 1209 4450 aad
1232 4383 1457 4450 interminant
