3298 5136
677 395 920 462 -187—

221 559 290 626 τῶν
313 556 588 641 έπιστημονικων,
612 554 617 640 Ι
643 549 684 621 οὐ
707 555 817 644 πολλῷ
842 552 882 620 δέ
901 579 968 620 τινι
992 552 1195 639 διαφέροντα
1223 553 1290 618 τῶν
1313 563 1434 621 eomas

222 665 402 750 φιστικῶν,
429 659 512 748 άπερ
537 659 574 727 έν
600 657 807 749 δμωνυμίαις
833 662 871 728 τέ
894 679 960 728 τισι
988 659 1043 727 καὶ
1070 673 1140 737 τοῖς
1166 661 1225 745 τῆς
1251 658 1368 738 λέξεως

224 771 366 858 σχήμασι
394 767 535 856 μάλιστα
565 773 767 835 συνίσταται.
816 763 956 854 ἀρκτέον
983 759 1046 834 οὖν
1080 763 1143 834 ἀπὸ
1171 769 1240 833 τῶν
1265 762 1368 853 ὑπαρ-

224 877 352 966 χόντων
375 873 533 944 ἁπάντων
554 877 594 963 τῇ
616 879 737 964 καρδίᾳ
760 874 815 941 καί
838 875 971 942 λεκτέον
990 875 1106 960 ἐφεξῆς
1127 876 1231 940 ταῦτα
1249 870 1368 956 πάντα,

223 985 357 1070 πρῶτον
379 981 442 1069 μὲν
464 983 501 1049 έν
524 987 716 1068 κεφαλαίοις
736 1007 770 1048 τε
794 981 849 1048 καὶ
872 979 954 1048 κατὰ
977 981 1088 1066 γένος,
1111 976 1176 1047 εἶδ’
1203 977 1290 1047 οὕτω
1312 979 1395 1045 καὶὸ

223 1087 305 1157 κατὰ
328 1090 428 1177 μέρος
449 1115 485 1156 τε
506 1090 561 1156 καὶ
584 1087 666 1156 κατά
691 1086 788 1167 εἶδος.
832 1085 971 1175 ὑπάρχει
999 1085 1041 1175 δὴ
1064 1090 1104 1175 τῇ
1126 1090 1248 1174 καρδίᾳ
1275 1086 1370 1164 θέσις

225 1197 281 1263 καὶ
313 1195 491 1282 πηλικότης
526 1196 581 1263 καὶ
613 1192 717 1282 πλοκὴ
749 1195 804 1263 καὶ
838 1193 1013 1274 διάπλασις
1043 1194 1099 1260 καί
1131 1192 1283 1270 διάθεσις
1313 1191 1369 1258 καὶ

225 1309 364 1389 κίνησις.
408 1299 473 1370 ἀπὸ
497 1301 630 1387 πρώτου
654 1294 731 1386 οὖν,
754 1305 812 1388 τῆς
834 1302 974 1386 θέσεως,
1002 1297 1142 1388 ἀρκτέον
1166 1297 1369 1367 ἐπιδεικνύν-

224 1436 295 1496 τας,
323 1407 399 1476 ὅσαι
429 1408 605 1496 προτάσεις
631 1405 695 1477 ἀπὸ
725 1407 827 1496 αὐτῆς
858 1413 1082 1475 συνίστανται.
1129 1420 1233 1474 κεῖται
1261 1403 1297 1472 δέ
1325 1402 1370 1484 ὡς

226 1515 308 1603 πρὸς
330 1516 393 1603 μέν
418 1514 479 1583 τὸν
501 1515 641 1604 θώρακα
664 1517 746 1603 μέση
774 1529 844 1594 πως
865 1518 1001 1601 μᾶλλον.
1045 1511 1066 1600 ἡ
1094 1513 1156 1600 μέν
1182 1511 1246 1600 γάρ
1274 1510 1370 1597 βάσις
1385 1531 1409 1570 10

225 1621 328 1710 αὐτῆς
354 1619 499 1710 ἀκριβῶς
526 1623 593 1690 έστι
622 1624 704 1709 μέση
736 1626 797 1690 τοῦ
824 1620 980 1709 θάρακος
1006 1618 1165 1703 ἅπαντος,
1192 1617 1213 1706 ἡ
1237 1617 1367 1707 κορυφὴ

227 1730 263 1798 δὲ
286 1730 341 1798 καὶ
364 1727 404 1797 τά
427 1729 515 1797 κάτω
539 1730 621 1818 μέρη
644 1727 782 1817 προήκει
803 1731 977 1811 τοσοῦτον,
1000 1724 1117 1814 ἡλίκον
1139 1750 1199 1813 περ
1222 1721 1266 1792 ἀν
1287 1715 1309 1814 ᾖ
1331 1722 1368 1791 τὸ

227 1838 369 1924 μέγεθος
395 1839 453 1923 τῆς
479 1840 626 1924 καρδίας.
675 1834 721 1914 ὡς
747 1834 783 1902 δέ
820 1833 903 1923 πρὸς
930 1832 1011 1902 ὅλον
1038 1832 1075 1901 τὸ
1105 1835 1189 1924 ζῷον
1215 1828 1368 1918 ἀνωτέρω

225 1947 293 2011 τῶν
315 1944 427 2031 μέσων
450 1939 555 2011 αὐτοῦ
577 1947 688 2031 μερῶν
705 1944 853 2010 τέτακται
871 1944 1045 2024 τοσοῦτον,
1068 1937 1151 2007 ὅσον
1168 1936 1279 2026 ἀπέχει
1302 1941 1370 2004 τῶν

228 2047 309 2119 κατὰ
331 2047 392 2118 τὸν
415 2047 570 2138 ὀμφαλὸν
592 2056 737 2138 χωρίων·
761 2050 870 2116 ἐκεῖνα
892 2046 956 2135 γάρ
976 2044 1191 2135 ἀκριβέστατα
1213 2043 1254 2114 τὰ
1277 2045 1369 2132 μέσα.
1386 2065 1410 2103 1⁵

229 2154 312 2225 ἀλλὰ
334 2157 388 2224 καὶ
410 2156 493 2247 πρὸς
514 2157 577 2244 τὴν
599 2156 770 2246 φάρυγγα,
799 2154 855 2223 διά
878 2146 917 2242 ἧς
940 2152 1164 2243 ἀναπνέομεν,
1191 2150 1279 2220 οὕτω
1303 2176 1371 2231 πως

228 2265 293 2351 ἔχει
315 2263 455 2351 θέσεως,
478 2261 561 2332 ὥστε
586 2261 642 2331 διὰ
669 2263 773 2351 μέσον
794 2266 856 2331 τοῦ
883 2261 1070 2350 πνεύμονος
1092 2259 1175 2350 αὐτῇ
1199 2263 1371 2347 συνῆπται.

265 2485 281 2534 5
301 2479 349 2534 καλ
367 2481 432 2534 anto
451 2473 524 2534 κατὰ
543 2496 598 2534 orn.
613 2478 642 2534 0.
663 2509 694 2518 -
717 2471 857 2564 8προ3της
877 2477 960 2532 ΟΜΑ
980 2478 1044 2532 cett.
1063 2471 1176 2545 πράτου
1195 2479 1242 2547 (sc.
1263 2476 1295 2549 τῇ
1315 2476 1370 2530 τῶν

226 2553 329 2625 καρδίᾳ
348 2545 544 2619 ὑπαρχόντων)
563 2567 622 2605 nos.
643 2582 675 2590 -·-
705 2557 736 2604 11
761 2567 875 2604 απαντα
894 2548 923 2603 Μ
941 2543 1068 2610 ἅπαντος
1086 2547 1144 2604 cA.
1165 2580 1198 2590 -
1224 2554 1257 2602 12
1276 2545 1317 2609 είς
1335 2541 1370 2600 τά

227 2621 315 2710 Ομοᾳλ
333 2618 367 2675 roi
388 2621 456 2677 MA.
471 2653 505 2706 7
525 2628 558 2676 15
573 2615 700 2706 ,ἀκριβῶς
719 2620 745 2708 C,
759 2617 947 2747 άιᾳριὲέστατα
965 2621 1032 2674 ΜΔ.
1052 2651 1086 2659 -
1107 2629 1139 2676 16
1158 2615 1210 2690 τὴν
1228 2615 1371 2688 φάρυγγα,

227 2696 255 2748 δι
293 2713 325 2762 ης
344 2692 458 2748 OMAB
477 2713 528 2748 τον
546 2697 680 2764 λαρνγγα,
704 2695 734 2748 δι
766 2712 799 2747 ον
842 2691 901 2760 hK;
925 2691 960 2746 cf.
980 2690 1064 2747 Proll.
1090 2711 1118 2764 p.
1138 2699 1170 2749 57
1190 2690 1254 2747 adn.
1274 2697 1317 2748 45.
1337 2721 1370 2730 -

227 2911 402 2976 subtilibus
417 2911 548 2996 distent,
571 2935 590 2976 a
609 2910 798 2996 sophisticis
815 2932 881 2976 non
899 2910 995 2996 longe
1014 2911 1133 2976 absunt
1152 2934 1190 2976 ex
1212 2910 1371 2997 homony-

227 3018 290 3082 mis
327 3017 522 3102 quibusdam
559 3021 592 3083 et
632 3018 758 3082 dicendi
796 3017 909 3102 figuris
945 3018 1135 3101 plerumque
1176 3023 1371 3084 constantes.

226 3123 469 3189 llxordiendum
491 3125 594 3211 igitur
617 3126 657 3190 ab
677 3124 837 3207 omnibus,
858 3145 940 3208 quae
958 3125 994 3189 in
1014 3124 1108 3190 eorde
1131 3125 1252 3208 insemt,
1275 3129 1371 3209 atque

228 3231 266 3294 de
290 3229 342 3295 his
367 3232 517 3296 omnibus
541 3232 691 3315 deinceps
711 3231 940 3314 disserendum,
962 3234 1104 3316 primurn
1127 3253 1186 3316 per
1208 3232 1317 3315 capita
1339 3235 1373 3296 et

229 3357 356 3422 genera,
380 3337 494 3404 deinde
513 3338 706 3424 singillatim
725 3340 758 3402 et
780 3359 839 3422 per
856 3339 989 3422 specics
1025 3339 1087 3403 Est
1108 3339 1144 3404 in
1162 3339 1257 3404 corde
1280 3338 1372 3420 situs,

229 3444 405 3527 quantitas,
428 3444 619 3528 complexio,
642 3445 1070 3540 conformatio,·dispositio,
1088 3450 1205 3510 motus.
1242 3445 1272 3509 A
1295 3466 1372 3529 quo-

229 3571 300 3614 rum
323 3551 445 3634 primo,
474 3552 495 3616 i.
519 3574 544 3615 e.
573 3551 652 3633 situ,
682 3550 875 3634 incipiamus
898 3548 1163 3636 aperiamusque,
1192 3555 1273 3636 quot
1298 3551 1372 3616 inde

229 3657 471 3741 propositiones
490 3657 681 3722 efficiantur.
718 3655 922 3722 Collocutum
941 3679 996 3722 cor
1015 3661 1072 3741 est,
1095 3659 1123 3722 si
1143 3659 1183 3723 ad
1206 3659 1373 3725 thoracem

231 3763 361 3847 quidem
392 3767 532 3848 spectes,
564 3765 599 3829 in
627 3763 734 3828 media
760 3763 826 3827 fere
858 3767 961 3845 parte.
1009 3764 1104 3828 Basis
1132 3765 1218 3831 enim
1248 3767 1316 3831 eius
1339 3766 1374 3830 in

231 3869 337 3935 medio
352 3893 486 3955 prorsus
500 3870 644 3936 thoracis
665 3871 729 3935 sita
748 3874 797 3935 est
814 3871 895 3953 loco,
918 3893 1030 3936 mucro
1049 3875 1157 3936 autem
1178 3872 1373 3957 inferiorque

231 3997 307 4060 pars
331 3979 460 4042 tantum
479 3978 691 4061 protenditur,
715 3981 871 4062 quantum
894 3977 1001 4042 cordis
1024 3979 1213 4064 magnitudo
1238 3982 1374 4063 occupat

229 4083 338 4168 spatii.
385 4082 443 4149 Sin
466 4086 506 4149 ad
535 4089 642 4150 totum
665 4107 792 4169 corpus,
813 4087 906 4149 tanto
931 4107 950 4148 a
973 4084 1088 4149 mediis
1111 4085 1260 4169 partibus
1283 4107 1374 4170 supe-

229 4189 297 4254 rius
321 4190 452 4274 recedit,
475 4195 597 4276 quanto
621 4188 662 4257 ab
686 4191 832 4256 umbilici
855 4191 986 4256 sedibus
1010 4192 1121 4276 distat,
1149 4191 1196 4255 ibi
1223 4191 1309 4256 enim
1333 4193 1373 4256 ad

230 4297 387 4362 amussim
410 4298 551 4363 medium
575 4301 633 4362 est.
678 4297 730 4362 Ad
753 4301 875 4384 guttur,
898 4319 955 4383 per
977 4297 1063 4383 quod
1087 4298 1299 4383 respiramus,
1325 4298 1374 4363 ita

230 4405 308 4487 apta
331 4403 400 4469 eius
419 4404 540 4489 positio
560 4408 618 4492 est,
641 4408 677 4470 ut
700 4426 758 4492 per
777 4405 917 4472 medium
936 4403 1124 4489 pulmonem
1147 4403 1196 4469 illi
1215 4403 1373 4470 adnexum
