3210 5148
557 433 799 498 -495-

103 591 159 658 καλ
196 589 424 673 πλεονάζουσα
460 594 522 660 τοῦ
557 589 784 680 προσήκοντος
815 585 835 677 ἡ
875 587 956 657 κατά
995 587 1075 668 τοὺς
1108 588 1250 678 θυμοός.

103 697 206 788 ταύτῃ
230 724 264 766 τε
288 688 352 766 οὖν
375 698 542 784 ἐνέργειαί
560 723 594 765 τε
618 693 686 783 ἅμα
708 697 762 764 καὶ
783 699 788 786 l
808 695 901 782 πάθη
925 694 1146 783 λεχθήσονται
1168 695 1247 766 καθ’
1259 716 1317 771 510

104 806 219 891 ἕτερον
242 805 296 873 καλ
324 807 439 893 ἕτερον
466 803 715 892 σημαινόμενον
737 801 759 890 ἥ
784 829 818 870 τε
846 799 931 891 ὀργὴ
955 803 1009 870 καὶ
1038 801 1058 890 ἡ
1086 803 1172 891 λύπη
1195 806 1249 873 καλ

105 908 123 978 ὁ
148 911 255 998 φόβος
277 913 331 980 καὶ
354 909 375 1000 ἡ
400 913 559 999 ἐπιθυμία
584 909 651 996 [καὶ
676 907 694 977 ό
717 908 839 998 θυμὸς]
865 907 926 976 ὅσα
949 935 983 976 τε
1009 907 1251 980 ἄλλατοιαῦτα

105 1017 160 1084 καὶ
188 1019 321 1104 προσέτι
350 1016 428 1086 καθ’
459 1017 542 1087 ὅσον
565 1016 647 1086 ὅλον
672 1015 710 1085 τὸ
734 1020 829 1104 σῶμα
852 1015 932 1103 μετὰ
960 1020 1018 1103 τῆς
1040 1021 1147 1104 ψυχῆς
1169 1015 1277 1086 ἀπό-ο

106 1150 196 1210 γεται
224 1123 307 1212 πρὸς
335 1121 461 1210 αὐτῶν,
496 1121 517 1211 ἡ
544 1131 675 1210 κίνησις
704 1128 766 1193 τοῦ
797 1123 883 1216 ζῴου
913 1123 1024 1202 πάθος
1051 1129 1140 1192 ἔσται
1168 1125 1250 1193 κατὰ

37 1295 39 1304 ,
106 1229 206 1318 άμφω
229 1231 268 1300 τά
293 1231 532 1319 σημαινόμενα.
568 1229 726 1309 πολλάκις
748 1229 809 1317 μὲν
832 1227 896 1316 γάρ
919 1231 1028 1298 ἕπεται
1051 1234 1096 1322 τῷ
1115 1241 1250 1320 θυμοει-
1330 1315 1334 1330 Ι

107 1335 224 1422 δεῖμά
252 1337 351 1406 λοιπά
380 1337 459 1423 δύο,
495 1337 653 1417 πολλάκις
685 1335 721 1405 dt
749 1340 793 1428 τῷ
827 1337 1068 1428 ἐπιθυμητικῷ,
1099 1337 1250 1426 καθάπερ

107 1441 268 1530 ἑλκόμενά
295 1471 329 1512 τε
357 1446 411 1513 καλ
439 1444 609 1532 συρόμευα
637 1443 869 1531 παραπλήσιον
899 1441 1040 1529 τρόπον,
1068 1441 1113 1522 ὦς
1139 1449 1170 1511 ελ
1196 1445 1249 1512 καλ

37 1609 38 1624 ,
109 1551 294 1638 ξυνωρίδος
326 1555 437 1619 ἵππων
468 1549 486 1619 ὁ
518 1552 581 1638 μὲν
608 1553 718 1638 ἕτερος
749 1549 966 1639 ἰσχυρότερον
997 1546 1077 1640 ᾅξας
1104 1551 1250 1638 ἐπισύρει
1266 1577 1291 1614 ιο

37 1707 39 1738 ;
107 1655 169 1723 τὸν
191 1657 306 1744 ἕτερον
332 1655 400 1746 άμα
423 1659 528 1750 ἑαυτῷ
550 1658 630 1747 μετὰ
657 1663 719 1727 τοῦ
746 1658 937 1746 σύμπαντος
964 1653 1110 1744 άρματός
1136 1684 1170 1726 τε
1196 1659 1249 1726 καλ

107 1761 260 1851 ἡνιόχου,
283 1761 301 1832 ό
321 1763 358 1832 δὲ
377 1765 487 1852 ἕτερος
505 1761 569 1833 ὑπὸ
589 1762 767 1845 ἀσθενείας
785 1767 893 1833 ἕπεται
913 1762 1129 1850 κατεπτηχάς,
1152 1761 1252 1846 αὐτὸς

109 1870 144 1938 δὲ
174 1868 192 1940 ό
222 1867 356 1959 ἡνίοχος
382 1869 581 1960 άποφέρεται
609 1878 675 1964 βίᾳ.
724 1876 904 1959 τηνικαῦτα
936 1869 1000 1958 γάρ
1032 1867 1052 1957 ἡ
1081 1869 1142 1958 μὲν
1169 1871 1251 1940 κατὰ

37 2057 39 2066 Ι
107 1975 168 2044 τὸν
202 1983 348 2066 ἔκφορον
380 1981 483 2046 ἵππου
513 1986 644 2066 αιύησις
677 1980 825 2066 ἐνέργειά
857 2005 891 2047 τε
923 1979 978 2046 καὶ
1009 1975 1121 2057 πάθος
1147 1975 1251 2048 αὐτοῦ
1320 1969 1325 1980 ’

37 2143 38 2174 3
108 2084 321 2171 λεχθήσεται,
353 2086 434 2152 κατὰ
467 2086 529 2173 μὲν
560 2085 597 2154 τὸ
626 2085 791 2172 πρότερον
818 2084 1066 2174 σημαινόμενον
1093 2086 1253 2172 ἐνέργεια,
1268 2111 1293 2150 ιι

108 2197 240 2277 κίνησις
261 2189 326 2277 γάρ
349 2192 440 2259 ἐστιν
458 2193 491 2272 ἐξ
516 2192 647 2277 ἑαυτοῦ,
671 2192 753 2260 κατὰ
777 2194 812 2260 a
836 2192 873 2261 τὸ
898 2191 1057 2278 δεύτερον
1079 2189 1141 2259 οὐκ
1164 2194 1252 2280 ἐνέρ-

146 2431 219 2478 aar
246 2415 299 2478 σάν
324 2423 346 2476 L
374 2423 445 2493 γοῦν
473 2422 709 2480 MABCbK—
735 2431 751 2480 3
778 2421 898 2510 ἕτερον
902 2423 950 2479 καλ
973 2423 995 2478 L
1024 2419 1121 2492 ἔτερόν
1148 2443 1177 2478 τε
1204 2423 1252 2479 καὶ

37 2539 39 2542 .
109 2493 340 2550 MABchK.-
485 2513 642 2566 μεκομενοκ
666 2497 761 2550 M.-
785 2489 898 2550 tacti
887 2515 903 2550 ο
921 2491 1016 2582 θυμὸς
1039 2495 1117 2550 uucis
1140 2495 1252 2550 inclusi·
1289 2551 1293 2560 ,

37 2605 40 2634 ι,
108 2585 231 2622 mus.-
198 2491 594 2636 -tudrdaiiiw-otdup
595 2567 675 2636 creda
695 2568 785 2622 M.—-
810 2561 968 2630 θάςείΙι
988 2561 1253 2634 cieetMABCbK·

109 2638 143 2692 cf.
168 2638 253 2693 Proll.
276 2656 304 2708 p.
328 2645 429 2692 36-
460 2645 492 2691 10
515 2585 675 2706 συνάρλδος
693 2637 714 2692 L
742 2639 832 2708 ξυνιορ
834 2640 893 2702 ίδες
915 2636 1080 2692 MABchK
1101 2639 1254 2706 ξυνωρίδος

110 2726 221 2764 nos-
188 2709 322 2774 -αλξας
340 2708 562 2764 audacu-
585 2715 617 2764 lc
637 2729 747 2780 πρωτον
765 2660 1023 2781 cppatvdprrceL
1043 2739 1076 2750 -

110 2944 212 3010 motio
232 2941 431 3030 iracundiae3
456 2948 491 3009 at
514 2945 647 3028 quaein
666 2945 717 3010 ira
738 2945 784 3030 fit,
807 2945 937 3010 modum
957 2943 1083 3010 excedit
1105 2945 1254 3031 iustoque

38 3039 40 3048 ’
110 3051 215 3117 maior
238 3053 296 3116 est
341 3049 413 3115 Hac
440 3051 543 3136 igitur
564 3053 691 3118 ratione
716 3053 813 3118 simul
836 3056 869 3116 et
897 3051 1040 3116 actiones
1064 3055 1097 3116 et
1120 3053 1254 3116 affectus

109 3160 176 3224 alia
199 3161 296 3244 atque
323 3157 389 3222 alia
417 3157 655 3244 significatione
682 3159 747 3244 ira,
776 3181 916 3243 maeror,
948 3158 1060 3242 timor,
1093 3159 1254 3242 cupiditas

109 3267 316 3351 eiusdemque
353 3265 480 3350 generis
517 3265 641 3348 reliqua
677 3264 838 3352 dicentur,
879 3268 1059 3350 praeterea,
1095 3269 1254 3350 quatenus

110 3378 215 3438 totum
240 3393 357 3457 eorpus
386 3394 451 3436 una
479 3394 551 3438 cum
580 3372 688 3438 animo
717 3371 759 3435 ab
787 3371 839 3437 his
867 3371 1037 3456 abripitur,
1060 3373 1163 3438 motio
1187 3373 1254 3437 aui·

110 3480 205 3544 malis
229 3479 358 3543 affectio
382 3479 445 3543 erit
468 3480 603 3563 utraque
626 3478 659 3543 vi
683 3478 781 3543 verbi.
829 3476 931 3562 Saepe
955 3478 1041 3542 enim
1065 3479 1111 3564 tit,
1133 3483 1171 3544 ut
1193 3479 1253 3543 ira·

110 3585 268 3668 cundiam,
292 3607 399 3668 saepe,
421 3589 458 3650 ut
481 3585 693 3670 cupiditatem
717 3585 859 3668 reliquae
883 3585 964 3649 duae
987 3589 1097 3669 partes
1122 3607 1255 3671 sequan-

110 3697 163 3759 tur
194 3695 319 3757 tractac
352 3695 385 3754 et
417 3693 572 3774 abreptae
604 3715 670 3758 nou
698 3715 789 3757 secus
822 3694 919 3776 atque
952 3692 985 3756 iu
1012 3691 1099 3778 bigis
1127 3693 1255 3758 evenire

110 3801 205 3884 solet,
233 3797 287 3863 ubi
315 3796 398 3861 alter
425 3817 524 3884 equus
557 3797 798 3864 vehementiore
832 3799 956 3883 impetu
985 3820 1083 3863 ruens
1116 3799 1254 3864 alterum

109 3929 173 3972 uua
200 3927 273 3970 cum
301 3907 371 3969 tcto
399 3927 494 3969 curru
522 3908 556 3969 et
583 3909 705 3970 rectore
735 3927 844 3970 secum
867 3905 983 3988 trabit,
1012 3905 1094 3970 alter
1120 3909 1255 3992 prepter

110 4011 369 4080 imbecillitatem
389 4015 615 4076 consternatus
639 4012 785 4096 sequitur
804 4017 900 4098 atque
924 4013 1023 4078 etiam
1047 4013 1162 4099 auriga
1184 4013 1255 4097 ipse

109 4122 141 4185 vi
174 4117 328 4185 aufertur.
385 4117 467 4182 'I'um
501 4119 649 4183 effrenati
681 4119 755 4204 equi
793 4123 900 4184 motus
938 4119 1002 4184 dici
1037 4123 1069 4182 et
1099 4119 1186 4186 actio
1223 4124 1256 4184 et

110 4227 238 4292 affectio
266 4223 334 4288 eius
362 4227 486 4308 potest,
514 4226 600 4290 actio
628 4225 735 4309 priore
764 4225 1016 4309 significatione,
1044 4226 1120 4310 quia
1147 4229 1254 4292 motus

110 4355 146 4398 ex
175 4355 209 4398 ae
241 4332 314 4415 ipso
342 4334 406 4414 est,
440 4331 544 4396 altera
571 4353 648 4397 vero
676 4355 741 4396 nou
769 4332 869 4416 actio,
901 4355 974 4398 eum
1006 4335 1114 4398 motus
1142 4336 1256 4398 contra

109 4443 260 4504 dabiram
299 4433 329 4500 ei
365 4441 429 4524 cst,
466 4437 521 4504 aed
559 4439 695 4504 affecti0.
750 4439 796 4503 At
832 4439 965 4524 aurigae
997 4443 1105 4505 motus
1139 4442 1255 4506 neutra
