3228 5148
620 399 840 464 ...75-

151 559 195 624 66
218 555 282 644 (Of.
306 557 446 624 Bandini
470 557 533 642 III,
559 555 644 646 100).
685 559 850 643 Excerpta
874 580 890 622 e
915 555 1031 622 Galerii
1056 557 1148 622 libris
1172 557 1211 622 de
1230 557 1302 622 Pla·

150 667 227 731 citis
259 665 349 732 foliis
385 666 501 730 1-20
533 667 849 750 comprehenduntur
882 665 1133 750 quinquaginta,
1165 686 1302 749 quorum

150 773 308 858 primum,
335 772 420 858 quod
448 795 464 836 e
492 773 577 838 libro
605 773 743 838 secundo
773 779 835 855 est,
863 774 979 856 incipit
1007 795 1026 836 a
1052 771 1160 836 verbis
1187 773 1217 836 εἰ
1238 767 1303 854 γὰρ

151 878 190 946 ἐν
218 880 263 968 τῷ
293 880 503 944 διανοεῖσθαι
535 875 580 964 (p.
608 881 670 945 271
702 879 755 966 K).
809 879 954 946 Litterae
987 901 1107 964 magna
1140 901 1179 942 ex
1210 884 1303 963 parte

151 987 323 1071 evanidas;
342 991 472 1070 praeter
485 1009 617 1052 manum
635 987 775 1071 librarii,
799 1009 881 1072 quae
899 988 934 1052 in
948 987 1095 1071 margine
1110 991 1303 1071 argumenta

151 1116 278 1176 eorum,
302 1115 384 1178 quae
408 1095 560 1188 excerpta
584 1097 673 1176 sunt,
698 1093 883 1177 adscripsit,
907 1093 1010 1158 altera
1028 1092 1197 1178 reperitur,
1221 1115 1302 1177 quac

152 1203 187 1266 in
216 1201 363 1286 margine
392 1205 425 1264 ct
452 1200 524 1284 ipsa
551 1200 673 1264 indices
701 1201 824 1284 passim
849 1199 1015 1285 apposuit,
1040 1200 1164 1285 passim
1187 1201 1303 1266 menda

152 1308 280 1380 librarii
304 1308 445 1372 correxit
468 1308 652 1392 omissaque
676 1303 873 1394 explevit⁴⁹).

243 1413 278 1498 5)
300 1414 456 1496 Enopa
482 1409 634 1490 Parisino
656 1417 777 1496 priora.
826 1413 901 1498 lpse
928 1413 1058 1478 contuli.
1104 1411 1246 1480 Exstant
1269 1413 1303 1478 in

152 1523 263 1588 codice
292 1521 464 1586 chartaceo
491 1519 553 1586 No.
581 1522 667 1585 2277
701 1517 755 1606 (of.
784 1517 887 1585 Catal.
917 1520 1004 1585 codd.
1033 1543 1192 1612 manuscr.
1225 1522 1303 1586 bibl.

153 1651 219 1714 reg.
243 1633 266 1692 t.
289 1625 335 1710 Π,
358 1625 436 1714 416)
460 1628 590 1693 saeculo
614 1626 691 1692 XVI
715 1628 838 1711 scripto
865 1628 900 1692 in
924 1627 971 1710 8⁰,
999 1627 1034 1692 in
1061 1650 1124 1712 quo
1153 1633 1304 1712 excerpta

153 1741 231 1800 sunt
261 1735 294 1820 1)
317 1734 434 1799 Galeui
463 1757 515 1798 ars
544 1735 670 1800 medica
697 1733 807 1819 (τέχνη
832 1730 989 1818 ἰατρική),
1022 1733 1056 1818 2)
1084 1734 1303 1818 Theophrasti

154 1950 277 2034 phane,
300 1949 441 2030 Zenone,
465 1947 589 2033 Gorgia
606 1948 702 2030 liber,
726 1947 761 2036 4)
784 1947 1003 2030 Theophrasti
1027 1947 1065 2010 de
1089 1947 1179 2032 igne,·
1201 1949 1303 2012 Meta·

155 2057 308 2142 physica,
340 2055 379 2119 de
406 2054 569 2138 lapidibus
600 2057 633 2119 et
663 2056 847 2138 sudoribus,
881 2055 915 2139 5)
948 2054 1084 2138 denique
1117 2053 1233 2120 Galerii
1266 2056 1304 2120 de

154 2162 369 2249 Hippocratis
392 2166 425 2225 et
447 2161 595 2228 Platonis
618 2160 826 2246 dogmatibus
850 2161 928 2226 libri
950 2159 1092 2224 Il-lx.
1138 2161 1228 2227 Haec
1252 2184 1304 2226 ex-

154 2275 269 2354 cerpta
296 2269 363 2333 alia
390 2291 487 2334 manu
520 2268 643 2350 scripta
671 2273 747 2332 sunt
776 2291 873 2354 quam
906 2289 957 2350 ea,
989 2288 1070 2350 quae
1103 2269 1305 2334 antecedunt.

154 2376 392 2442 Discernuntur
419 2381 527 2440 autem
555 2376 589 2439 in
616 2375 678 2439 hac
706 2379 798 2458 parta
829 2374 948 2440 codicis
981 2375 1046 2438 tres
1079 2397 1208 2458 manus,
1241 2398 1305 2440 una

153 2483 296 2566 librarii,
324 2505 406 2567 quae
434 2487 559 2546 textum
586 2482 730 2565 scripsit,
763 2481 866 2546 altera
895 2483 1001 2545 aetate
1029 2503 1094 2547 nou
1126 2483 1229 2546 multo
1257 2483 1304 2546 in·

154 2590 269 2672 ferior,
293 2613 375 2674 quae
398 2591 432 2654 in
456 2589 602 2675 margine
621 2593 813 2674 argumenta
832 2589 998 2672 apposuit,
1021 2589 1119 2653 tertia
1137 2589 1306 2672 recentior,

155 2719 252 2782 quae,
280 2719 476 2782 quamquam
507 2718 654 2781 perraro,
686 2695 811 2760 mendis
843 2694 970 2760 librarii
1003 2695 1218 2761 correctiones
1251 2695 1304 2760 ad-

154 2804 278 2890 hibuit3
297 2804 385 2868 illius
406 2803 632 2870 adnotationes
651 2802 754 2886 fulvo,
772 2802 869 2868 huius
888 2803 982 2890 nigro
1002 2806 1185 2869 atramento
1204 2804 1305 2888 scrip·

154 2913 209 2976 tae
236 2908 365 2997 sunau)
1101 2981 1109 2990 ,

245 3018 409 3101 Excerpta
428 3017 548 3083 codicis
564 3017 705 3082 Parisini
725 3019 758 3081 et
773 3038 908 3082 numero
925 3020 958 3082 et
973 3017 1080 3082 verbis
1098 3017 1210 3082 eadem
1230 3022 1307 3083 sunt

156 3129 255 3210 atque
270 3125 304 3190 in
313 3123 515 3209 Florentin03
532 3124 631 3189 etiam
645 3125 724 3189 ordo
739 3145 845 3188 rerum
861 3127 1007 3188 servatur
1021 3123 1116 3208 idem,
1129 3147 1206 3190 narn
1220 3123 1305 3189 inter

156 3235 344 3316 excerptum
367 3231 445 3297 XXI
469 3235 502 3296 et
523 3230 617 3296 XXII
640 3230 711 3297 loco
736 3231 951 3315 excerptionis
976 3231 1189 3296 summarium
1207 3230 1305 3315 quod·

156 3337 233 3403 dam
256 3338 376 3424 legitur
399 3338 514 3402 iisdem
538 3359 639 3422 paene
662 3339 783 3424 verbis3
807 3338 906 3423 quid?
930 3339 1015 3423 quod
1037 3339 1073 3404 in
1095 3341 1232 3422 utroque
1253 3359 1304 3404 co·

156 3445 227 3511 dics
242 3449 429 3530 excerptum
443 3445 469 3509 L
485 3449 559 3510 ants
577 3445 748 3510 XXXXIX
763 3445 958 3511 collocatum
977 3449 1034 3509 est.
1062 3444 1206 3528 Accedit,
1220 3444 1305 3530 quod

231 3621 266 3688 ⁴⁹)
286 3621 323 3674 At
341 3637 374 3675 ex
394 3621 623 3676 adnotationibus
638 3639 692 3676 non
707 3637 798 3692 pauca
811 3620 898 3674 verba
916 3621 1118 3676 interciderunt
1131 3619 1222 3674 fronte
1238 3619 1305 3675 libri

158 3727 175 3763 a
194 3709 366 3782 glutinatorc
385 3710 469 3765 nimis
488 3709 652 3764 circumcisa
670 3712 699 3764 et
717 3725 821 3778 eorum,
840 3725 912 3778 quae
927 3709 1036 3778 reliqua
1054 3709 1127 3775 sunt,
1141 3709 1225 3763 lectio
1244 3727 1304 3780 pcr-

158 3815 242 3867 qoam
262 3795 384 3852 difficilis
403 3801 458 3866 cst,
478 3799 545 3869 quia
563 3799 599 3854 ad
617 3799 873 3868 frequentissimum
892 3816 972 3852 usum
992 3798 1218 3868 compendiorum
1238 3799 1304 3854 scri·

158 3886 243 3942 bandi
262 3886 371 3941 accedIt
388 3887 480 3958 pallor
498 3888 656 3944 atramenti.

232 3977 266 4044 ⁵⁰)
287 3975 381 4032 Codex
398 3977 510 4032 videtur
528 3995 562 4032 cx
585 3977 758 4033 bibliotheca
776 3976 886 4032 Nicolai
905 3977 1047 4048 Rodulpbi
1066 3976 1222 4032 Cardiualis
1241 3994 1303 4032 cum

160 4065 258 4120 multis
276 4064 341 4119 aliis
359 4065 557 4136 manuscriptis
576 4066 675 4121 Galeni
695 4083 781 4136 opera
794 4065 1003 4121 continentibus
1017 4064 1138 4120 Parisios
1156 4062 1186 4119 in
1205 4066 1304 4120 biblic-

159 4154 270 4209 thecam
294 4153 435 4208 Francisci
458 4155 483 4223 1,
510 4155 585 4225 regis
609 4155 835 4224 Francogalliae‚
859 4155 960 4210 deinde
986 4143 1099 4225 reginae
1128 4153 1303 4223 Catharinae‚

159 4242 280 4312 denique
304 4243 333 4296 in
352 4259 425 4310 eam,
449 4261 521 4312 quac
544 4244 611 4298 clim
630 4243 708 4314 regia
726 4245 827 4298 vocata
845 4262 918 4299 nuuc
937 4243 1059 4297 nationis
1077 4242 1304 4313 Francogallicas

159 4334 215 4400 est,
237 4331 360 4400 renisoe,
384 4331 408 4386 si
431 4331 543 4400 quidam
565 4333 639 4386 idem
664 4335 718 4400 est,
745 4333 779 4387 de
807 4351 862 4402 quo
888 4331 1012 4390 Diataius
1040 4331 1069 4384 iu
1092 4330 1181 4384 Praei.
1202 4331 1304 4394 Scholl,

159 4419 244 4492 Hipp.
263 4423 292 4476 et
311 4419 408 4478 Galen.
427 4421 453 4490 Ι,
471 4439 498 4494 p.
520 4427 553 4475 14
570 4424 714 4478 memorat.
1180 4417 1185 4427 “
