3296 5150
648 429 887 492 -34‘1—

192 584 354 674 λογισμόν
380 587 425 677 τῷ
453 585 554 653 πάθει
583 583 627 672 μὴ
656 583 851 666 δοξάζοντος
877 584 939 672 μὲν
966 581 1170 670 τάνθρώπου
1192 581 1296 651 καλὸν
1319 581 1340 670 ἡ

192 691 325 780 ἀγαθὸν
348 689 434 760 εἶναι
458 690 520 778 τὴν
544 689 732 760 ἀπόλαυσιν
754 697 812 779 τῆς
840 693 1056 780 προκειμένης
1084 687 1222 778 ἡδονῆς,
1250 690 1340 758 ἕλκο-
1386 685 1391 692 ’

191 801 297 887 μόνου
320 799 360 866 δέ
379 823 449 878 πως
472 799 524 866 ἐπὶ
543 796 650 886 αὐτὴν
668 797 725 867 διά
748 797 810 886 τὴν
833 803 891 886 τῆς
910 799 1149 886 ἐπιθυμητικῆς
1167 795 1341 884 δυνάμεως

192 902 335 994 ίσχυράν
357 911 499 994 κίνησιν.
536 903 619 974 ἀλλά
643 911 673 974 εί
695 905 756 993 μὲν
779 904 797 975 6
822 903 980 993 λογισμὸς
997 904 1202 993 κρατήσειεν,
1225 905 1339 990 ἐγκρα-

191 1013 249 1102 της
272 1013 393 1082 ἑαυτοῦ
415 1039 450 1082 τε
473 1015 528 1081 καὶ
555 1017 624 1082 τόν
647 1014 769 1083 ἑαυτοῦ
795 1017 917 1082 παθῶν
940 1009 958 1082 6
982 1013 1133 1092 τοιοῦτος
1160 1010 1367 1097 ἀνθρωπόςῠ

193 1122 264 1188 ἐστί
274 1145 308 1188 τε
322 1121 377 1187 καὶ
397 1122 535 1207 λέγεται,
559 1127 590 1190 εί
603 1121 639 1189 δὲ
659 1123 831 1208 ἐπιθυμία,
848 1117 1056 1198 τούναντίον
1066 1122 1151 1210 τῷδε
1164 1117 1340 1205 πρόσρημα

192 1225 307 1314 λαβὼν
327 1223 471 1315 ἀκρατὴς
489 1225 694 1316 ὀνομάζεται.
730 1225 811 1296 ὅταν
832 1227 868 1296 δὲ
887 1223 952 1296 ἀπὸ
971 1230 1032 1296 τοῦ
1051 1228 1214 1312 λογισμοῦ
1231 1223 1341 1311 μόνον

192 1333 275 1422 πρὸς
306 1331 368 1420 τὴν
400 1339 468 1404 τεόν
501 1333 610 1422 ἡδίων
640 1334 759 1423 ἄγηται
791 1339 926 1424 χρῆσιν,
959 1332 977 1403 6
1010 1338 1162 1413 τοιοῦτος
1193 1331 1340 1420 σώφρων

193 1449 337 1510 καλεῖται
362 1441 489 1512 σκοπὸν
511 1447 569 1529 τῆς
586 1445 745 1532 αἱρέσεως
761 1440 873 1512 αὐτῶν
892 1438 934 1510 οὐ
955 1441 1017 1529 τὴν
1037 1437 1235 1525 ἀπόλαυσιν,
1257 1436 1341 1508 ἀλλά

193 1547 254 1636 τὴν
277 1545 441 1636 ἀφέλειαν
464 1553 698 1638 πεποιημένος,
721 1547 830 1639 ὥσπερ
861 1549 974 1637 γεκαὶ
1003 1545 1184 1628 ἀκόλαστος
1212 1545 1230 1616 6
1258 1546 1342 1636 πρὸς
1356 1569 1381 1608 ¹0
1490 1585 1496 1594 ·

121 1679 122 1684 ’
193 1661 250 1744 τῆς
286 1657 465 1745 ἐπιθυμίας
504 1657 611 1744 μόνης
652 1655 815 1745 ἀγόμενος
851 1655 1123 1734 ἀκολουθοῦντος
1159 1652 1243 1743 αὐτῇ
1279 1658 1340 1722 τοῦ

194 1763 296 1850 λόγον
328 1763 481 1852 καθάπερ
511 1764 603 1846 τινὸς
635 1767 774 1834 οίκίτου.
827 1769 866 1855 τη
898 1762 1035 1853 τοιαύτη
1068 1764 1241 1850 συμπλοκῇ
1273 1764 1340 1829 τάν

192 1869 251 1951 τὰς
273 1869 378 1959 όρμάς
396 1872 583 1942 κινούντων
606 1877 723 1942 αἰτίων
741 1887 904 1961 μαρτυρεῖ
923 1872 978 1940 καὶ
1001 1869 1038 1938 τὸ
1063 1873 1124 1938 τοῦ
1142 1873 1341 1957 Χρυσίππου

194 1977 411 2066 παράδειγμα.
455 1983 522 2048 τῶν
552 1979 613 2068 μὲν
641 1979 704 2069 γάρ
732 1979 815 2068 πρὸς
841 1977 981 2058 ἀναντες
1004 1977 1157 2046 θεόντων
1180 1973 1200 2064 ἡ
1224 1973 1340 2063 λογικὴ

193 2083 281 2172 μόνη
305 2084 449 2174 δύναμις
471 2085 613 2174 ἡγεῖται,
636 2092 703 2156 τῶν
732 2088 768 2156 δὲ
797 2085 962 2167 ἀκουσίως
989 2086 1040 2154 ἐπὶ
1068 2081 1220 2172 κρημνὸν
1243 2103 1381 2171 pepo-1⁶

194 2193 305 2279 μένων
333 2189 353 2280 ἡ
381 2191 517 2280 troyae,
548 2191 654 2282 ἥνπερ
687 2193 728 2281 δὴ
753 2194 789 2264 τὸ
814 2194 917 2283 βάρος
939 2197 1000 2262 τοῦ
1022 2191 1174 2279 σώματος
1197 2190 1341 2278 ἔφαμεν,

196 2296 366 2388 ὑπάρχειν,
388 2304 456 2369 τῶν
480 2299 516 2368 δὲ
540 2302 573 2380 ἐς
595 2299 632 2370 τὸ
656 2300 813 2380 κάταντες
835 2301 988 2369 θεόντων
1012 2297 1207 2386 ἀμφότεραι.
1253 2295 1405 2370 odram

195 2406 231 2473 dt
259 2408 314 2474 καὶ
341 2409 409 2475 τῶν
437 2403 489 2494 ἐφ’
520 2403 682 2494 ὁμαλοῦς,
711 2412 741 2476 εί
767 2408 880 2493 πρόσω
909 2408 1054 2494 ῥίποιεν·
1082 2403 1143 2490 ἀς,
1172 2412 1238 2490 είγε
1261 2399 1341 2471 ἀνα-

231 2621 364 2701 8ἀγεται
386 2631 420 2686 ll.
442 2662 474 2672 -
494 2639 509 2686 9
530 2631 642 2686 σκοπῶν
661 2631 698 2687 Μ.
718 2663 749 2672 -
771 2626 804 2686 οά
824 2627 881 2702 μὴν
899 2625 1058 2685 ἀπόλαυσιν
1077 2629 1113 2684 Μ.
1135 2658 1167 2668 -·

196 2839 375 2925 voluptatis
404 2839 652 2905 delectationem
680 2839 851 2905 honestam
878 2839 1008 2925 quidem
1037 2841 1094 2902 ant
1121 2838 1241 2904 bonam
1272 2858 1341 2901 esse

196 2947 329 3012 minime
353 2945 529 3030 existimat,
552 2947 608 3011 sed
631 2945 787 3012 validiore
811 2946 952 3031 quodam
971 2943 1219 3029 concupiscendi
1241 2943 1341 3008 facul·

196 3053 274 3120 tatis
299 3059 389 3120 motu
414 3053 454 3118 ad
478 3053 570 3118 illam
593 3053 727 3138 rapitur.
769 3053 891 3130 Quodsi
915 3053 1063 3137 superior
1086 3051 1227 3116 evaserit
1248 3049 1343 3134 ratio,

196 3161 245 3226 sui
275 3183 468 3246 suorumque
497 3161 670 3226 affectuum
698 3161 867 3226 continens
895 3161 995 3228 homo
1023 3163 1056 3224 et
1079 3161 1128 3223 est
1151 3163 1184 3222 et
1211 3156 1342 3242 dieitur;

196 3269 223 3333 si
244 3269 417 3354 cupiditas,
442 3267 605 3334 contraria
629 3267 703 3332 huie
729 3268 948 3354 appellatione
971 3266 1175 3332 incontinens
1197 3265 1343 3331 nomina-

195 3379 257 3438 tur.
303 3375 364 3450 Qui
384 3397 470 3440 *vero
499 3399 518 3438 a
545 3376 671 3440 ratione
702 3377 773 3440 sola
800 3375 840 3440 ad
868 3373 1080 3440 iucundorum
1108 3395 1215 3438 rerum
1248 3395 1342 3438 usum

196 3481 323 3545 ducitur
341 3481 466 3547 delectu
480 3503 590 3546 earum
614 3482 675 3547 hoe
695 3483 833 3549 consilio
851 3481 976 3564 habito,
998 3503 1064 3546 non
1083 3484 1120 3545 ut
1142 3481 1183 3546 iis
1205 3479 1343 3564 fruatur,

197 3586 252 3650 sed
275 3589 312 3650 ut
334 3587 470 3672 iuvetur,
493 3589 521 3652 is
545 3593 729 3672 temperans
754 3593 898 3673 vocatur,
921 3589 1007 3654 sient
1030 3588 1265 3672 intemperans,
1287 3587 1342 3672 qui

197 3715 217 3756 a
244 3691 421 3776 eupiditate
451 3696 521 3759 sola
549 3695 691 3760 trahitur
718 3701 871 3780 sequente
899 3695 998 3761 etiam
1027 3699 1194 3780 tamquam
1223 3693 1342 3759 aneilla

196 3798 334 3882 quadam
363 3798 436 3882 ipsa
470 3801 605 3866 ratione.
656 3801 740 3866 Huie
769 3825 938 3868 causarum
968 3802 1184 3886 appetitiones
1214 3822 1341 3866 moven-

197 3906 277 3970 tium
308 3905 525 3990 complexioni
557 3907 656 3972 etiam
689 3909 864 3994 Chrysippi
897 3910 1080 3995 exemplum
1117 3908 1342 3994 adstipulatur.

196 4011 282 4077 Nam
307 4013 362 4098 qni
387 4035 444 4097 per
467 4012 602 4078 aoelivia
625 4019 772 4099 currunt,
796 4038 850 4080 eos
874 4017 1044 4082 rationalis
1068 4016 1139 4081 sola
1168 4015 1217 4080 vis
1244 4013 1343 4096 ducit,

196 4119 396 4184 irrationalis
420 4123 547 4203 eontra,
575 4143 672 4204 quam
696 4123 842 4207 eorporis
870 4124 1066 4208 gravitatem
1089 4122 1244 4204 diximus,
1278 4141 1343 4203 eos,

195 4227 250 4312 qui
270 4227 309 4292 ad
330 4227 523 4312 praecipitia
543 4227 636 4292 inviti
654 4227 816 4314 serpulum
841 4231 949 4314 atqui
969 4251 1027 4313 per
1044 4228 1182 4294 declivia
1201 4231 1343 4310 currunt,

196 4337 340 4419 utraque.
378 4333 447 4400 Neo
470 4357 572 4420 secus,
595 4336 650 4420 qui
673 4337 862 4421 perplana,
885 4336 912 4400 si
936 4357 1070 4421 prorsus
1089 4336 1234 4420 tendent3
1257 4355 1343 4417 nam,

197 4441 224 4504 si
253 4445 340 4508 retro
368 4441 585 4527 reclinabant,
613 4445 743 4508 current
773 4443 903 4528 quidem
935 4443 1041 4512 minus
1069 4463 1166 4528 quam
1195 4441 1266 4526 alii,
1298 4445 1342 4525 at,
