3444 5140
658 385 899 450 -735—

204 542 267 633 μὲν
291 535 354 613 οὖν
377 541 508 613 ἀπιστεῖ
526 569 576 624 τις
598 551 669 622 τοῖς
696 541 752 611 διὰ
776 541 965 629 αἰσθήσεως
987 537 1007 628 ἢ
1032 539 1180 628 νοήσεως
1208 542 1355 630 ἐναργῶς

205 651 440 740 φαινομένοις,
469 648 548 720 οὐδὲ
576 653 752 739 ἐπιχειρεῖν
779 647 841 739 χρὴ
865 648 1020 718 συστάσει
1043 649 1157 737 τέχνης
1185 645 1355 736 οὐδεμιᾶς·

206 764 238 827 εί
259 758 297 827 δὲ
320 765 474 846 φαίνεται
496 757 536 826 τὰ
559 761 627 827 τῶν
648 761 775 845 τεχνῶν
798 762 879 846 ἔργα
900 760 945 848 τῷ
969 761 1031 846 βίῳ
1050 758 1118 824 τῶν
1138 755 1143 844 1
1163 752 1356 844 ἀνθρώπων
1367 773 1422 828 726

205 867 362 956 χρήσιμα,
383 865 516 944 πάντως
539 883 605 933 που
622 879 693 944 τοῖς
711 879 866 951 φυσικοῖς
887 869 1069 952 κριτηρίοις
1091 865 1128 930 οί
1146 861 1356 942 πιστεύοντες

206 973 380 1060 ἄνθρωποι
412 971 474 1060 τὴν
505 978 616 1062 κρίσιν
649 967 760 1039 αὐτῶν
792 971 1001 1058 ἐποιήσαντο.
1053 970 1109 1038 κοιλ
1141 965 1235 1058 ἡμεῖς
1262 966 1382 1038 εὐτυ-ο

206 1083 353 1170 χέστεροι
390 1079 473 1150 κατὰ
509 1083 673 1150 τοσοῦτον
709 1080 847 1147 ἐκείνων
883 1079 997 1166 ἐσμέν,
1039 1075 1090 1146 ὅτι
1130 1076 1172 1144 τὰ
1212 1075 1356 1165 χρήσιμα

207 1193 318 1279 πολλῷ
352 1187 462 1279 χρόνῳ
494 1185 575 1274 μετὰ
607 1185 765 1274 καμάτων
801 1212 836 1253 τε
867 1186 923 1254 καὶ
954 1187 1148 1274 φροντίδων
1176 1181 1356 1270 εὑρεθέντα

208 1310 277 1374 τοῖς
308 1292 372 1383 πρὸ
405 1291 501 1381 ἡμῶν
533 1289 628 1362 αὐτοὶ
661 1291 882 1381 μανθάνομεν
914 1289 1018 1383 ὀλίγῳ·
1042 1290 1161 1382 χρόνῳ.
1206 1288 1266 1359 ἐὰν
1293 1282 1357 1358 οὖν

206 1405 252 1492 τῷ
289 1404 393 1492 λοιπῷ
429 1404 491 1470 τοῦ
527 1405 605 1487 βίου
641 1399 686 1487 μὴ
718 1399 800 1468 κατὰ
836 1398 873 1469 τὸ
910 1397 1078 1488 πάρεργον
1113 1395 1264 1485 ἀσκῶμεν
1298 1397 1357 1477 τὰς

209 1509 336 1596 τέχνας,
361 1505 445 1576 άλλά
468 1509 543 1596 περὶ
560 1506 624 1594 τὴν
645 1511 714 1576 τῶν
737 1505 865 1594 ὁμοίων
886 1533 919 1574 τε
941 1507 997 1574 καὶ
1019 1503 1190 1594 ἀνομοίων
1213 1503 1396 1591 crepam-10

209 1634 264 1684 σιν
295 1613 347 1684 ἀεὶ
380 1621 621 1704 φροντίζωμεν,
655 1611 756 1682 οὐδὲν
788 1613 908 1682 κωλύει
943 1617 1012 1682 τῶν
1048 1619 1240 1702 ἔμπροσθεν
1270 1608 1356 1700 ἡμᾶς

209 1723 366 1808 γενέσθαι
399 1725 556 1807 βελτίους.
608 1724 678 1799 πῶς
713 1713 777 1789 οὖν
807 1720 1049 1808 χυμνασόμεθα
1080 1720 1135 1788 καὶ
1168 1716 1357 1808 άσκήσομεν

208 1827 294 1917 ἡμᾶς
317 1826 454 1910 αὐτούς;
478 1825 542 1897 ἀπὸ
567 1830 635 1896 τῶν
658 1832 855 1916 γνωσθῆναι
879 1827 1011 1918 ῥᾴστων
1035 1823 1229 1916 ἀρξάμενοι,
1252 1825 1357 1895 καθά-

207 1961 269 2023 περ
293 1933 311 2004 ὁ
331 1933 548 2025 Ἱπποκράτης
571 1933 649 2003 εἶπε.
694 1939 798 2004 ταῦτα
821 1935 885 2024 γάρ
910 1936 978 2003 ἐστι
1001 1932 1041 2001 τὰ
1064 1932 1211 2020 μεγάλην
1239 1937 1357 2021 ἔχοντα

208 2041 272 2129 τήν
294 2069 329 2110 τε
352 2046 400 2122 είς
422 2040 503 2112 ὅλον
525 2041 586 2111 τὸν
609 2047 688 2128 βίον
709 2049 825 2130 χρείαν
853 2043 908 2110 καὶ
936 2040 997 2127 τὴν
1023 2041 1107 2128 πρὸς
1134 2037 1260 2126 άλληλα
1288 2043 1357 2108 δια·
1372 2063 1397 2104 ω

210 2148 331 2238 φοράν.

296 2253 379 2344 Ἐρῶ
404 2256 441 2324 ol
463 2257 518 2326 καὶ
541 2257 749 2346 παράδειγμά
773 2277 827 2325 σοι
849 2254 938 2344 παρὰ
962 2255 1115 2342 ἑκατέρου
1133 2256 1201 2320 τῶν
1219 2249 1357 2339 ἀνδρῶν

210 2364 306 2431 ἕνεκα
339 2361 487 2450 νοήσεως
520 2366 765 2453 ἐναργεστέρως.
811 2361 828 2431 ὁ
857 2363 919 2451 μὲν
951 2354 1013 2431 οὖν
1031 2358 1246 2449 Ἱπποκράτης
1269 2357 1355 2428 οὕτω

249 2586 262 2632 1
283 2585 342 2642 τοῖς
360 2573 551 2649 disseminatos
569 2579 601 2636 A.
623 2611 656 2618 —
678 2585 709 2633 12
729 2573 941 2649 χνμνασάμεθα
959 2575 996 2630 Μ.
1017 2607 1049 2615 -

212 2797 261 2862 dit
283 2797 333 2884 iis,
356 2817 438 2883 quae
461 2818 520 2881 per
543 2818 673 2862 sensum
694 2795 746 2860 vel
769 2794 970 2860 intellectum
990 2793 1153 2858 evidentia
1175 2793 1360 2858 manifesta-

212 2927 273 2990 que
297 2907 382 2990 sunt,
406 2926 479 2969 cum
495 2926 537 2969 ne
562 2903 696 2990 aggredi
719 2902 846 2988 quidem
867 2901 948 2966 artis
971 2900 1070 2965 ullius
1090 2901 1360 2984 compositionem
1488 2959 1493 2966 .

212 3015 354 3097 oportet3
375 3011 426 3076 sin
445 3010 564 3074 artium
583 3031 682 3094 opera
701 3010 787 3074 vitae
806 3008 974 3074 hominum
992 3007 1087 3072 utilia
1105 3027 1175 3070 esse
1190 3010 1358 3090 apparent,

211 3118 417 3184 naturalibus
436 3120 522 3182 certo
541 3116 669 3181 iudiciis
684 3116 795 3201 utique
813 3115 910 3180 fidem
921 3114 1079 3180 habentes
1097 3112 1244 3179 homines
1259 3113 1298 3178 de
1316 3113 1358 3178 iis

212 3225 445 3293 iudicaverunt.
490 3223 623 3309 Nosque
651 3222 716 3286 illis
745 3225 838 3288 tanto
866 3243 977 3287 sumus
999 3220 1175 3306 feliciores,
1202 3219 1287 3305 quod
1311 3242 1358 3304 ee,

213 3353 295 3419 quac
318 3331 458 3397 maiores
480 3331 586 3397 nostri
613 3329 713 3415 longo
738 3329 894 3415 temporis
922 3328 1029 3413 spatio
1057 3327 1167 3393 multis
1190 3327 1358 3393 laboribus

213 3440 362 3524 curisque
400 3438 593 3503 invenenmt
635 3435 743 3514 utilia,
782 3458 842 3501 nos
882 3436 974 3501 brevi
1010 3439 1156 3519 tempore
1196 3433 1359 3500 discimus.

214 3545 336 3623 Quodsi
373 3544 511 3630 posthac
549 3567 616 3610 non
651 3542 863 3628 neglegenter
897 3547 984 3608 artes
1020 3541 1268 3626 excoluerimus,
1303 3541 1359 3606 sed

215 3651 372 3718 similium
395 3655 429 3715 et
451 3650 657 3716 dissimilium
680 3648 880 3716 distinctioni
900 3649 1064 3715 assiduam
1083 3671 1216 3732 operam
1237 3650 1359 3733 impen-

214 3758 369 3842 derimus,
394 3756 479 3822 nihil
506 3757 666 3842 obstabit,
698 3757 777 3843 quin
808 3757 973 3823 veteribus
999 3756 1149 3822 meliores
1178 3755 1360 3822 evadamus.

215 3865 286 3942 Quo
314 3865 416 3950 igitur
443 3862 539 3930 modo
569 3864 789 3929 exercebimus
817 3864 1062 3949 excolemusque
1086 3862 1167 3930 nos?
1214 3861 1248 3928 Si
1272 3885 1292 3927 a
1313 3861 1360 3926 ia-

215 3971 345 4036 cillimis
374 3971 506 4056 cognitu
536 3971 753 4056 exordiemur,
781 3974 818 4035 ut
845 3972 972 4036 monuit
997 3969 1226 4055 Hippocrates.
1271 3967 1360 4034 Haec

216 4077 301 4142 enim
320 4079 405 4162 sunt,
428 4100 511 4163 quae
530 4099 683 4163 magnam
702 4079 873 4144 universae
891 4077 1061 4145 hominum
1079 4078 1166 4142 vitae
1184 4077 1361 4142 utilitatem

216 4184 355 4248 afferant
376 4205 591 4271 magnamque
614 4185 700 4249 inter
724 4207 757 4248 se
780 4183 925 4250 habeant
947 4185 1170 4250 differentiam.

304 4289 455 4356 Referam
479 4295 588 4356 autem
611 4291 672 4357 tibi
692 4291 877 4376 exemplum
900 4292 942 4356 ab
960 4295 1096 4377 utroque
1115 4291 1186 4357 viro
1211 4294 1362 4374 sumtum,

215 4420 280 4482 quo
304 4419 355 4462 res
379 4397 550 4464 dilucidius
575 4402 673 4483 queat
695 4398 852 4484 intellegi.
892 4398 1111 4484 Hippocrates
1129 4398 1260 4483 quidem
1281 4397 1363 4465 haec
