3246 5148
655 420 835 482 9.

160 577 298 641 cadaver
318 576 459 640 hominis
479 580 686 660 aperuerant,
706 577 828 659 onmia,
846 599 927 661 quae
943 577 1083 642 Galenus
1103 579 1142 642 de
1161 581 1308 663 corporis

160 683 295 748 humani
319 683 445 746 fabrica
462 681 650 764 tradiderat,
674 705 733 746 usu
756 683 896 766 probata
915 689 947 747 et
966 685 1156 748 confirmata
1179 707 1308 750 cernere

161 791 225 854 sibi
249 789 457 871 videbantur,
484 809 679 874 quamquam
703 789 731 852 is
755 790 917 872 permulta
939 790 1025 854 falsa
1048 795 1080 854 et
1103 791 1199 874 plena
1223 814 1308 857 erro·

160 897 206 960 ris
230 896 396 978 docuerat,
420 895 539 978 quippe
563 896 618 978 qui
640 917 806 978 nunquam
825 896 967 960 hominis
988 919 1104 980 corpus
1127 897 1308 962 incidisset:

161 1004 254 1066 tanta
273 1001 412 1086 caligine
427 1005 460 1064 et
474 1000 584 1066 oculos
603 1005 636 1064 et
655 1005 778 1065 mentes
793 1007 980 1067 occaecatas
996 1004 1094 1068 ctiam
1114 1007 1190 1068 tunc
1205 1005 1310 1069 tenuit

161 1108 339 1173 auctoritas
364 1107 492 1172 Galerii!
534 1106 639 1182 Quid?
663 1109 761 1192 quod,
790 1131 861 1174 cum
886 1110 1051 1193 Vesalius,
1079 1111 1309 1174 celeberrimus

115 1251 123 1262 ·
161 1213 239 1278 xt'l
263 1214 382 1278 sacculi
411 1213 627 1295 anatomicos,
654 1237 692 1279 ex
720 1216 830 1280 incisis
859 1218 1049 1301 corporibus
1077 1217 1228 1281 humanis
1256 1217 1307 1280 de-

160 1323 375 1384 monstrasset
397 1323 541 1383 stemum
565 1341 582 1383 e
605 1319 710 1384 tribus
734 1323 882 1405 partibus
902 1328 1065 1405 constare,
1088 1345 1154 1388 non
1173 1324 1307 1406 septem,

162 1427 210 1492 uti
238 1426 379 1490 Galenus
407 1421 628 1510 docuissct¹⁷),
657 1425 800 1491 Jacobus
830 1427 974 1512 Sylvius,
1006 1431 1198 1512 praeceptor
1230 1428 1308 1509 cius,

160 1538 197 1597 nt
219 1533 332 1596 (taleni
357 1531 537 1596 doctrinam
560 1534 717 1614 tueretur,
742 1535 867 1598 censuit
885 1535 1051 1599 hominurn
1076 1554 1191 1619 genus,
1214 1534 1308 1616 quale

161 1661 246 1704 nnnc
270 1642 368 1720 esset,
394 1637 555 1701 minutum
583 1641 616 1701 et
639 1640 792 1722 pusillum
817 1661 875 1724 pro
899 1641 1032 1724 antiquo
1056 1662 1185 1726 genere,
1213 1642 1308 1724 quale

162 1747 240 1812 olim
272 1743 413 1810 Galenus
443 1743 590 1827 vidisset,
623 1767 693 1808 esse
726 1746 861 1830 ideoque
893 1747 1014 1812 habere
1047 1752 1191 1812 sternam
1221 1748 1307 1811 iusto

162 1853 300 1916 brevius.
329 1851 361 1914 Is
379 1851 481 1935 igitur
499 1873 606 1914 rerum
625 1853 755 1916 veritati
775 1853 968 1917 auctoritate
989 1851 1103 1918 Galeni
1124 1853 1308 1937 anteposita

162 1959 242 2024 talia
265 1963 396 2040 tamque
420 1957 558 2022 absurda
581 1963 781 2022 commentus
805 1963 863 2023 cst.
909 1959 962 2024 Sic
987 1960 1183 2024 Graecorum
1207 1960 1306 2042 impe·

161 2063 246 2128 rium
270 2087 334 2126 non
357 2063 464 2128 minus
488 2085 586 2148 grave
614 2087 710 2147 qnam
735 2065 880 2130 Arabum
913 2066 1090 2131 videbatur.
1136 2063 1198 2128 Sed
1221 2065 1306 2128 vide·

163 2171 260 2234 batur
281 2173 423 2252 tantnm3
450 2193 525 2234 narn
553 2169 650 2234 iidem
679 2171 806 2255 Graeci,
834 2172 984 2255 inprimis
1012 2172 1243 2256 Hippocrates,
1273 2177 1308 2236 nt
1410 2219 1413 2224 -

162 2277 225 2360 ipsi
250 2277 330 2340 artis
355 2277 546 2360 magistram
569 2281 719 2344 naturam
743 2279 833 2362 sequi
857 2277 1043 2360 studebant,
1067 2279 1114 2342 ita
1137 2301 1306 2362 praecepe-

163 2389 235 2448 rant
265 2382 446 2466 discipulis,
475 2404 516 2446 ne
545 2383 579 2446 in
607 2385 705 2447 verba
734 2383 884 2468 magistri
915 2387 1035 2448 temere
1064 2385 1221 2466 iurarent,
1252 2385 1307 2448 sed

161 2489 332 2554 veritatem
363 2489 467 2554 solarn
496 2487 725 2575 investigatnri
756 2513 827 2554 eam
859 2493 1007 2554 tenerent
1039 2491 1212 2572 rationem,
1244 2512 1307 2574 qua

163 2619 238 2660 vera
261 2619 281 2660 a
304 2595 397 2660 falsis
420 2619 479 2660 suo
503 2595 622 2660 iudicio
646 2593 932 2682 dignoscerent¹⁸),
960 2597 1044 2681 quod
1072 2620 1135 2681 quo
1158 2595 1264 2680 magis
1288 2619 1308 2659 a

162 2703 295 2768 medicis
323 2701 532 2786 physicisqne
561 2703 680 2766 saeculi
709 2702 785 2766 XVI
813 2703 1013 2767 intellectum
1041 2707 1103 2785 est,
1133 2725 1171 2767 eo
1200 2702 1307 2766 minus

163 2809 355 2874 verebantur
378 2809 544 2872 doctrinae
563 2808 742 2891 antiquitus
762 2809 900 2874 traditae
920 2809 1057 2874 vinculis
1081 2832 1114 2872 se
1134 2810 1308 2892 exsolvere,

236 3091 267 3158 ¹³)
292 3089 334 3144 Cf.
353 3090 447 3144 Galen.
473 3089 507 3144 de
531 3089 638 3144 ossibus
658 3089 718 3145 vol.
740 3091 776 3156 ΙΙ,
796 3097 846 3144 763
870 3091 978 3148 ed..R.:
1008 3085 1041 3144 τά
1065 3091 1096 3145 dt
1121 3091 1170 3144 τοῦ
1191 3089 1307 3164 στέρνον

165 3175 256 3246 (ὀστᾶ)
276 3174 474 3246 συνὴρθρωτιιι
493 3175 545 3248 μὲν
564 3172 705 3246 άλλήλοις,
725 3172 795 3232 ἔπτὰ
815 3173 844 3231 δ’
865 3173 922 3232 ἐστὶ
942 3175 991 3232 τὸν
1010 3174 1149 3248 ἀριθμὸν,
1172 3173 1236 3233 ὅσοι
1256 3199 1308 3246 περ

163 3269 210 3321 act
229 3265 262 3322 cei
278 3262 348 3334 πρὸς
361 3262 431 3320 αύτό
447 3262 672 3336 διαρθρούμενοιι
688 3269 813 3334 πλευραί.
842 3267 883 3322 De
898 3285 948 3321 nau
966 3267 1088 3336 partium
1104 3267 1164 3321 Vol.
1180 3267 1227 3333 111,
1242 3273 1306 3320 599:

163 3351 211 3410 διά
232 3359 261 3410 τι’
277 3353 306 3408 δ’
323 3350 352 3420 ἐξ
373 3349 458 3423 ἑπτά,
478 3351 508 3410 τὸ
528 3355 637 3424 πλῆθος
656 3355 710 3408 τῶν
729 3355 987 3425 συναρθρουμὲνιον
1006 3355 1133 3423 πλευρῶν
1152 3355 1255 3407 αι’τιον·
1273 3353 1307 3408 ’ἐν

162 3439 215 3513 γάρ
234 3439 337 3500 ὀστοῦν
356 3445 405 3498 τοῦ
426 3443 542 3512 στέρνου
562 3439 633 3497 καθ’
650 3439 772 3512 ἕιιάστην
791 3439 895 3498 αὐτῶν.
916 3445 961 3512 (de
976 3443 1139 3499 anatomicis
1153 3443 1307 3498 administr.

163 3533 223 3588 Vol.
246 3535 284 3600 ΙΙ,
303 3539 354 3588 aba
374 3535 453 3602 sqq.).

237 3623 268 3690 ¹⁸)
292 3621 333 3676 Cf.
358 3621 487 3691 Hippocr.
513 3621 592 3692 apid.
614 3629 689 3690 1,a:
718 3617 827 3676 νούσων
852 3617 953 3691 φύσιες
976 3620 1074 3690 ιἠτρολ.
1111 3621 1207 3676 Galen.
1228 3621 1308 3688 Quod

165 3713 250 3766 animi
270 3729 360 3766 mores
379 3728 452 3779 corp.
472 3713 557 3780 temp.
576 3715 727 3780 sequuntur
746 3711 807 3766 vor.
826 3712 873 3780 IV,
893 3717 957 3766 8052
978 3704 1161 3776 Ἱπποκράτης
1180 3740 1212 3750 -
1232 3703 1309 3774 άξιο·

163 3796 328 3863 πιστότατός
347 3795 405 3854 ἔστι
424 3793 542 3869 μάρτυς,
567 3799 597 3853 εἴ
611 3798 642 3867 γε’
662 3819 702 3861 τις
722 3794 768 3853 ἐπὶ
786 3796 904 3870 μάρτυρι
923 3803 1045 3866 ποιοῖτο,
1069 3793 1203 3866 καθάπερ
1223 3794 1309 3860 ἐνίοις

165 3887 232 3951 ἔθος
251 3883 322 3956 ἐστὶ,
341 3883 393 3956 τὴν
411 3888 467 3942 τῶν
485 3884 634 3957 δογμάτων
648 3883 798 3956 ἀλήθειαν.
828 3882 882 3955 ἐμά
902 3882 930 3940 d'
946 3881 998 3956 ούχ
1017 3882 1055 3949 ὡς
1073 3882 1191 3956 μάρτυρι
1210 3882 1308 3954 τάνΰρλ

163 3971 284 4030 πιστεύω
303 3982 362 4038 τοῖς
379 3979 491 4039 πολλοῖς
509 3970 654 4044 ὡσαύτως,
677 3971 737 4030 ἀλλ’
758 3969 801 4030 ὅτι
820 3971 871 4038 τάς
893 3971 1055 4040 άτιοδείξιις
1078 3971 1168 4030 αύτού
1192 3978 1309 4047 βεβαίοις

163 4060 232 4132 ὁρῶ,
255 4059 304 4118 διά
325 4064 408 4118 τοῦτο
431 4065 501 4134 γοῦν
524 4063 572 4120 aot
596 4059 685 4120 ιιύτόν
708 4067 781 4136 (lege
801 4060 897 4134 οιύτύς)
923 4061 1030 4120 ἐπαινῶ
1049 4061 1099 4119 τὸν
1114 4059 1308 4132 Ἱπποκράτην.

163 4153 238 4208 Idem
262 4153 418 4208 Commeat.
443 4155 465 4207 ΙΙ
489 4153 518 4207 in
540 4153 671 4224 Hippocr.
695 4154 743 4208 lib.
762 4155 800 4209 VI
825 4154 904 4223 Epid.
925 4155 987 4209 Vol.
1006 4154 1096 4222 xvn,
1118 4161 1144 4220 1,
1168 4159 1232 4206 951:
1257 4146 1309 4221 ούχ

162 4237 270 4308 ἁπλῶς,
294 4239 336 4303 οἷς
359 4235 396 4295 ἂν
419 4243 492 4296 εἴποι
516 4263 557 4306 τις
575 4237 670 4299 ιιύτών
689 4246 735 4310 (sc.
756 4243 812 4296 miv
835 4243 986 4312 παλαιῶν),
1010 4238 1145 4309 πιστεύω,
1169 4243 1308 4312 carovico

163 4328 194 4384 δὲ
215 4330 262 4383 οιαὶ
281 4324 369 4390 αὐτὸς
387 4330 419 4399 τῇ
440 4350 468 4383 τε
489 4334 572 4403 πείρᾳ
596 4333 643 4386 nat
667 4333 704 4404 τῷ
724 4327 810 4404 λόγῳ,
833 4327 953 4399 πότερον
977 4327 1083 4400 ἀληθές
1108 4326 1182 4384 ἐστιν
1201 4323 1218 4399 ἢ
1238 4332 1309 4398 ψεῦ-

164 4419 223 4488 δος,
244 4411 259 4472 ὃ
280 4413 463 4488 γεγράφασιν.
484 4419 524 4474 Cf.
545 4420 628 4476 etiam
648 4421 682 4476 de
702 4421 907 4477 Constitutione
925 4423 977 4474 art.
996 4419 1069 4474 med.
1089 4418 1150 4474 Vol.
1169 4420 1194 4488 Ι,
1213 4425 1274 4474 244.
