3298 5136
741 409 984 475 -188—

287 564 370 635 κατά
396 564 460 655 γάρ
483 564 546 652 την
567 562 746 655 άριστερδιν
773 569 904 636 κοιλίαν
936 571 994 654 τῆς
1020 571 1158 656 καρδίας
1186 566 1345 654 έκφύεταί
1367 566 1432 660 cael

221 672 428 763 θὲθάρτηρία
454 673 628 761 φλεβώδης
653 672 691 742 τὸ
725 678 835 761 σῶμα,
871 673 908 742 τὸ
942 674 1004 762 μέν
1042 699 1175 761 προτον
1207 679 1254 755 είς
1289 681 1433 745 τοσαῦτα

287 780 388 870 μόρια
411 782 600 868 σχιζομένη,
624 779 698 848 ὅσοι
720 807 781 867 περ
805 777 848 848 dv
870 773 953 848 ὦσιν
977 785 1012 850 ot
1031 785 1092 849 τοῦ
1114 781 1303 870 πνεύμονος
1326 790 1432 871 λοβοί·

287 887 367 977 μετὰ
396 887 432 955 δὲ
459 891 562 955 ταῦτα
588 886 654 975 ἤδη
681 885 761 955 καθ’
792 890 931 956 ἕκαστον
963 885 1075 956 αὐτῶν
1107 890 1296 977 διάνέμεται
1328 889 1433 958 πολλὰ

261 996 448 1082 σχινομένη
476 994 591 1083 μόρια,
619 996 714 1083 μέχρι
741 1020 801 1082 περ
829 991 872 1063 διν
899 992 1059 1083 ἀναλωθῇ
1086 995 1251 1083 σύμπασα.
1299 1011 1370 1077 τοῖς
1397 997 1434 1066 δὲ

289 1102 437 1190 ἐσχάτοις
464 1099 566 1188 αὐτῆς
591 1103 709 1190 πέρασι
736 1101 942 1189 παμπόλλοις
968 1094 1066 1170 οὖσιν
1099 1097 1174 1172 οἷόν
1200 1129 1261 1191 περ
1290 1106 1434 1192 δένδρου

289 1209 446 1296 βλάσταις
475 1213 523 1288 είς
550 1205 675 1277 ταύτδν
701 1207 772 1296 ἥκει
799 1207 921 1296 τάπης
946 1215 1098 1296 τραχείας
1126 1206 1284 1299 ἀρτηρίας
1309 1212 1434 1298 πέρατα

288 1315 349 1384 τὸν
376 1313 480 1384 αὐτὸν
506 1315 633 1404 τρόπον
661 1321 707 1396 είς
734 1313 816 1384 ὅλον
842 1314 879 1384 τὸ
909 1314 1100 1402 σπλάγχνον
1122 1323 1351 1406 μερισθείσης,
1379 1317 1433 1386 ὅν-

288 1450 349 1513 περ
372 1421 393 1512 ἡ
417 1422 591 1511 φλεβάδης
613 1419 761 1510 άρτηρία.
806 1424 861 1490 καὶ
889 1422 951 1510 μὲν
978 1420 1020 1510 δὴ
1048 1424 1103 1490 καὶ
1129 1422 1214 1511 πρὸς
1241 1421 1346 1493 αὐτὸν
1372 1423 1434 1494 τὸν

251 1551 274 1589 1⁰
288 1530 461 1619 πνεύμονα
496 1531 596 1598 θέσιν
632 1534 697 1616 ἔχει
732 1529 907 1616 τοιαύτην,
944 1526 1026 1597 ὥστε
1064 1532 1190 1610 ἔξωθεν
1226 1528 1292 1599 ὑπὸ
1329 1529 1435 1601 αύτού

288 1637 502 1724 πανταχόθεν
528 1633 724 1724 ἠμφιέσθαι.
777 1633 817 1703 τὰ
849 1635 912 1723 μὲν
943 1627 1007 1704 οὖν
1033 1641 1092 1724 τῆς
1122 1639 1248 1717 θέσεως
1275 1629 1340 1706 ὦδε
1368 1644 1433 1727 ἔχει

288 1749 328 1834 τῇ
364 1748 485 1834 καρδίᾳ
525 1744 581 1810 καλ
623 1742 761 1811 δύναιτο
798 1742 841 1812 άν
880 1770 930 1822 τις
965 1740 1029 1811 άπὸ
1063 1740 1166 1831 αὐτῆς
1202 1745 1434 1834 ἐπιχειρήματα

289 1857 459 1920 ποιείσθω
482 1854 541 1938 τῆς
567 1849 629 1938 μὲν
652 1848 697 1930 ὡς
718 1849 802 1939 πρὸς
823 1849 860 1919 τὸ
885 1849 1021 1938 σύμπαν
1044 1854 1154 1939 σῶμα,
1182 1849 1233 1920 ὅτι
1260 1853 1342 1940 μέση
1366 1877 1435 1932 πως

290 1954 395 2026 αὐτοῦ
421 1961 524 2026 κεῖται
557 1961 687 2037 δικαίας
719 1959 815 2026 ἕνεκα
843 1961 947 2046 νομῆς
978 1949 1027 2026 ὦν
1059 1959 1230 2045 ἐπιπέμπει
1258 1957 1435 2046 δυνάμεων

251 2084 276 2124 15
290 2062 390 2156 αὐτῷ,
412 2068 472 2151 τῆς
490 2065 527 2133 δὲ
545 2063 591 2145 ὦς
612 2064 695 2154 πρὸς
712 2064 775 2153 τὴν
791 2080 948 2154 τραχεῖαν
967 2062 1141 2155 ἀρτηρίαν,
1164 2064 1214 2134 ὅτι
1232 2067 1297 2155 τὴν
1315 2067 1436 2155 φωνὴν

292 2206 470 2214 -—-—-——
473 2206 501 2212 .—

325 2269 341 2317 2
361 2259 527 2335 φλεβάσεως
548 2263 578 2316 Μ
596 2259 743 2348 φλεβώδης
762 2262 821 2317 CA.
842 2294 874 2302 -
899 2269 916 2317 4
929 2257 1009 2350 μετὰ
1033 2261 1065 2318 dl
1089 2263 1179 2317 ταῦτα
1203 2262 1223 2318 C
1249 2259 1320 2334 μετά
1344 2265 1435 2318 ταῦτα

289 2333 321 2390 δὲ
341 2336 407 2389 ΜΛ.
428 2367 460 2374 -
486 2329 581 2388 αὐτῶν
601 2330 704 2402 ἕκαστη
728 2334 815 2389 CMA
834 2336 898 2388 cett.
925 2330 1028 2402 εκάστη
1048 2335 1210 2389 delevimus.
1230 2367 1263 2375 -
1288 2334 1329 2396 είς
1347 2331 1433 2389 πολλὰ

289 2406 455 2460 lllABChK
474 2403 561 2461 πολλὰ
577 2405 609 2473 (33
623 2407 688 2461 fort.
708 2405 748 2467 είς
763 2426 791 2461 π.
807 2404 954 2475 σχιζομένη
969 2407 1013 2459 vel
1028 2405 1176 2475 νεμομένη.
1198 2439 1230 2446 —-
1251 2413 1266 2461 5
1287 2401 1382 2472 σύμπα
1396 2407 1433 2460 M.

290 2511 322 2518 -
349 2473 511 2547 θέσχάτοις
535 2472 632 2539 αύτοῖς
650 2476 709 2531 MA
738 2473 792 2545 έοχ,
818 2472 907 2531 αὐτοῦ
927 2476 947 2531 C
971 2472 1027 2546 έσχ.
1057 2472 1145 2545 αὐτῆς
1168 2476 1249 2532 Corn.
1273 2478 1379 2532 BChK.
1401 2510 1432 2518 —

289 2544 447 2618 παμπόλοις
466 2549 503 2604 Μ.
524 2582 556 2588 -
578 2555 592 2601 7
612 2549 660 2616 τῆς
679 2543 812 2633 ἀρτηρίας
830 2549 880 2616 τῆς
898 2552 1029 2616 τραχείας
1048 2547 1077 2602 G.
1098 2581 1129 2588 -
1152 2557 1184 2602 10
1202 2548 1286 2603 θέσιν
1304 2543 1357 2617 γάρ
1377 2547 1435 2616 ἔχει

290 2620 333 2687 M;
357 2620 391 2674 cf.
411 2620 495 2674 Proll.
515 2638 541 2690 p.
563 2627 604 2674 71.
625 2651 657 2659 -
683 2628 714 2674 11
735 2623 875 2687 νφιέσθαι
895 2619 915 2673 C
935 2615 1096 2688 ἦμφίεοθαι
1119 2620 1254 2674 MABCh
1274 2615 1435 2689 ἠμφιέσθαι

289 2691 322 2744 K.
343 2723 376 2730 —
405 2698 436 2744 13
457 2693 511 2759 (15)
530 2691 563 2759 τῆ
579 2688 636 2775 μὲν
656 2723 688 2729 -
712 2691 745 2758 τῆ
770 2690 802 2744 δὲ
823 2690 882 2743 MA
902 2692 934 2759 τῇ
961 2689 1014 2761 μέν
1035 2721 1066 2730 —-
1091 2692 1140 2759 τῆς
1165 2689 1197 2745 δὲ
1217 2690 1238 2745 O
1261 2692 1311 2759 τῆς
1329 2689 1382 2761 μὲν
1402 2721 1435 2730 --

289 2762 339 2830 τῆς
357 2760 388 2816 δὲ
409 2779 467 2816 nos.
488 2793 520 2800 —
540 2765 613 2816 διοτι
633 2762 711 2816 codd.
731 2762 792 2815 edd.
813 2754 856 2816 ὅτι
875 2779 933 2816 nos.
948 2793 982 2800 —
1001 2761 1088 2831 μέσον
1107 2763 1186 2817 οοδδ.
1205 2763 1267 2817 εδδ.
1286 2761 1357 2832 μέση
1376 2779 1433 2817 nos.

290 2865 323 2873 —
345 2840 377 2887 15
397 2827 485 2887 adteri
505 2834 584 2888 codd.
604 2833 666 2888 edd.
685 2827 761 2904 αύτῷ
782 2850 839 2888 nos.
860 2863 893 2871 -

472 2964 502 2971 -—

291 3035 342 3098 sit.
395 3032 425 3097 Α
458 3032 591 3097 sinistro
625 3032 710 3096 enim
743 3033 849 3097 cordis
885 3033 958 3097 sinu
988 3033 1092 3097 oritur
1124 3032 1281 3116 quaedam
1315 3033 1435 3097 arteris

290 3163 410 3205 venoso
435 3160 569 3223 corpore
593 3141 760 3222 constans,
788 3162 869 3223 quse
893 3140 999 3224 primo
1022 3139 1057 3204 in
1080 3139 1230 3222 totidem,
1258 3143 1337 3224 quot
1360 3143 1436 3204 suut

290 3247 454 3332 pulmonis
482 3246 596 3329 fibrae,
630 3245 788 3310 scinditur
815 3249 938 3329 pertesi,
971 3246 1085 3310 deinde
1116 3247 1152 3310 in
1183 3247 1303 3312 multas
1331 3247 1435 3311 diviso

290 3353 511 3438 portiunculas
539 3351 573 3416 in
603 3352 747 3436 singulas
775 3353 874 3417 fibros
904 3352 1123 3435 distribuitur,
1151 3353 1251 3418 donec
1278 3356 1350 3418 tots
1379 3353 1436 3418 sb-

291 3463 399 3524 sumts
423 3460 596 3523 evanescit.
639 3457 720 3523 Cum
743 3459 840 3522 huius
865 3461 973 3524 autem
997 3460 1149 3524 extremis
1172 3458 1331 3544 partibus,
1354 3481 1436 3542 quse

289 3567 393 3631 instar
413 3567 539 3631 arboris
558 3589 723 3631 ramorum
743 3553 916 3630 admodum
935 3565 1056 3630 multae
1076 3565 1304 3648 diffuudrurtur,
1328 3565 1437 3650 cupita

290 3676 434 3737 extrema
458 3672 596 3737 arterias
625 3695 759 3758 asperae
783 3673 1039 3756 committuntur,
1066 3695 1147 3757 quse
1171 3673 1300 3757 quidem
1324 3673 1437 3737 eodem

290 3779 396 3864 niodo,
415 3802 478 3863 quo
493 3802 614 3844 venosa
628 3779 758 3864 arteris,
781 3779 817 3844 in
836 3784 941 3845 totum
959 3780 1067 3844 viscus
1087 3780 1293 3864 dispergitur.
1330 3778 1438 3864 Atque

291 3886 390 3951 etism
413 3886 453 3949 ad
472 3885 580 3969 ipsum
599 3887 787 3970 pulmonem
806 3886 853 3950 ita
873 3887 971 3951 situm
991 3890 1041 3950 est
1060 3908 1124 3969 cor,
1147 3891 1183 3950 ut
1206 3886 1263 3952 illo
1283 3885 1437 3951 extrinse-

291 4017 346 4059 cus
376 3993 516 4077 undique
549 3993 762 4076 cooperiatur.
808 3992 898 4057 Haec
928 3993 1031 4079 igitur
1063 3997 1113 4057 est
1145 3994 1249 4060 cordis
1282 3992 1438 4076 positura.

290 4100 335 4165 Et
357 4101 426 4185 peti
450 4101 491 4164 ab
517 4123 554 4164 es
578 4103 770 4185 arguments
793 4103 945 4183 possunt,
968 4103 1051 4184 tum,
1074 4104 1232 4185 quantum
1257 4101 1297 4164 ad
1321 4121 1437 4184 corpus

292 4208 492 4292 universum,
524 4207 609 4291 quod
646 4207 681 4271 iu
717 4206 823 4270 medio
855 4206 1049 4271 collocatum
1081 4208 1138 4290 sit,
1168 4212 1204 4271 ut
1236 4207 1438 4288 facultatum,

293 4335 374 4396 quse
399 4313 463 4397 ipsi
487 4313 654 4396 immittat,
679 4336 782 4397 sequa
805 4315 863 4378 fist
886 4313 1087 4397 distributio,
1111 4318 1194 4398 tum,
1218 4316 1374 4397 quantum
1398 4312 1438 4376 sd

295 4441 442 4504 asperam
463 4421 625 4504 arteriam,
649 4420 733 4506 quod
756 4442 815 4508 por
833 4443 904 4486 eam
923 4443 1036 4487 vocem
1056 4420 1194 4488 emittat.
1236 4419 1438 4497 Quinetiam
