3300 5146
787 397 1030 460 -334—

334 552 389 621 καὶ
412 549 452 620 τά
475 555 543 621 τῶν
572 550 750 640 δυνάμεων
774 558 854 640 ἔργα
882 580 916 621 τε
944 555 999 621 καὶ
1022 553 1115 639 πάθη
1144 549 1200 620 διὰ
1227 553 1296 619 τῶν
1323 551 1412 618 ἐπῶν
1433 542 1480 618 ὧν

335 665 479 746 ἔγραψεν
503 657 674 748 αὐτάρκως
697 662 881 742 ἐνεδείξατο
906 660 962 729 διὰ
986 661 1048 749 μὲν
1069 663 1131 729 τοῦ
1153 658 1260 746 φάναι

379 763 434 834 ὀὐ
456 765 520 854 γάρ
543 766 676 835 πώποτέ
696 764 730 854 μ’
756 759 821 835 ὦδε
844 771 927 846 θεᾶς
950 772 1025 854 ἐρος
1048 764 1128 836 οὐδὲ
1151 763 1310 853 γυναικὸς

379 871 505 960 εθυμὸν
529 874 579 941 ἐνὶ
603 872 762 961 στήθεσσι
785 875 1044 961 περιπροχυθεὶς
1067 873 1277 961 ἐδάμασσεν’,

300 975 379 1058 εὼς
402 976 420 1047 ὁ
445 983 527 1065 ἔρως
548 980 659 1060 πάθος
681 990 731 1068 εἴη
755 985 813 1067 τῆς
837 982 1076 1068 ἐπιθυμητικῆς
1100 979 1285 1067 δυνάμεως·
1315 980 1352 1046 ἐν
1375 977 1413 1047 δέ
1435 982 1477 1070 τῷ

335 1087 444 1173 λέγειν

380 1191 478 1281 Ἥρῃ
503 1189 535 1262 δ’
562 1191 624 1264 οὐκ
648 1198 743 1282 ἔχαδε
767 1197 892 1281 στῆθος
915 1193 1032 1282 χόλον,
1056 1191 1138 1263 tlt&
1162 1193 1361 1282 προσηύδα’,

335 1297 380 1380 ὡς
403 1297 421 1368 δ
445 1299 544 1387 χόλος
565 1305 625 1388 τῆς
642 1305 857 1389 θυμοειδοῦς.
894 1303 1077 1388 διαφερέτω
1101 1301 1138 1369 δέ
1157 1307 1195 1368 ἐν
1217 1327 1255 1388 γε
1273 1305 1317 1392 τῷ
1342 1299 1479 1387 παρόντι

336 1408 450 1494 μηδέν,
474 1417 537 1475 εἴτε
561 1413 641 1495 ἔργα
663 1412 732 1476 τῶν
751 1408 928 1495 δυνάμεων
952 1418 1015 1476 εἴτε
1037 1407 1131 1495 πάθη
1153 1406 1351 1475 τὰτοιαῦτα
1374 1406 1480 1476 πάντα

297 1538 322 1576 ¹0
336 1515 505 1602 λέγοιμεν,
537 1512 679 1602 ὕστερον
711 1513 774 1602 μὰρ
802 1512 885 1604 ὑπὲρ
914 1512 1025 1584 αὐτῶν
1054 1513 1198 1603 ἀκριβῶς
1226 1514 1480 1602 ἐπισκεψόμεθα.

336 1620 419 1688 κατὰ
442 1621 504 1708 μὲν
527 1613 590 1690 οὖν
611 1620 650 1689 τὸ
674 1622 838 1708 πρότερον
860 1624 935 1710 περὶ
963 1625 1069 1709 ψυχῆς
1091 1627 1224 1709 βιβλίον
1248 1618 1265 1688 δ
1290 1619 1481 1706 Χρύσιππος

324 1725 399 1816 -οάχ
432 1726 521 1808 ὅπως
549 1725 712 1813 άντιλένεε
742 1733 908 1815 μηδεμίαν
940 1726 1025 1796 εἶναι
1057 1731 1115 1815 τῆς
1144 1731 1251 1814 ψυχῆς
1284 1727 1432 1815 δύναμιν
1461 1721 1480 1812 ἢ

338 1834 581 1923 ἐπιθυμητικὴν
613 1831 633 1923 ἢ
666 1839 847 1922 θυμοειδῆ,
883 1833 966 1903 ἀλλὰ
998 1836 1054 1902 καὶ
1087 1834 1127 1902 τά
1159 1834 1341 1922 παθήματα
1373 1832 1482 1902 αὐτῶν

339 1942 525 2010 ἐκδιδάσκει
548 1943 602 2010 καὶ
627 1939 906 2029 τόπονάπονέμει
928 1942 1160 2029 τοῦσώματος
1183 1944 1253 2010 ἕνα·
1277 1939 1360 2009 κατὰ
1385 1940 1422 2008 δὲ
1443 1938 1482 2007 τά

299 2070 324 2111 ιε
338 2049 412 2135 περὶ
442 2051 564 2116 παθῶν
597 2048 741 2134 ἅπαντα,
773 2049 813 2116 τά
844 2076 879 2117 τε
906 2056 997 2136 τρία,
1028 2049 1083 2117 διὰ
1111 2041 1160 2117 ὧν
1193 2050 1418 2117 ἐπισκέττεται
1444 2046 1482 2115 τά

337 2153 453 2241 λογικά
477 2155 551 2244 περὶ
575 2154 687 2224 αὐτῶν
716 2156 895 2243 ζητήματα,
924 2157 978 2223 καὶ
1006 2157 1141 2244 προσέτι
1168 2153 1205 2224 τὸ
1229 2153 1482 2242 θεραπευτικόν,

375 2397 387 2444 1
413 2389 462 2444 nul
487 2385 569 2457 πάθη
592 2388 621 2442 Μ
645 2387 691 2442 καὶ
716 2384 749 2442 τά
774 2409 802 2442 π.
827 2387 1021 2442 ABChK-
1051 2383 1168 2442 ἐκεῖν’
1151 2409 1188 2450 ως
1211 2389 1290 2444 codd
1310 2389 1374 2444 edd.
1399 2380 1465 2444 ἐ.’
1445 2408 1483 2442 ων

337 2477 402 2526 σοις
422 2461 455 2516 ef.
475 2461 560 2514 Prcll.
579 2478 605 2528 p.
627 2466 721 2513 86.-
747 2455 893 2514 3πιόποτ’
915 2458 948 2528 ἐμ
968 2458 1096 2513 ABChK
1115 2454 1266 2529 πάποτέμ
1271 2456 1391 2514 ’.-Μ
1417 2459 1483 2528 ἐρως

337 2532 428 2587 Μ.-
453 2528 606 2600 luridam
624 2531 718 2584 Μ.-
744 2526 867 2600 ἐδάμασε
888 2530 979 2583 Μ.-
1005 2538 1034 2584 ll
1060 2523 1112 2584 cdv
1135 2535 1200 2601 post
1223 2530 1275 2602 plu
1294 2550 1345 2586 uos
1369 2531 1482 2586 inserui·

337 2621 460 2658 mus-
427 2610 515 2657 -15
529 2602 663 2670 nealcae
678 2602 781 2655 παθῶν
796 2603 876 2656 codd.
892 2602 953 2656 edd.
968 2602 1033 2670 περὶ
1047 2606 1119 2658 παθ.
1134 2621 1242 2658 nos.-
1262 2598 1483 2658 ἐπισκέπτεσθαι

338 2691 408 2728 corr.
428 2674 488 2728 cad
508 2692 581 2727 mun.
601 2674 630 2727 in
650 2668 847 2728 ἐπισκέπτεται
865 2674 902 2726 M.
923 2704 957 2712 —

339 2909 469 2973 effectus
494 2912 526 2974 et
550 2908 684 2972 affectus
712 2908 875 2992 versibus,
901 2930 982 2993 quos
1011 2907 1197 2992 adscripsit,
1225 2911 1305 2974 setis
1329 2910 1483 2996 ostendit3

339 3039 412 3082 cum
436 3015 522 3080 enim
547 3015 655 3079 affert:

383 3122 538 3208 ‘namque
562 3121 643 3187 alias
667 3123 811 3187 animum
834 3144 999 3207 nunquam
1022 3123 1082 3187 sub
1106 3127 1236 3206 pectore
1259 3127 1411 3189 nostrum

384 3252 440 3294 seu
463 3229 524 3294 dea
547 3251 603 3293 seu
626 3229 743 3294 mulier
766 3233 858 3295 tanto
883 3230 1026 3294 devinxit
1050 3229 1181 3314 amore',

339 3359 483 3403 amorem
507 3338 691 3421 appetentis
714 3337 897 3422 facultatis;
922 3359 994 3401 cum
1018 3358 1094 3401 vero
1118 3336 1231 3401 laudat
1253 3337 1347 3402 illud:

384 3444 465 3510 ‘non
487 3443 596 3529 potuit
619 3444 769 3509 cohibere
793 3443 876 3508 iram
901 3443 960 3506 sub
983 3447 1114 3526 pectore
1130 3443 1234 3527 ¹June,

384 3552 440 3615 sed
463 3548 627 3635 loquitur’,

338 3658 540 3723 iracundiam
572 3657 745 3723 irascibilis
779 3659 930 3727 affectum
966 3679 1035 3722 esse
1067 3657 1193 3742 probat.
1248 3656 1341 3722 Nihil
1375 3663 1481 3723 autem

337 3766 469 3830 intersit
504 3765 538 3829 in
570 3765 768 3849 praesentia,
805 3766 978 3830 effectusne
1016 3787 1059 3828 an
1095 3764 1229 3828 affectus
1262 3763 1483 3829 huiuscemodi

339 3872 449 3938 omnia
473 3871 631 3956 appelles3
660 3876 776 3956 postea
801 3871 885 3936 hanc
908 3894 976 3936 rem
1005 3869 1178 3955 diligenter
1200 3871 1483 3936 considerabimus.

338 3979 377 4044 In
400 3979 507 4064 priore
535 3979 637 4063 igitur
664 3979 702 4042 de
727 3977 836 4042 anima
858 3979 944 4044 libro
969 3976 1174 4062 Chrysippus
1201 3998 1268 4042 non
1296 3979 1392 4043 modo
1420 3999 1483 4041 non

337 4086 499 4151 infitiatur
525 4084 628 4149 ullam
651 4107 721 4148 csse
748 4085 875 4150 animae
903 4084 1093 4149 facultatem
1121 4084 1172 4148 vel
1206 4088 1411 4168 appetentem
1434 4083 1483 4147 vel

339 4193 546 4274 irascibilem,
570 4190 625 4255 sed
644 4192 778 4256 affectus
798 4193 897 4255 etiam
917 4214 1026 4256 earum
1046 4191 1159 4255 edocet
1177 4194 1210 4254 et
1232 4191 1340 4255 locum
1362 4192 1396 4255 in
1416 4211 1482 4255 cor-

340 4323 536 4384 perannum
558 4299 599 4363 iis
623 4299 751 4383 tribuit3
776 4299 810 4362 in
829 4299 978 4363 omnibus
998 4320 1074 4363 vero
1097 4297 1202 4381 libris,
1225 4297 1281 4362 ubi
1300 4297 1344 4361 de
1363 4296 1482 4361 affecti·

341 4408 401 4470 bus
425 4406 579 4490 disputat,
602 4410 672 4470 tum
696 4405 815 4489 tribus,
843 4406 960 4490 quibus
984 4406 1160 4471 rationales
1184 4405 1246 4470 hac
1270 4403 1308 4467 de
1332 4425 1366 4468 re
1389 4424 1482 4488 quae-
