3166 5192
553 419 796 485 -545-

92 579 183 651 ἀλλδι
217 579 300 668 όλην
338 578 463 665 ταύτην
495 576 740 667 παραλιπόντος
772 574 935 646 ἄσκεπτον
970 577 1033 664 τὴν
1065 579 1246 668 ἐνέργειαν,

93 686 366 776 ἀναγκαιοτέραν
384 677 491 752 οὖσαν
504 687 618 776 μακρῷ
636 697 707 763 τοίς
726 682 821 774 ζῴοις
838 689 895 770 τῆς
912 683 995 754 κατὰ
1012 683 1076 772 τὴν
1094 687 1246 773 γαστέρα.

94 799 159 880 ζῆν
180 795 242 881 μὲν
263 797 268 880 Ι
288 789 352 878 γὰρ
376 785 452 859 οἷόν
468 792 506 859 τέ
526 791 616 858 ἐστιν
635 789 727 878 ἡμῖν,
750 795 781 858 εί
797 791 853 859 καὶ
871 789 954 878 μηδὲ
974 788 1097 877 ὄλωςὴ
1121 791 1245 879 γαστὴρ
1255 807 1312 866 554

92 905 208 988 τρίβοι
230 897 272 967 τδι
295 903 394 982 σιτία,
418 899 619 985 δυναμένοις
641 923 678 984 γε
701 897 950 985 προσφέρεσθαι
974 896 1109 984 χυλοός,
1136 895 1181 977 ὣς
1209 899 1246 966 ἐν

93 1013 234 1084 πολλοῖς
256 1009 371 1071 ἔθνεσι
393 1003 490 1089 γάλα·
513 1001 676 1072 τεθνάναι
696 1003 733 1070 δὲ
751 999 947 1089 ἀναγκαῖον,
970 1007 1001 1070 εί
1022 999 1042 1088 ἡ
1065 1005 1132 1090 τοῦΙ
1149 1005 1272 1090 αἷμα-ο

93 1139 155 1191 τος
178 1107 335 1178 ἀπόλοιτο
358 1111 501 1196 γένεσις,
524 1107 569 1198 ἣν
591 1109 668 1178 οὔτε
692 1116 722 1178 εί
742 1107 781 1178 τδ
805 1100 895 1197 ἧπαρ
919 1107 995 1176 οὔτε
1018 1113 1049 1176 εί
1069 1112 1108 1176 αλ
1126 1110 1246 1195 φλέβες

95 1216 176 1286 οὔτε
195 1222 226 1284 εί
242 1214 263 1303 ἡ
281 1220 402 1302 καρδία
421 1222 642 1302 πεπίστευται,
661 1221 776 1303 σαφῶς
794 1215 974 1303 ἐτόλμησεν
991 1211 1245 1302 ἀποφήνασθαι·

94 1327 262 1392 τοσοῦτον
294 1319 415 1391 ἀποδεῖ
443 1329 646 1412 προσθεῖναί
674 1349 750 1391 τινα
777 1320 948 1404 ἀπόδειξιν
979 1325 1024 1412 τῷ
1057 1321 1155 1412 λόγφ.
1205 1320 1247 1390 osi

95 1430 207 1517 μόνον
234 1429 272 1496 δέ
303 1427 428 1515 ταύτην
454 1430 517 1516 τὴν
547 1431 718 1518 ἐνέργειαν
745 1425 948 1498 ἀλλοιοῦσαν
976 1429 1016 1495 τὰ
1049 1434 1136 1495 σιτία
1163 1425 1245 1496 κατὰ

96 1537 258 1622 ποιότητα
282 1539 430 1604 διελθεῖν
453 1533 682 1624 ὠλιγώρησεν,
705 1533 788 1603 ἀλλὰ
811 1536 866 1604 aul
888 1534 952 1622 τὴν
974 1535 1099 1622 θρέψιν
1122 1532 1246 1620 ὁμοίως
1260 1562 1285 1601 ιο

96 1643 282 1729 γινομένην
305 1642 513 1732 ἐπιχειρήσας
535 1645 724 1729 ἐξηγεῖσθαι
753 1647 882 1730 μᾶλλον
904 1642 1040 1710 πάντων
1063 1637 1084 1727 ἢ
1107 1637 1244 1708 ἀλλοινί-

97 1769 184 1830 σεως
206 1749 463 1837 ἐμνημόνευσεν.
508 1755 539 1818 εί
565 1750 602 1817 δέ
628 1749 750 1836 ταύτης
772 1748 1036 1836 ἐμνημόνευσεν,
1064 1745 1169 1828 εὐθὺς
1190 1746 1245 1832 ἀν,

98 1853 210 1943 οἶμαι,
241 1857 297 1924 καὶ
332 1860 431 1925 τοῦτο
463 1856 724 1943 συνεπενόησεν,
761 1854 811 1924 ὅτι
843 1859 924 1924 πᾶσι
955 1869 1025 1934 τοῖς
1057 1852 1122 1922 ὑπό
1154 1881 1246 1935 τινος

98 1959 352 2050 ἀλλοιουμένοις
379 1968 426 2044 είς
456 1961 613 2050 τὴντῶν
644 1960 873 2031 ἀλλοιούντων
907 1963 1003 2029 ίδέαν
1029 1959 1050 2049 ἡ
1078 1959 1243 2048 μεταβολὴ

98 2075 234 2154 γίνεται.
279 2069 430 2159 καθάπερ
454 2069 517 2159 γὰρ
545 2067 582 2138 τὸ
606 2073 672 2158 πῦρ
695 2067 866 2154 ὁμοιῶσαν
890 2069 995 2160 ἑαυτῷ
1023 2069 1060 2138 τὸ
1085 2067 1187 2150 ξύλον
1209 2070 1243 2150 ἐξ
1260 2096 1284 2135 ιε

100 2172 205 2244 αι’ποῦ
237 2177 369 2262 γένεσίν
399 2202 434 2244 τε
466 2175 533 2264 ἅμα
565 2177 621 2244 καὶ
651 2175 782 2264 τροφὴν
810 2185 909 2263 ίσχει,
941 2177 1023 2243 κατὰ
1050 2175 1111 2244 τὸν
1139 2173 1244 2244 αὐτὸν

136 2401 251 2473 Maiore
269 2413 327 2471 τοῖς
344 2404 417 2462 κατὰ
436 2409 473 2462 Μ.
489 2439 521 2448 —-
542 2413 557 2461 3
578 2405 605 2461 εί
622 2405 654 2462 dl
674 2401 711 2476 μὴ
731 2405 763 2461 δὲ
782 2401 853 2470 ὅλας
867 2407 903 2461 Μ.
924 2439 955 2445 -
976 2413 993 2460 4
1012 2405 1144 2478 τρίβοιΜ
1163 2409 1243 2477 τρίβη

100 2476 236 2534 ABChK.
261 2511 294 2520 -
321 2487 337 2535 6
360 2474 510 2534 ἀπόλλοιτο
533 2479 626 2532 ΜΑΒ.
658 2509 691 2518 -
719 2472 782 2532 οὔτ’
808 2475 836 2532 εί
861 2477 964 2550 φλέβες
986 2477 1015 2530 Μ
1041 2472 1110 2531 οὔθ’
1140 2475 1173 2531 αί
1220 2482 1242 2534 λ.

99 2549 228 2604 ABChK
247 2547 313 2606 οότε
334 2549 363 2606 εί
379 2548 412 2604 ul
428 2554 474 2634 cpi..
493 2565 552 2604 nos.
572 2579 607 2589 -
626 2555 640 2602 7
661 2544 731 2604 οὔθ’
751 2543 768 2616 ἡ
789 2550 893 2616 καρδία
912 2548 991 2602 οοδδ.
1011 2548 1073 2602 edd.
1094 2543 1158 2602 οὔτε
1179 2497 1240 2617 ellel

101 2641 125 2674 ιι.
148 2637 205 2678 nos.
228 2653 264 2662 —
289 2629 321 2676 lo
342 2617 445 2676 ἑαυτου
469 2621 549 2676 οοδδ.
573 2620 635 2675 εδδ.
660 2614 750 2674 usito&
774 2635 833 2674 nos.
858 2651 890 2660 -
917 2613 977 2690 ἅμα
1000 2619 1111 2689 γένεσίν
1134 2639 1164 2674 τε
1183 2613 1243 2691 ἅμα

101 2691 147 2744 aul
166 2691 300 2748 Mnssoh
318 2685 378 2763 ἅμα
397 2713 422 2762 γ.
441 2711 470 2747 τε
490 2691 538 2746 aul
558 2692 581 2744 Κ
602 2711 625 2760 γ.
645 2709 674 2745 τε
694 2685 754 2761 ἅμα
773 2712 797 2745 ιι.
817 2707 880 2756 nos;
901 2691 934 2746 ολ.
954 2691 1038 2746 Proll.
1057 2710 1083 2762 p.
1105 2697 1164 2747 122.
1184 2723 1215 2730 —

100 2927 336 3011 inexploratam
360 2927 624 3011 praetermiserit,
647 2949 719 2992 eum
743 2927 788 2992 sit
810 2926 913 2991 multo
932 2926 1038 3011 magis
1061 2927 1244 2991 necessaria

102 3034 295 3098 animalibus
323 3055 421 3118 quam
449 3055 500 3119 ea,
527 3033 669 3119 quaein
696 3034 876 3099 ventriculo
904 3037 963 3098 est
1008 3031 1126 3096 Vivere
1149 3033 1242 3098 nimi-

101 3162 171 3205 mm
189 3161 371 3225 possumus,
393 3140 471 3206 lieet
489 3140 687 3206 ventriculus
706 3141 803 3206 eibos·
815 3140 949 3206 minime
967 3142 1123 3223 conterat,
1147 3139 1242 3205 modo

102 3269 212 3312 succos
236 3269 454 3331 assumamus,
477 3251 514 3312 ut
537 3247 621 3332 apud
646 3247 767 3312 multas
790 3248 940 3313 nationes
963 3247 1015 3312 lae
1038 3246 1123 3311 sumi
1146 3246 1243 3330 solet3

102 3354 182 3419 mori
205 3357 314 3420 autem
337 3375 468 3419 neeesse
491 3357 541 3420 est
548 3405 558 3440 ,
585 3355 613 3419 si
637 3353 804 3440 sanguinis
827 3353 995 3440 generatio
1019 3353 1149 3418 sublate
1172 3355 1243 3438 erit,

102 3481 181 3542 quae
204 3459 344 3525 iecorine
368 3483 410 3526 an
433 3462 523 3526 venis
547 3484 590 3526 an
612 3462 702 3528 eordi
725 3460 919 3526 demandata
942 3465 1042 3545 esset,
1067 3460 1242 3527 manifesto

102 3566 309 3649 pronuntiare
340 3589 407 3632 non
439 3589 536 3634 ausus
566 3573 629 3654 est3
662 3569 742 3634 adeo
775 3568 899 3633 nullam
931 3567 1242 3632 demonstrationem

102 3671 314 3756 disputationi
346 3675 467 3740 attulit.
521 3675 643 3740 Verum
676 3697 743 3740 non
774 3675 870 3739 modo
902 3673 941 3738 de
973 3672 1035 3737 hae
1066 3673 1243 3757 functione,

102 3799 181 3863 quae
214 3779 304 3844 eibos
337 3801 455 3865 genere
486 3781 652 3865 immutat,
680 3781 836 3846 disserere
863 3780 1019 3866 neglexit,
1048 3779 1103 3845 sed
1134 3781 1243 3864 etiam,

103 3907 173 3950 oum
195 3885 234 3949 de
253 3885 441 3970 nutritione,
463 3910 545 3972 quse
564 3888 677 3954 eodem
696 3887 792 3953 modo
815 3888 862 3972 fit,
885 3907 1044 3972 exponere
1067 3907 1241 3971 aggressus

103 3996 193 4068 esset,
216 3991 353 4056 aliorum
373 3993 517 4058 omnium
539 3994 765 4079 potiusquam
784 3993 1021 4058 immutationis
1044 3993 1241 4058 mentionem

103 4099 184 4164 feeit
227 4098 272 4162 At
294 4100 322 4162 si
345 4099 485 4183 fecisset,
509 4100 631 4184 statim,
655 4101 780 4186 opinor,
803 4100 883 4164 illud
903 4100 1000 4164 simul
1019 4099 1241 4184 intellexisset,

103 4205 217 4290 omnia,
239 4227 321 4289 quse
345 4206 387 4270 ab
410 4207 520 4290 aliquo
537 4207 761 4292 immutantur,
783 4207 817 4272 in
835 4205 1077 4272 immutantium
1101 4206 1240 4290 speciem

103 4313 228 4379 mutari.
287 4311 563 4388 Quemadmodum
601 4313 687 4378 enim
724 4313 810 4398 ignis
847 4336 865 4376 e
905 4313 994 4398 ligno
1031 4313 1066 4378 iu
1100 4313 1241 4378 similem

104 4421 162 4484 sibi
195 4421 334 4485 formam
363 4422 490 4483 mutato
519 4423 551 4484 et
583 4420 825 4504 generationem
854 4419 950 4483 simul
983 4423 1016 4484 et
1047 4420 1240 4484 alimentum

152 4535 232 4574 eueni
245 4533 272 4572 de
287 4535 346 4573 Plao.
361 4535 417 4572 Plat.
431 4537 453 4571 os
468 4535 575 4582 lllppocr.
590 4533 651 4572 libri.
994 4529 1027 4580 35
