3166 5192
563 449 605 460 -
656 413 811 478 559-

53 606 59 614 ·
148 599 168 640 ν
188 575 333 660 αίματος.
369 567 412 641 οὐ
433 570 498 658 γὰρ
518 568 667 658 ἐρυθρὸν
686 571 810 638 έκεῖυοί
830 593 867 655 γε
890 567 1009 655 χυμόν,
1031 566 1114 638 άλλά
1138 569 1259 640 λευκὸν

139 680 165 746 ιλ
189 685 349 767 γλίσχρον
373 676 568 766 ἐργάζεσθαι
596 675 800 762 πεφύκασιν,
829 677 861 756 έξ
885 667 927 743 οὖ
949 673 970 762 ἦ
993 701 1027 742 τε
1050 678 1177 763 γένεσις
1200 675 1259 746 αὐ-

16 829 18 834 -
139 799 182 866 τίς
204 787 295 854 ἐστιν
318 783 340 871 ἥ
363 809 397 852 τε
420 781 557 870 αὔξησίς
579 808 614 850 τε
636 783 692 852 καί
714 784 848 870 θρέψις·
872 779 1100 850 ἀποδέδεικται
1125 783 1162 851 δὲ
1184 786 1257 872 περὶ

136 889 241 960 ιύτων
264 893 301 960 έν
329 895 374 983 τῷ
397 889 547 980 προτέρφ
569 889 642 977 περὶ
667 890 851 977 σπέρματος
878 887 1054 976 γράμματι.
1098 891 1151 957 καί
1180 891 1285 978 μήν,ι

15 1055 17 1060 ,
128 1009 203 1087 ἔπερ
227 1003 273 1078 είς
291 995 413 1086 ὁμοίαν
436 997 531 1064 ίδέαν
552 999 598 1086 τῷ
622 995 860 1083 μεταβάλλοντι
882 999 886 1084 Ι
906 995 943 1064 τδ
968 995 1258 1084 μεταβαλλόμενον
1268 1015 1322 1070 ot?

132 1119 310 1193 φικνεῖται,
327 1107 384 1191 τῆς
402 1107 463 1172 τοῦ
482 1100 606 1190 ἥπατος
624 1099 729 1172 αὐτοῦ
747 1101 869 1191 σαρκὸς
884 1099 987 1170 οὐδὲν
1005 1097 1050 1170 διν
1067 1101 1179 1190 εὕροις
1192 1106 1259 1172 ἐπι-

60 1281 65 1288 ,
133 1210 325 1298 ηδειότερον
353 1215 400 1290 είς
423 1213 561 1298 αἳματος
582 1211 725 1296 γένεσιν.
761 1213 791 1278 εί
812 1209 876 1296 γάρ
894 1217 1082 1297 παχυνδειή
1104 1209 1142 1278 τὸ
1166 1206 1259 1298 αἷμα,

15 1391 17 1398 ,
120 1317 195 1405 ιδρξ
213 1316 337 1404 ἥπατος
355 1313 494 1404 ἀκριβὴς
511 1313 809 1403 άπεργασθήσεται.
844 1317 950 1385 πολλὰ
970 1316 1005 1384 δὲ
1024 1313 1259 1404 ἀγνοήσαντες,

119 1422 218 1510 ιῖμαι,
241 1427 309 1490 τῶν
332 1426 485 1510 φυσικῶν
508 1426 543 1490 oi
563 1430 710 1491 πλεῖστοι
737 1419 908 1510 πράγμαθ’
939 1419 1020 1510 ἡμῖν
1045 1425 1259 1510 παρέχουσιν,

112 1521 162 1598 δν
189 1528 272 1598 ἄλλα
299 1530 337 1596 τέ
363 1529 438 1598 τινά
470 1531 538 1598 ἐστι
565 1529 620 1597 καί
651 1529 692 1597 τὰ
725 1527 780 1598 διὰ
812 1533 870 1616 τῆς
896 1529 971 1616 περί
1005 1532 1074 1596 τοῖν
1106 1533 1259 1616 φυσικῶν
1276 1553 1300 1590 ιο

112 1635 293 1723 δυνάμεων
316 1644 539 1724 πραγματείας
561 1633 831 1724 ἀποδεδειγμένα.
875 1637 1116 1723 περιστέλλεται
1147 1635 1211 1723 γὰρ
1239 1633 1258 1723 ἡ

109 1743 239 1830 γαστὴρ
262 1757 331 1823 τοῖς
354 1748 472 1824 σιτίοις
494 1744 635 1811 ἕλκουσα
661 1741 723 1810 τὸν
745 1748 870 1812 οίκεῑον
893 1743 992 1832 ἑαυτῇ
1015 1741 1123 1830 χυμὸν
1147 1743 1180 1823 έξ
1203 1739 1260 1810 αὐ-

13 1867 15 1872 ·
109 1853 196 1933 τῶν,
224 1855 296 1918 ἔστε
319 1845 362 1918 ἂν
384 1846 602 1918 ἀπολαύσασα
628 1849 683 1917 καί
710 1851 828 1929 τελέας
850 1851 1076 1938 έμπλησθεῖσα
1100 1847 1260 1936 διάσηται

109 1953 150 2024 τδ
174 1956 328 2043 περιττὸν
351 1955 440 2026 ἅπαν
463 1962 510 2036 είς
536 1955 599 2043 τὴν
626 1959 753 2043 νῆστιν.
797 1957 956 2025 ἐντεῦθεν
983 1956 1019 2024 δὲ
1047 1946 1148 2035 αὖθις
1175 1957 1259 2024 ἕλκει

113 2061 153 2130 τὸ
183 2054 271 2150 ἧπαρ
299 2067 346 2143 είς
374 2063 470 2132 ἑαυτὸ
503 2064 850 2150 προκατειργασμένον
876 2061 979 2132 αὐτὸν
1011 2065 1049 2130 έν
1076 2067 1114 2150 τῇ
1144 2064 1259 2150 γαστρὶ
1277 2085 1300 2124 1⁵

113 2167 197 2236 κατὰ
211 2167 272 2237 τὸν
286 2173 477 2256 ἔμπροσθεν
491 2168 627 2256 χρόνον,
645 2167 687 2238 οὐ
705 2168 749 2256 μά
766 2175 834 2238 Δία
852 2174 911 2256 τῆς
927 2167 1071 2256 γαστρὸς
1089 2170 1185 2236 ἕνεκα
1198 2173 1260 2238 τοῦ

114 2275 238 2363 ἥπατος
256 2271 454 2362 ἀλλοιούσης
473 2271 587 2360 αὐτόν,
610 2272 693 2343 ἀλλὰ
711 2273 882 2344 ἀδύνατον
901 2281 947 2355 είς
963 2273 1087 2344 ταύτὸν
1106 2272 1261 2364 ἀλλήλοις

151 2479 167 2526 2
192 2463 226 2526 οδ
252 2471 307 2526 είτε
333 2469 441 2540 γένεσις
459 2471 496 2526 Μ.
522 2501 554 2510 -
579 2466 670 2540 αὐτῆς
696 2465 753 2526 leet
771 2472 807 2526 M.
832 2503 866 2512 —
892 2478 924 2526 10
947 2471 997 2525 καλ
1020 2467 1072 2540 τὴν
1096 2467 1144 2525 διὰ
1165 2471 1201 2525 Μ.
1227 2503 1259 2512 -

118 2549 151 2656 ff
171 2541 362 2677 {peditem
375 2541 523 2667 officim-man
543 2559 611 2597 corr.
631 2543 660 2596 in
679 2537 729 2596 τὸν
748 2541 854 2598 οἰκεῖον
868 2542 904 2597 Μ.
925 2573 959 2582 -
980 2549 1012 2596 13
1032 2537 1173 2612 δηάαηται
1192 2542 1260 2597 ΜΛ.

116 2813 228 2898 Neque
257 2814 344 2878 enirn
372 2813 504 2879 rubrum
535 2813 717 2898 humorem,
750 2813 805 2878 sed
833 2813 1005 2879 candidum
1034 2817 1067 2878 et
1097 2815 1260 2882 viscosum

117 2924 153 2985 ut
175 2921 323 3006 gignant,
345 2923 463 2985 natura
485 2924 693 3004 comparatae
718 2924 806 3004 sunt,
833 2920 916 2986 unde
940 2923 974 2985 et
999 2921 1089 3006 ipsae
1113 2944 1260 3006 procrea-

118 3031 171 3092 tee
194 3031 271 3092 sunt
293 3031 326 3091 et
349 3031 508 3114 augentur
531 3031 628 3113 atque
655 3027 800 3112 aluntur,
826 3049 890 3112 qua
912 3027 951 3092 de
973 3049 1009 3092 re
1033 3027 1068 3094 in
1090 3027 1198 3113 priore
1222 3029 1261 3092 de

117 3135 238 3202 semine
270 3134 355 3200 libro
385 3133 465 3200 satis
497 3133 799 3200 demonstravimus.
853 3133 969 3220 Atqui,
1002 3133 1030 3198 si
1056 3134 1186 3218 quidem
1218 3134 1261 3217 id,

116 3242 201 3328 quod
229 3245 387 3326 mutatur,
414 3242 449 3306 in
475 3242 633 3306 mutantis
662 3241 801 3306 similem
826 3240 967 3324 speciem
991 3241 1112 3324 evadit,
1142 3241 1260 3306 iecoris

117 3351 219 3434 ipsius
243 3371 339 3414 carne
362 3347 445 3413 nihil
469 3348 744 3415 accommodatius
764 3347 804 3414 ad
828 3347 995 3434 sanguinis
1019 3349 1261 3432 generationem

118 3455 269 3538 reperias.
324 3455 358 3520 si
391 3456 477 3519 enirn
510 3454 642 3546 sanguis
676 3455 898 3542 conspissatus
931 3455 1004 3538 erit,
1037 3477 1113 3520 caro
1145 3455 1261 3521 iecoris

11 3629 13 3632 ,
117 3561 262 3645 perfecta
284 3561 452 3626 efficietur.
489 3559 552 3626 Sed
575 3561 720 3647 plerique
743 3561 953 3647 physicorum
976 3561 1144 3648 negotium
1166 3561 1261 3628 nobis

117 3667 291 3751 facessunt,
314 3691 387 3732 cum
406 3668 510 3734 multa
529 3667 595 3732 alia
613 3669 773 3755 ignorent,
795 3672 865 3732 tum
885 3691 932 3754 ea,
954 3691 1036 3754 quae
1054 3669 1088 3733 in
1107 3690 1203 3753 opere
1222 3668 1261 3732 de

117 3773 320 3840 naturalibus
346 3774 558 3840 facultatibus
577 3774 798 3842 demonstrate
818 3781 902 3841 sunt.
939 3775 1158 3860 Amplectitur
1175 3775 1262 3840 enim

11 3951 12 3954 ,
118 3881 208 3946 cibos
227 3885 340 3946 venter
358 3880 636 3948 accommodatum
656 3882 719 3947 sibi
738 3904 869 3948 succum
883 3903 921 3947 ex
939 3881 981 3946 iis
1001 3883 1142 3966 eliciens,
1160 3882 1261 3948 donec

118 3989 282 4051 saturatus
309 3989 343 4051 et
370 4010 503 4072 prorsus
530 3989 687 4074 repletus,
718 3989 872 4075 quidquid
901 4010 1175 4074 supervacaneum
1203 3993 1262 4074 eet,

117 4093 152 4158 in
175 4094 318 4158 ieiunum
342 4094 531 4162 intestinum
560 4098 731 4182 propellat.
776 4097 854 4163 inde
877 4119 988 4160 rursus
1012 4096 1101 4160 iecur
1124 4095 1263 4162 attrahit

118 4199 158 4264 ad
178 4222 212 4264 se
232 4223 362 4266 succum
382 4202 416 4266 in
434 4207 546 4268 ventre
565 4205 655 4288 prius
675 4205 888 4286 elaboratum,
910 4203 966 4288 qui
984 4223 1050 4267 non
1067 4223 1126 4286 per
1143 4201 1260 4268 Jovem

118 4331 155 4372 ea
178 4307 217 4372 dc
240 4331 339 4372 causa
362 4329 382 4372 a
403 4311 514 4374 ventre
536 4309 740 4395 immutatur,
763 4315 800 4375 ut
822 4309 921 4375 iecori
945 4307 1181 4393 suppeditetur,
1205 4310 1260 4374 sed

12 4445 13 4448 ¹
117 4416 194 4499 quie
222 4415 290 4479 fieri
318 4437 384 4479 non
411 4419 534 4500 potest,
561 4417 639 4501 quin
666 4417 730 4484 duo
763 4439 899 4501 corpora
931 4417 965 4480 in
997 4415 1083 4482 idem
1110 4417 1261 4482 coeuntia
