3298 5136
748 377 789 386 —
838 342 991 406 200-

227 518 285 574 240
295 498 460 587 ἐπάνειμι,
492 499 575 587 πρὸς
605 498 642 567 τὸ
670 498 750 586 μήτε
784 503 842 585 τῆς
869 495 1131 584 ἆναπνευστικῆς
1157 497 1319 584 κινήσεως
1345 496 1439 586 μήτει

294 609 351 692 τῆς
373 611 563 693 φωνητικῆς
591 605 834 694 δημιουργικὴν
857 602 963 695 ἀρχὴν
990 603 1077 673 εἶναι
1103 602 1166 691 την
1187 608 1340 692 καρδίαν.
1385 602 1447 672 διδ

295 713 427 798 ἐκείνην
452 712 515 799 μιν
541 712 605 801 γὰρ
633 711 669 780 τὸ
698 721 869 797 πλεῖστον,
902 709 943 780 οὐ
973 710 1041 800 μὴν
1068 708 1132 779 ὑπὸ
1162 712 1289 799 ἐκείνης
1315 736 1352 796 γε
1379 709 1442 797 τὴν

295 815 469 905 ἀναπνοὴν
492 826 647 906 γίνεσθαι
671 821 889 906 συμβέβηκεν,
913 815 955 887 οὐ
977 815 1101 886 ταύτὸν
1124 819 1164 885 δέ
1179 820 1271 886 ἐστιν
1292 814 1359 885 ὑπό
1381 843 1443 884 του

268 932 450 1011 εγίυεσθαι
469 928 523 993 καὶ
544 926 600 994 διά
618 953 658 994 τι.
700 928 880 1014 γέγραπται
899 925 936 993 δὲ
955 923 1035 1013 ἡμῖν
1059 929 1096 992 ἓν
1115 931 1248 1012 βιβλίον
1268 929 1338 1014 ἰδίη
1361 933 1429 991 καθ
1454 935 1465 955 “

297 1030 394 1100 ἑαυτὸ
418 1034 492 1118 περὶ
515 1040 626 1122 χρείας
649 1030 828 1120 ἀναπνοῆς.
847 1047 850 1054 “

386 1142 430 1204 Oi
451 1139 487 1205 δι
514 1136 696 1226 ἡγούμενοι
725 1138 845 1226 φωνὴν
872 1135 893 1227 ἢ
922 1135 1098 1226 ἀναπνοὴν
1125 1136 1191 1208 ὑπὸ
1219 1142 1278 1224 τῆς
1307 1140 1454 1225 καρδίας·

296 1245 516 1312 ἐπιτελεῖσθαι
540 1243 623 1333 πρὸς
644 1249 703 1332 τῆς
725 1244 807 1314 κατὰ
825 1244 889 1334 τὴν
907 1247 1007 1314 θέσιν
1030 1245 1207 1333 ἐγγίτητος
1224 1242 1446 1332 ἠπατήθησαν

296 1347 358 1419 οὐκ
381 1349 516 1435 ειδότες,
540 1348 585 1430 ὡς
608 1349 649 1419 οὐ
672 1351 820 1437 πίιυτως,
844 1362 877 1420 εί
895 1379 927 1420 τι
950 1359 1093 1438 πλησίον
1121 1353 1188 1421 ἐστι
1211 1350 1333 1440 μόριον
1356 1351 1445 1438 ἐνερ-

258 1481 282 1519 ιο
296 1464 387 1544 γείας
409 1454 626 1544 ἡστινοσοῦν,
650 1461 681 1540 ἐξ
705 1457 852 1545 ἀνάγκης
878 1459 1055 1527 τοῦτοκαὶ
1083 1455 1167 1546 ἀρχὴ
1194 1463 1253 1545 τῆς
1280 1459 1446 1546 ἐνεργείας

296 1566 396 1633 ἐστίν.
441 1561 521 1632 οὐδὲ
544 1567 607 1653 γὰρ
631 1563 704 1633 ὅσοι
728 1565 789 1634 τὸν
812 1567 997 1652 ἐγκέφαλον
1019 1563 1316 1652 ὑπολαμβάνουσιν
1338 1560 1446 1652 ἀρχὴν

297 1669 382 1738 εἶναι
414 1674 472 1758 τῆς
502 1670 584 1738 κατὰ
617 1667 817 1758 ὀφθαλμοὺς
846 1674 900 1740 και
934 1665 1000 1740 ὦτα
1027 1675 1082 1740 καὶ
1116 1675 1211 1758 ῥίνας
1246 1669 1446 1758 αἰσθήσεως,

298 1776 349 1845 ὅτι
385 1785 528 1864 πλησίον
559 1774 671 1845 αὐτῶν
709 1780 813 1864 ἐστιν,
851 1776 964 1866 ὀρθῶς
1001 1781 1242 1867 ἐπιχειροῦσιν,
1274 1773 1358 1846 ἀλλὰ
1390 1777 1446 1845 καὶ

297 1883 438 1964 τούτους
466 1881 485 1970 ἡ
514 1885 607 1962 θέσις
636 1890 793 1970 ἔσφαλλε,
820 1886 1009 1974 μᾶλλονδὲ
1037 1883 1098 1972 οὐχ
1126 1883 1146 1972 ἡ
1174 1887 1284 1970 θέσις,
1314 1881 1397 1952 ἀλλὰ
1424 1881 1445 1971 ἡ

261 2010 285 2049 1⁵
299 1991 373 2077 περὶ
406 1994 464 2077 τῆς
495 1992 622 2070 θέσεως
654 1991 744 2072 δόξα.
797 1992 930 2072 πάντας
965 1993 1030 2082 γὰρ
1067 1993 1176 2080 δήπου
1207 1989 1347 2082 τοιούτῳ
1379 1991 1447 2058 τινι

299 2097 565 2185 προσχρήσονται
588 2097 670 2166 κατὰ
688 2098 748 2178 τοις
765 2097 949 2181 ἀποδείξεις
971 2097 1143 2186 ἀξιώματι·
1166 2101 1245 2166 πᾶσι
1264 2112 1334 2177 τοῖς
1357 2099 1447 2183 ένερ-

299 2207 421 2290 γοῦσιν
445 2205 480 2272 έκ
502 2209 570 2273 τῶν
592 2213 735 2291 πλησιόν
758 2207 848 2274 ἐστιν
871 2204 890 2294 ἡ
915 2203 1009 2294 ἀρχή.
1035 2205 1157 2274 τούτου
1180 2203 1244 2292 γὰρ
1268 2202 1447 2272 ὑποτεθέν-

338 2439 349 2485 1
381 2437 439 2492 τοῖς
465 2424 569 2482 οινατιν.
597 2429 633 2482 Μ.
665 2461 693 2468 -
724 2435 739 2482 5
767 2427 904 2497 γενέσθαι
930 2429 959 2482 Μ
987 2432 1137 2498 γίγνεσθαι
1160 2429 1180 2483 C
1204 2430 1336 2497 γίνεσθαι
1354 2429 1387 2481 A„
1413 2459 1446 2466 -

303 2509 335 2556 10
359 2498 448 2554 τούτω
473 2501 502 2554 C.
528 2531 559 2539 —
591 2507 623 2553 14
648 2497 752 2567 ἔσφαλε
777 2501 940 2554 CMABCh
965 2498 1084 2569 ἔσφαλλε
1109 2500 1141 2553 Κ.
1169 2529 1201 2539 -
1233 2506 1264 2553 15
1287 2493 1448 2566 αἰσθήσεως

301 2573 466 2697 ΜίΑΒΟιΚ
484 2570 593 2634 θέσεως
611 2571 644 2638 C;
670 2571 704 2624 ei.
724 2571 808 2626 Proll.
832 2589 859 2640 p.
879 2578 921 2625 93.
941 2602 976 2610 -
1005 2578 1037 2626 17
1056 2572 1179 2638 πλησίων
1199 2571 1280 2625 codd.
1300 2571 1363 2624 edd.
1381 2575 1448 2638 πλη-

302 2663 363 2698 σον
382 2661 440 2696 nos.
462 2673 494 2680 -

303 2849 379 2932 dixi,
401 2871 460 2913 nee
483 2848 708 2931 respirationis
732 2872 790 2914 nee
811 2849 898 2915 voeis
922 2853 1030 2914 motus
1050 2849 1244 2914 effectricem
1267 2851 1333 2913 vim
1353 2855 1449 2934 atrine

304 2955 463 3040 originem
486 2955 521 3020 in
545 2955 640 3020 eorde
665 2979 743 3020 esse.
788 2955 927 3040 Propter
949 2957 1012 3021 hoe
1035 2957 1122 3020 enim
1144 2956 1362 3040 potissimum,
1385 2979 1449 3020 non

304 3063 345 3126 ab
374 3063 436 3127 hoe
464 3064 501 3126 fit
528 3061 701 3155 respiratio
729 3054 832 3146 neque
864 3063 950 3127 idom
975 3067 1025 3126 est
1052 3064 1093 3127 ab
1127 3063 1237 3148 aliquo
1266 3063 1336 3126 fieri
1360 3063 1449 3148 quid-

304 3169 393 3252 piam
417 3172 449 3232 et
479 3173 614 3253 propter
637 3169 767 3252 aliquid.
814 3168 995 3253 Singularis
1024 3172 1132 3232 autem
1160 3169 1198 3232 da
1226 3191 1286 3232 usu
1313 3171 1450 3252 respira-

305 3275 404 3341 tionis
428 3276 511 3339 liber
535 3299 554 3339 a
577 3297 628 3340 me
652 3275 854 3360 conscriptus
879 3280 936 3340 est.

395 3383 456 3458 Qui
484 3382 586 3468 igitur
617 3405 729 3448 vocem
761 3384 812 3447 vel
840 3383 1088 3466 respirationem
1119 3407 1137 3446 a
1165 3383 1260 3448 eorda
1287 3384 1450 3468 proficisci

306 3490 490 3575 opinantur,
513 3489 594 3554 situs
618 3489 786 3554 vicinitate
810 3489 937 3573 decepti
961 3493 1049 3570 ειυιι,
1073 3490 1159 3574 quod
1183 3513 1237 3554 eos
1260 3490 1355 3575 fugit,
1376 3513 1451 3572 non,

291 3597 334 3660 -si
363 3619 444 3681 quae
476 3619 552 3681 pars
591 3596 751 3661 functioni
782 3595 958 3680 euicimque
991 3597 1097 3660 vicina
1127 3600 1190 3680 est,
1226 3597 1346 3660 ideireo
1382 3596 1450 3660 eius

306 3703 503 3788 principium
521 3702 706 3768 necessario
731 3726 808 3766 esse.
844 3701 931 3767 Nam
951 3705 983 3766 et
1002 3703 1061 3786 illi,
1080 3703 1134 3786 qui
1154 3703 1322 3766 cerebrum
1346 3703 1451 3768 oeulo-

307 3832 392 3894 mm,
419 3810 545 3874 aurium
567 3809 758 3893 nariumque
780 3809 975 3894 principium
1003 3831 1073 3872 essa
1097 3813 1258 3892 statuunt,
1286 3808 1319 3872 id
1342 3831 1381 3873 ex
1404 3832 1452 3892 eo,

307 3915 393 4001 quod
416 3915 457 3979 iis
481 3917 663 4000 proximum
688 3919 750 4000 est,
773 3939 838 3980 non
861 3921 948 3980 reete
972 3919 1255 4000 argumentantur,
1284 3916 1340 3979 sed
1362 3915 1450 3999 ipsos

278 4023 281 4028 ’
308 4045 435 4108 quoque
465 4023 547 4087 situs
575 4023 609 4087 in
633 4044 775 4087 errorem
803 4023 934 4086 deduxit
961 4023 1013 4087 vel
1041 4023 1152 4107 potius
1178 4045 1244 4088 non
1273 4022 1369 4103 situs,
1397 4022 1452 4086 sed

309 4151 420 4196 eorum
450 4129 489 4194 de
518 4130 582 4194 situ
609 4127 729 4214 opinio
784 4129 923 4194 Omnino
953 4129 1014 4193 hoe
1042 4129 1109 4193 fere
1138 4127 1305 4192 enuntiato
1334 4127 1375 4194 ad
1401 4128 1452 4192 da-

308 4238 553 4302 monstrandum
589 4237 737 4300 utuntur:
781 4235 930 4301 omnibus
965 4235 1187 4300 functionibus
1220 4259 1236 4298 a
1269 4235 1451 4320 propinquo

309 4343 402 4428 origo
426 4346 484 4406 ast.
530 4343 622 4420 Quod
650 4365 723 4407 cum
751 4365 810 4428 pro
835 4365 910 4408 vero
945 4343 1115 4428 posuerint
1142 4343 1344 4428 alterumque
1372 4341 1451 4408 illud
