3210 5148
557 426 797 491 —443-

127 581 160 652 ού
179 581 258 652 κατίι
289 581 405 670 ὀλίγον
428 580 658 652 ἀλλοιοῦσθαι.
703 583 758 650 καλ
785 581 849 668 γάρ
877 580 919 670 δή
943 583 997 650 καὶ
1021 609 1057 650 το
1081 577 1162 668 αἷμα
1186 586 1256 650 δια-

126 693 227 778 φέρειν
251 691 288 758 ἐν
310 705 380 769 τοῖς
399 689 493 780 ζςόοις
515 690 598 776 φησί
617 688 796 777 θερμότητι
814 690 869 756 καὶ
889 687 1069 776 ψυχρότητι
1087 691 1143 758 καὶ
1161 688 1256 776 πάχει

125 799 169 866 καλ
195 795 363 882 λεπτότητι
395 797 450 864 καλ
482 794 596 876 άλλαις
624 800 802 884 διαφοραῖς
830 792 891 862 οὐκ
918 792 1061 881 ὀλίγαις,
1097 793 1179 883 ὑπὲρ
1207 787 1256 863 τόν

123 903 333 990 Ἀριστοτέλης
352 903 404 970 ε’πλ
423 912 577 972 πλεῖστον
597 906 747 990 διῆλθεν.
782 899 875 989 ἡμεῖς
898 901 935 969 δὲ
954 900 1035 969 κατὰ
1053 903 1114 971 τὸν
1132 907 1257 971 οἰκείου

124 1010 231 1098 καιρὸν
254 1011 305 1078 ἐπὶ
330 1009 509 1096 προήκοντι
533 1015 578 1102 τῷ
602 1008 690 1100 λόγῳ
714 1007 990 1097 μνημονεύσομεν
1012 1005 1135 1093 αὐτῶν,
1159 1005 1284 1096 ήνίκαε

123 1115 160 1186 civ
180 1119 232 1186 καὶ
255 1113 358 1194 αύτὰς
379 1115 438 1195 τὰς
456 1114 692 1203 Ἱπποκράτους
713 1143 748 1184 τε
772 1117 826 1184 καλ
846 1115 1027 1196 Πλάτωνος
1050 1115 1160 1202 ῥήσεις
1182 1115 1256 1202 περὶ

123 1225 242 1294 τούτων
268 1221 549 1311 παραγράφωμεν.
604 1224 640 1290 ἐν
667 1222 704 1291 δὲ
731 1227 775 1316 τῷ
799 1223 939 1309 παρόντι
967 1221 1050 1310 πρὸς
1076 1220 1155 1302 τοὺς
1182 1222 1256 1308 περὶ

121 1333 174 1402 τὸν
192 1331 387 1419 Χρύσιππον
406 1324 424 1396 ό
448 1327 547 1416 λόγος
570 1330 724 1417 ἑνίστηκέ
744 1357 800 1417 μοι
823 1329 903 1418 μήτε
921 1327 1002 1398 άλλο
1026 1358 1056 1397 τι
1076 1327 1257 1416 γινώσκον-

122 1468 172 1520 τας
192 1439 266 1524 περὶ
288 1440 357 1504 τῶν
379 1435 524 1504 κατὰτὰ
551 1435 644 1523 πάθη
672 1433 754 1523 μήθ’
786 1433 831 1516 ὦς
854 1441 892 1504 αι’
915 1440 976 1504 τοῦ
1004 1436 1154 1523 σώματος
1179 1434 1256 1524 κρά-

121 1568 181 1628 σεις
212 1549 335 1622 οἰκείας
366 1542 497 1621 ἑαυταῖς
535 1541 727 1630 ἐργάζονται
765 1541 824 1623 τάς
855 1541 1040 1631 παθητικάς
1077 1541 1233 1630 κινήσεις·
1251 1543 1255 1632 t
1272 1569 1297 1608 ιο

53 1652 200 1732 Λύσω
224 1649 287 1737 γὰρ
311 1647 329 1717 ό
354 1647 581 1728 Ποσειδώνιος
603 1646 778 1737 ὀνομάζειν
802 1659 932 1719 εἴωθεν.
974 1648 1197 1737 Ἀριστοτέλης
1219 1648 1322 1727 dim

120 1760 270 1847 άντικρυς
292 1755 356 1844 ήδη
375 1763 469 1822 καλεῖ
485 1759 552 1822 τῶν
567 1754 663 1848 ζῴων
682 1754 811 1836 ἁπάσας
828 1755 887 1836 τὰς
905 1757 1058 1837 τοιαύτας
1075 1760 1133 1844 τής
1150 1759 1257 1844 φυχῆς

119 1863 326 1942 καταστάσεις
349 1863 513 1949 ίξηγεῖταί
532 1888 581 1947 τε,
609 1859 686 1930 καθ’
717 1862 833 1932 ὅντινα
855 1863 981 1951 τρόπον
1009 1865 1060 1932 ἐπὶ
1087 1879 1159 1944 ταῖς
1186 1868 1257 1932 δια-

118 1971 295 2061 φερούσαις
324 1967 460 2057 κράσεσι
492 1975 714 2038 συνίστανται.
765 1970 897 2060 διόπερ,
926 1969 1032 2058 οἶμαι,
1060 1973 1114 2040 καὶ
1142 1968 1162 2059 ή
1190 1975 1258 2039 τόν
1317 2038 1326 2050 ,

117 2084 234 2148 παθῶν
256 2081 314 2164 τῆς
338 2079 444 2162 ψυχῆς
467 2085 553 2156 ἴασις
580 2077 631 2144 ε’πλ
656 2078 756 2145 ἐνίων
779 2077 841 2164 μὲν
864 2077 1001 2158 εὔκολός
1023 2104 1057 2145 τε
1080 2079 1134 2146 καὶ
1158 2081 1257 2167 ῥᾳδία
1273 2101 1297 2141 rs

151 2303 166 2350 2
184 2287 348 2362 θερμότητα
368 2309 392 2342 κ.
410 2284 574 2358 ψυχρότητα
594 2309 619 2344 τι.
640 2285 728 2360 πάχος
746 2311 771 2344 κ.
790 2285 945 2357 λεπτότητα
959 2291 996 2346 Μ.
1018 2323 1049 2332 -
1070 2297 1086 2346 3
1106 2291 1175 2360 φησί
1194 2294 1258 2362 post

115 2362 209 2428 άλλαις
228 2361 309 2419 codd.
329 2361 391 2415 edd.
412 2376 461 2414 nos
481 2360 619 2416 eiecimus.
641 2393 672 2400 —
700 2368 716 2415 4
735 2382 784 2417 τον
803 2363 863 2430 (sic)
883 2363 911 2416 M
930 2383 992 2416 τινα
1011 2362 1139 2417 ABCbK
1158 2358 1207 2417 τόν
1226 2363 1255 2416 L.

116 2470 146 2478 --
167 2427 441 2521 οἱμνημονεύσειμεν
461 2431 488 2484 Μ
504 2427 744 2516 μνημονεύσομεν
759 2433 865 2488 such.
883 2465 913 2473 —
934 2441 950 2489 6
969 2429 1074 2496 ταύτας
1088 2432 1256 2492 LMABCh.

116 2541 145 2550 —-
167 2527 217 2569 τας
235 2503 299 2572 περὶ
319 2503 367 2557 τοῦ
389 2500 579 2570 ίμποκρατονς
597 2504 627 2558 L.
649 2537 680 2542 --
701 2511 716 2558 7
736 2505 835 2560 τοῦτον
855 2505 884 2560 L.
904 2537 936 2544 -
956 2501 1173 2574 περιγράψωμεν
1192 2504 1255 2558 LM.

115 2613 145 2622 --
171 2585 187 2634 8
213 2598 238 2632 τι
262 2593 316 2631 orn.
340 2573 511 2628 MABChK.
536 2605 567 2613 —
595 2581 611 2630 9
634 2575 699 2642 περί
723 2593 772 2630 nos
796 2576 970 2631 inseruimus.
989 2607 1022 2616 -
1046 2573 1080 2630 τά
1100 2594 1152 2632 om.
1173 2577 1202 2630 L.
1224 2607 1255 2616 —

113 2651 218 2718 κρίσεις
243 2649 273 2702 L.
297 2677 329 2685 —
355 2652 387 2700 12
408 2641 470 2714 ἤδει
493 2649 590 2700 καλεῖν
609 2647 639 2700 L.
664 2677 694 2686 -
720 2648 808 2712 ζωίων
827 2648 856 2700 L.
881 2680 913 2686 -
933 2642 1085 2710 άπάσαςΙι
1109 2647 1267 2706 collocavit

113 2723 180 2793 post
199 2713 390 2779 mesaraicas.
410 2749 441 2756 —-
465 2722 498 2769 14
517 2717 678 2772 συνίσταται
696 2719 775 2775 codd.
796 2719 857 2773 edd.
877 2721 1056 2774 συνίστανται
1074 2736 1132 2774 uos.
1153 2751 1184 2759 —

112 2937 278 3018 habitum,
308 2933 363 3018 qui
393 2955 431 2998 er
465 2933 548 2998 airis
576 2934 750 2998 ambientis
778 2935 1012 3019 temperatione
1039 2957 1105 3001 non
1132 2935 1257 3001 modice

110 3045 270 3127 varietur3
294 3041 485 3126 sanguinem
509 3040 594 3104 enirn
618 3040 652 3106 in
676 3041 872 3106 animalibus
896 3041 1061 3106 caliditate
1080 3047 1113 3105 et
1134 3042 1258 3126 frigore

109 3157 144 3216 et
173 3147 387 3216 crassitudine
422 3151 454 3212 et
486 3146 643 3212 tenuitate
676 3148 812 3233 aliisque
845 3149 941 3213 rebus
967 3171 1033 3214 non
1059 3149 1187 3232 paucis,
1219 3148 1257 3212 de

108 3258 231 3343 quibus
263 3254 456 3320 Aristoteles
494 3254 718 3338 copiosissime
755 3255 947 3340 disputavit,
984 3255 1146 3320 diversum
1179 3277 1258 3320 esse.

106 3365 183 3430 Nos
208 3363 337 3448 quidem
361 3361 554 3445 procedente
578 3361 724 3426 oratione
751 3363 859 3428 locum
886 3362 1036 3428 idoneum
1061 3362 1147 3426 nacti
1171 3384 1258 3426 men-

107 3472 237 3535 tionem
266 3490 377 3534 sarum
405 3490 511 3532 rerum
539 3467 709 3551 faciemus,
737 3469 793 3534 ubi
822 3470 894 3554 ipsa
916 3467 1127 3553 Hippocratis
1150 3468 1258 3533 Plato-

105 3576 230 3658 nisque
248 3576 287 3639 de
305 3575 357 3639 his
377 3575 476 3639 verba
495 3574 724 3640 adscribemus.
755 3576 850 3641 Nunc
868 3577 1020 3640 adversus
1039 3574 1258 3660 Chrysippum

104 3681 234 3766 quique
262 3682 303 3745 ab
332 3703 369 3746 eo
397 3685 473 3746 sunt
496 3680 576 3745 mibi
605 3686 755 3766 suscepta
783 3687 833 3746 est
860 3683 1057 3768 disputatio,¹
1078 3684 1134 3766 qui
1157 3705 1258 3768 neque

105 3787 205 3852 aliud
230 3786 405 3871 quidquam
428 3789 467 3852 de
491 3789 791 3872 perturbationibus
818 3811 919 3874 neque
947 3788 1028 3854 illud
1051 3793 1261 3876 cognoscunt,

101 3893 263 3978 corporis
296 3895 547 3980 temperationes
577 3899 808 3961 consentaneas
841 3895 903 3960 sibi
932 3895 1058 3960 efficere
1087 3897 1259 3962 affectuum

100 3999 291 4086 motiones3
324 3999 371 4064 ita
399 4001 484 4064 enirn
512 4001 596 4065 solet
623 4002 786 4086 appellare
814 4001 1015 4068 Posidonius
1066 4002 1259 4068 Aristoteles

98 4113 224 4173 autem
249 4107 423 4172 manifesto
451 4106 517 4172 iam
540 4129 651 4174 omnes
680 4107 739 4174 har
768 4109 869 4173 animi
893 4107 1140 4174 const'tutiones
1165 4112 1260 4174 vocat

97 4237 240 4300 quaque
264 4215 390 4281 ratione
414 4237 452 4280 ex
481 4215 618 4279 diversis
645 4215 873 4300 temperaturis
898 4216 1091 4298 consistent,
1118 4215 1259 4300 exponit.

96 4321 320 4406 Quapropter
347 4321 380 4386 in
403 4321 567 4386 nonnullis
595 4323 795 4388 curationem
822 4322 1101 4408 perturbationum
1128 4321 1259 4388 facilem

96 4430 362 4514 expeditamque
386 4450 455 4492 esse
480 4451 518 4492 ea
540 4429 579 4492 de
603 4451 702 4493 causa
724 4430 927 4514 crediderim,
951 4429 1036 4514 quod
1058 4449 1162 4512 neque
1185 4451 1258 4494 con-
