3300 5146
646 393 888 458 -255-

191 541 260 622 ὧδέ
287 577 357 632 πως
385 557 539 640 ἐχονσαν·
578 552 667 641 ‘aspi
696 544 745 620 ὧν
780 552 853 638 ἑξῆς
886 550 1075 638 ζητήσωμεν
1106 555 1341 639 παραπλησίως

193 657 274 728 (ἀπὸ
307 663 367 746 τῆς
399 664 514 747 κοινῆς
551 657 740 747 ὁρμώμενοι
770 663 877 747 φορᾶς
913 659 967 725 καὶ
999 661 1067 726 τῶν
1103 657 1184 726 κατὰ
1216 657 1341 745 ταύτην

194 767 391 854 ἐἰρημένων
424 765 554 853 λόγων)
613 765 733 854 κοινὴν
764 767 913 834 ἐνταῦθα
950 763 1061 854 φορὰν
1098 763 1116 833 ὁ
1150 765 1342 853 Χρύσιππος

194 882 302 961 εἴρηκε
335 871 372 940 τὸ
405 878 501 962 κοινη
533 877 635 941 πᾶσιν
668 870 862 958 ἀνθρώποις
894 875 1028 940 δοκοῦν.
1077 870 1145 940 εἶτα
1174 873 1342 961 ἐπιφέρων

193 986 279 1066 φησί
300 981 365 1048 ’καὶ
386 981 437 1048 ἐπὶ
461 979 590 1049 τούτων
610 984 731 1060 ἱκανῶς
750 987 928 1067 φαίνονται
954 980 1132 1066 ἐνηνέχθσιι
1152 975 1215 1046 eiad
1240 976 1366 1067 σἰρχῆςῡ

194 1089 253 1165 ἐἰς
275 1087 312 1154 τὸ
337 1085 479 1154 εἶναιτὸ
500 1085 701 1175 ἡγεμονικὸν
724 1085 819 1174 ἡμῶν
838 1089 875 1154 ἐν
897 1091 936 1176 τῇ
955 1088 1096 1176 καρδίᾳ.’
1133 1083 1202 1153 εἶτα
1226 1087 1342 1173 ἐφεξῆς

193 1192 323 1261 τούτων
350 1189 535 1281 ἁπτόμενος
562 1193 625 1280 ἤδη
657 1199 725 1262 τῶν
753 1193 1014 1283 ἐπιχειρημάτων
1041 1190 1154 1260 αὐτῶν
1180 1183 1249 1260 uide'
1273 1218 1342 1273 πως

194 1299 314 1387 γράφει
338 1300 419 1368 κατὰ
448 1302 551 1382 λέξιν·
586 1303 697 1392 ’κοινῇ
723 1301 762 1368 δέ
782 1327 838 1388 μοι
863 1303 1024 1369 δοκοῦσιν
1052 1305 1089 1368 oi
1107 1301 1223 1368 πολλοὶ
1247 1301 1341 1388 φέρε-

195 1409 288 1474 ‘otim
313 1407 365 1474 ἐπὶ
393 1411 492 1476 τοῦτο
523 1405 644 1476 ὡσανεὶ
676 1407 994 1496 συναισθαΙνόμενοι
1017 1408 1091 1495 περὶ
1119 1405 1179 1475 τὸν
1201 1405 1341 1494 θώρακα
1351 1428 1405 1485 291

196 1509 322 1592 ἀὐτοῖς
339 1517 408 1580 τῶν
426 1513 507 1582 κατὰ
525 1513 588 1602 τὴν
607 1513 764 1582 διάνοιαν
780 1517 903 1582 παθῶν
921 1515 1110 1601 γινομένων
1127 1515 1182 1581 καὶ
1201 1512 1341 1601 μάλιστα
1357 1543 1382 1579 ιο

195 1617 285 1686 ’καθ’
320 1615 361 1689 ὃν
389 1607 409 1707 ip
438 1627 559 1710 καρδία
587 1623 736 1690 τέτακται
769 1620 889 1706 τόπον,
922 1615 997 1689 οἷον
1026 1621 1167 1709 μάλιστα
1195 1621 1247 1688 ἐπὶ
1273 1623 1341 1689 τῶν

196 1725 326 1812 ’φόβων
348 1728 494 1796 καὶτῶν
522 1732 637 1796 λυπῶν
664 1728 717 1795 καὶ
747 1728 798 1794 ἐπὶ
826 1731 884 1814 της
911 1725 1013 1816 ὀργῆς
1039 1730 1094 1796 καὶ
1117 1728 1258 1815 μάλιστα
1281 1731 1342 1795 τοῦ

195 1831 478 1920 ’θνμοῦ·.ὦσανεὶ
502 1833 566 1922 γὰρ
590 1830 874 1922 ἆναθυμιωμένον
897 1839 957 1904 τοῦ
980 1839 1095 1924 θυμοῦ
1123 1837 1158 1903 ἐκ
1185 1838 1243 1921 τῆς
1265 1833 1341 1923 καρ-

196 1943 282 2020 ‘otas
304 1942 359 2009 καὶ
379 1938 580 2028 ὠθουμένον
599 1941 690 2022 ἐκτὸς
709 1943 764 2009 ἐπί
778 1969 854 2010 τινα
873 1943 927 2010 καὶ
948 1944 1163 2030 ἐμφυσῶντος
1183 1940 1222 2009 τὸ
1240 1941 1341 2029 πρόσ-

195 2051 300 2118 ’ωπον
332 2050 386 2117 καὶ
422 2047 481 2128 τὰς
512 2063 623 2137 χεῖρας
649 2056 775 2136 γίνεται
808 2046 890 2136 ἡμῖν
925 2051 1085 2137 ἔμφασις]
1141 2051 1177 2116 ἐν
1210 2048 1342 2129 τούτοις
1357 2075 1381 2114 1⁵

232 2251 244 2297 l
270 2239 426 2315 ζητήσομεν
444 2245 574 2300 Auchi(
597 2241 758 2316 ζητήσωμεν
777 2246 849 2312 LM3
873 2246 907 2301 cf.
931 2247 1015 2302 Proll.
1039 2265 1066 2316 p.
1087 2253 1129 2300 22.
1149 2277 1181 2284 —-
1206 2243 1341 2315 3κοινὴν

195 2313 269 2370 ἔνθα
289 2317 319 2372 L.
340 2348 372 2356 -
397 2319 518 2386 ιἰφησέν
537 2316 574 2370 Μ.
598 2348 632 2358 -
657 2323 671 2371 Ἰ
691 2337 711 2370 π
729 2312 923 2408 οχετρημσὶτων
942 2319 1020 2372 codd.
1045 2317 1107 2373 edd.
1131 2313 1203 2386 ἐπιχ.
1228 2335 1287 2400 uos.
1307 2350 1340 2360 —

195 2387 320 2442 8κσινοὶ
339 2385 370 2442 δέ
390 2387 421 2444 L.
446 2419 479 2428 -
508 2385 538 2442 oi
553 2388 686 2444 λοιποίῐι
729 2389 781 2442 ΑΒ
805 2408 832 2443 οι
850 2389 945 2443 πολλοὶ
965 2389 1042 2444 ChK.
1064 2421 1096 2428 -
1123 2395 1154 2442 12
1173 2393 1269 2442 λνπων
1292 2389 1341 2444 καὶ

194 2459 251 2512 τῶν
274 2453 373 2530 φόβων
392 2459 471 2515 codd.
495 2459 559 2514 edd.
583 2454 682 2532 φόβων
706 2459 754 2514 καὶ
778 2460 948 2514 reiciendo
971 2478 1021 2515 uos
1045 2459 1107 2514 coll.
1131 2478 1159 2530 p.
1178 2465 1243 2527 232,
1262 2467 1287 2515 3.
1306 2492 1339 2501 -κ

197 2537 229 2584 13
251 2530 349 2600 θοροῦ
373 2525 405 2585 ἐκ
424 2531 474 2599 της
492 2533 611 2599 καρδίας
630 2527 872 2601 ἅναθνμιωμένον
892 2531 940 2584 καὶ
959 2530 1122 2586 MABChK
1140 2527 1267 2601 ἅναθνμ.
1286 2548 1340 2586 om.

194 2601 216 2654 L
234 2601 345 2672 θυμοῦ·
370 2596 473 2658 ὡσανεὶ
491 2597 546 2672 γὰρ
565 2597 691 2673 ἄναθνμ.
715 2603 765 2656 τοῦ
784 2603 880 2672 θυμοῦ
901 2599 933 2656 ἐκ
951 2603 1001 2671 τῆς
1019 2604 1138 2670 καρδίας
1155 2603 1204 2656 καὶ
1222 2618 1285 2670 uos;
1306 2603 1340 2658 cf.

194 2672 314 2814 {piftpalp
326 2679 394 2784 ἶῠθ,
415 2681 456 2729 11.
476 2705 508 2713 -
530 2681 562 2728 14
582 2669 762 2742 ἐκφυσῶντος
776 2674 806 2728 L.
826 2705 859 2713 —
881 2681 912 2728 15
932 2675 1082 2744 γίγνεσθαι
1100 2673 1131 2728 L.
1152 2704 1184 2712 -
1205 2671 1342 2743 ἔμφασεις

195 2908 326 2974 ισοιΙοιτι
359 2931 394 2973 se
424 2907 560 2974 habeut:
618 2908 687 2975 ‘De
719 2910 859 2994 quibus
891 2909 1076 2994 deinceps
1109 2931 1339 2994 quaeramus

196 3015 387 3080 similiter
407 3039 426 3080 a
445 3017 633 3082 communi
657 3017 922 3102 propensione
941 3019 979 3079 et
1000 3017 1064 3099 iis,
1088 3038 1183 3100 quae
1208 3039 1340 3082 secuu-

195 3123 280 3188 dum
304 3145 384 3188 eam
409 3123 514 3188 dicta
538 3127 640 3208 sunt,
663 3121 985 3209 proficiscentes?
1032 3121 1244 3188 Communem
1267 3147 1340 3209 pro·

194 3231 383 3314 pensionem
407 3230 552 3315 appellat
570 3253 773 3296 communem
792 3232 938 3297 omnium
960 3228 1131 3294 hominum
1154 3230 1340 3316 opinionem

196 3359 233 3402 ac
252 3359 454 3403 consensum.
491 3337 614 3403 Deinde
634 3337 714 3404 haec
733 3339 836 3404 addit:
865 3337 930 3402 ‘Et
952 3337 992 3402 in
1010 3337 1070 3401 his
1090 3337 1190 3402 satis
1209 3338 1340 3402 videu-

195 3448 259 3508 tur
281 3467 299 3508 a
323 3445 523 3530 principio
548 3468 589 3511 co
617 3445 854 3531 propendere
879 3443 1052 3527 ecferri,
1082 3447 1123 3508 ut
1145 3444 1340 3529 priucipa-

193 3555 256 3628 tus
280 3553 429 3617 animae
457 3557 616 3618 nostrae
644 3553 682 3617 in
706 3552 818 3616 corde
842 3551 913 3616 sit.'
958 3550 1119 3636 Deinceps
1143 3551 1211 3616 iam
1233 3551 1339 3635 ipsam

194 3658 510 3744 argumentationem
525 3660 712 3746 aggreditur
726 3659 767 3723 ud
781 3659 915 3724 verbum
929 3659 1010 3724 haec
1024 3659 1181 3724 scribens:
1201 3657 1338 3744 ‘Vulgo

195 3765 287 3829 mihi
311 3765 491 3830 videntur
514 3767 695 3852 plerique
723 3789 764 3830 eo
793 3765 903 3850 ferri,
935 3766 1027 3850 quia
1050 3767 1160 3850 quasi
1188 3766 1339 3831 conscii

195 3871 271 3936 sibi
311 3877 403 3937 sunt
442 3873 608 3938 affectus
646 3873 786 3938 mentis
822 3874 998 3938 accidere
1037 3873 1076 3937 in
1112 3875 1269 3957 pectore
1303 3877 1339 3936 et

194 3979 405 4064 praecipue
446 3981 485 4045 iu
527 4002 568 4046 eo
609 3981 710 4063 loco,
747 4002 819 4065 quo
862 3982 980 4046 situm
1022 3983 1080 4044 est
1121 4001 1201 4064 cor,
1241 3978 1339 4062 quod

195 4087 361 4150 maxime
394 4087 433 4151 in
460 4087 668 4152 timoribus
700 4092 738 4152 et
764 4087 980 4152 maestitiis
1010 4091 1046 4151 et
1078 4087 1138 4150 ira
1166 4089 1203 4150 et
1230 4107 1338 4170 prae·

195 4193 305 4277 cipue
328 4193 531 4258 iracundia
553 4195 614 4280 fit3
638 4195 754 4259 huius
774 4195 874 4259 enim
893 4195 1003 4278 quasi
1028 4192 1175 4258 ccorde
1199 4214 1337 4277 evapo-

194 4301 318 4364 rautis
357 4304 471 4386 atquc
508 4302 716 4387 propulsae
753 4301 859 4368 foras
892 4300 939 4365 ad
980 4300 1162 4385 quasdam
1201 4304 1336 4384 partes

193 4407 413 4494 faciemque
433 4413 469 4472 et
493 4430 626 4473 manus
649 4409 834 4474 inflantis
857 4408 911 4473 fit
929 4408 1042 4474 nobis
1066 4405 1337 4496 significatio?
