3298 5136
627 479 868 546 -165-

172 633 312 700 ἕκαστον
334 636 395 702 τοῦ
422 631 574 720 σώματος
601 631 722 722 μόριον
746 636 781 702 έκ
810 640 948 725 καρδίας
976 634 1164 725 ἀφικνεῖται
1187 645 1321 729 νεῦρον,

171 735 255 807 ἀλλὰ
279 737 324 819 ὦς
347 737 503 826 ἄντικρυς
526 739 691 827 ἑπόμενον
722 735 772 822 οἷς
799 740 895 812 εἶπον
917 741 1170 832 ἀποφήνασθαι.
1215 745 1321 815 αολλά

171 845 235 934 γὰρ
257 844 299 935 ur}
318 849 455 914 τοιαῦτα
479 848 533 915 καὶ
552 845 641 934 ιιαρά
659 861 729 927 τοῖς
752 851 879 936 ἰατροῖς
897 855 988 918 ἔστιν
1007 849 1118 939 εὑρεῖν
1137 849 1321 940 ἀνατομικά

78 981 83 992 ·
170 952 372 1041 θεωρήματα
403 957 583 1041 μοχθηρῶς
614 956 824 1041 γεγραμμένα
860 955 905 1043 μῆ
938 959 1177 1045 βουληθέντων
1208 955 1353 1027 attuvi

170 1055 348 1147 ἀναμεῖναι
370 1057 408 1128 τὸ
432 1059 651 1148 φαιξνόμενον
673 1061 709 1128 ἐκ
731 1065 789 1147 τῆς
811 1059 993 1150 ἀνάτομῆς,
1016 1060 1100 1132 άλλά
1125 1067 1158 1146 ἐξ
1180 1063 1386 1141 ἀκολου-208

170 1172 251 1246 θίας
272 1163 364 1246 τινὸς
392 1165 600 1234 ἐλπισάντων
622 1164 667 1245 ὡς
695 1166 900 1254 ἑωρακότων,
946 1167 1032 1238 οὕτω
1063 1171 1105 1257 θῆ
1133 1161 1272 1258 μοικαὶ
1301 1167 1319 1240 ὁ

167 1269 393 1360 Ἀριστοτέλης
416 1271 583 1359 ἐσφάλθαι
602 1277 755 1359 φαίνεται
780 1273 843 1342 δύο
866 1275 928 1361 μὲν
946 1273 1057 1364 ἀληθῆ
1077 1278 1220 1365 θέμενος
1241 1278 1319 1366 λῆμ-

169 1407 268 1467 ματα,
290 1377 328 1448 τὸ
353 1379 389 1448 δὲ
411 1383 525 1466 τρίτον
544 1377 642 1465 ἐγγὺς
664 1376 825 1466 ἀληθείας
846 1382 1004 1451 πιθανόν.
1041 1379 1151 1471 ἀληθῆ
1175 1383 1237 1471 μὲν
1257 1377 1320 1453 οὖν

171 1483 262 1555 εἶναι’
282 1513 367 1573 φημι
389 1483 428 1554 τό
450 1511 485 1553 τε
510 1488 582 1553 δεῖν
605 1484 720 1572 ἰσχύος
741 1485 834 1585 τινὸς
855 1501 925 1568 τοῖς
943 1487 1140 1576 κινήσονσιν
1163 1487 1320 1578 ὀργάνοις

168 1591 210 1662 τὰ
238 1596 300 1662 τοῦ
329 1591 416 1686 ζῴου
443 1593 524 1679 μέλη
551 1591 607 1658 καὶ
633 1590 671 1660 τὸ
700 1593 807 1679 μηθὲν
835 1591 898 1662 ἀπὸ
923 1595 1108 1683 έγκέφάλον
1135 1604 1319 1684 φαίνεσθαι
1334 1622 1359 1660 ιο

169 1703 337 1785 τοιοῦτον,
360 1697 511 1767 πιθανὸν
534 1699 582 1782 δέ,
606 1695 667 1766 οὐκ
690 1695 828 1785 ἀληθές,
855 1697 901 1781 ὥς
924 1703 961 1769 έν
983 1706 1022 1791 τῆ
1046 1707 1167 1793 καρδίᾳ
1189 1708 1319 1792 πλῆθος

169 1815 221 1893 εῖη
245 1805 386 1892 νεύρων.
430 1800 514 1872 ἀλλά
537 1801 631 1891 ῆμεῖς
653 1831 689 1892 γε
713 1808 817 1887 δεῖξαι
841 1807 1016 1896 δυνάμεθα
1039 1813 1147 1890 καλῶς
1168 1809 1231 1898 μὶν
1252 1809 1317 1879 ὑπο

169 1911 275 1981 αὐτοῦ
297 1916 342 2004 τῷ
366 1911 454 2002 λόγῳ
477 1910 634 1996 γνωσθὲν
660 1909 824 2000 ὄργανον,
852 1910 912 2001 ὑφ’
938 1907 979 1984 οὗ
1001 1914 1063 2004 χρῆ
1087 1926 1254 1985 κινεῖσθαι
1277 1916 1318 1984 τὰ

168 2024 231 2089 τοῦ
254 2018 339 2112 ζῴον
362 2020 455 2107 μέλη,
479 2016 565 2085 διότι
588 2016 625 2084 δὲ
649 2013 789 2106 ῆμέλησε
814 2024 946 2108 ζητῆσαι
970 2021 1053 2090 κατὰ
1074 2022 1133 2103 τάς
1151 2020 1318 2111 ἀνατομάς
1422 2059 1426 2068 ·

168 2123 263 2210 αὐτό,
288 2124 343 2193 διὰ
366 2129 465 2194 τοῦτο
490 2122 638 2212 έκιγνγόν
660 2151 694 2192 τε
713 2124 775 2213 τῆν
799 2125 855 2194 διὰ
878 2131 946 2196 τῶν
969 2128 1161 2216 αἰσθήσεων
1184 2129 1317 2219 εὕρεσιν
1331 2153 1356 2194 ιι

252 2269 381 2280 .--·-a---

205 2334 268 2394 θέο
287 2336 363 2400 oleo
382 2339 448 2393 cett.
468 2331 500 2392 ἐν
518 2337 681 2394 delevimus.
697 2369 729 2377 —
749 2345 765 2394 3
786 2337 892 2409 ἰατροῖς
910 2335 987 2395 ἐστὶν
1002 2341 1022 2396 G
1038 2341 1095 2396 cai.
1115 2340 1221 2411 ἰατροῖς
1240 2337 1315 2396 ἐστιν

169 2411 211 2466 ch
230 2407 248 2464 ἰ.
268 2407 344 2466 ἔστιν
357 2409 391 2464 Κ.
419 2407 548 2464 Ceterum
567 2409 654 2464 verba
670 2409 789 2464 τοιαῦτα
809 2443 842 2450 —-
862 2406 958 2481 εὑρεῖν
975 2411 1040 2467 inc
1059 2413 1164 2467 detrita
1176 2413 1315 2468 videntur.

169 2515 200 2522 ψ
227 2478 315 2550 θμέν
338 2479 452 2544 revoco
477 2483 542 2535 cett.
566 2477 619 2550 μέν
642 2480 804 2537 delevimus.
826 2514 858 2522 —
883 2489 899 2537 9
920 2479 996 2537 εἰναι
1019 2485 1091 2552 φημὶ
1118 2483 1138 2538 C
1158 2483 1215 2538 cai.
1240 2481 1318 2538 εἶναι’

168 2551 308 2634 φημιῦῖι.
330 2583 362 2590 -
389 2559 421 2638 lp
440 2550 517 2640 μάνη
534 2549 570 2636 ,⁰¹
594 2549 663 2638 μέλη
682 2551 717 2638 Cf
735 2551 792 2636 Cui.
813 2585 845 2637 ᾗ
875 2561 907 2608 12
927 2573 958 2608 το
979 2555 1070 2640 spinis
1089 2554 1109 2608 C
1131 2557 1196 2610 cett.
1216 2549 1247 2637 τῆ
1268 2571 1313 2609 ex-

168 2641 452 2764 ἰὲῗὶῖἶῆιῖωῗο
469 2621 898 2762 ἕζθωεῗίιῆιιαῖἷᾞιοῆλιῖ
920 2631 953 2679 1⁴
972 2643 1043 2695 ‘⁶⁸⁹⁷'
1063 2625 1083 2680 ⁰
1107 2623 1176 2696 μέλῃ
1195 2625 1252 2681 ⁰²¹'
1280 2656 1313 2666 “

168 2881 213 2943 ris
236 2877 383 2942 membra
411 2897 428 2939 e
456 2875 550 2940 eorde
577 2897 695 2940 nervus
724 2876 905 2961 deveniret,
929 2877 998 2961 sed,
1026 2878 1119 2963 quasi
1146 2879 1179 2943 id
1202 2878 1313 2964 utique

168 2987 418 3070 consequeretur
445 3005 499 3064 ea,
527 3004 609 3066 quae
637 2981 718 3065 dixi,
741 2981 789 3047 ita
811 2985 1047 3066 pronuntiasse.
1098 2983 1204 3049 Multa
1226 2984 1313 3050 enim

167 3091 390 3158 huiuscemodi
423 3089 565 3172 decreta,
597 3111 679 3172 quae
710 3089 750 3153 ad
778 3091 978 3155 anatomiam
1006 3092 1185 3175 pertinent,
1213 3091 1313 3156 etiam

168 3199 254 3283 apud
281 3198 424 3262 medicos
450 3195 594 3260 invenire
629 3195 707 3259 lieet
738 3218 837 3280 prave
865 3198 1064 3282 conscripta,
1095 3198 1216 3283 quippo
1248 3199 1313 3282 qui,

167 3307 244 3391 quid
264 3329 302 3370 ex
321 3305 487 3370 anatomia
505 3307 687 3388 appareret,
710 3307 897 3387 exspectare
916 3303 1048 3388 nollent,
1071 3305 1127 3369 sed
1146 3327 1184 3369 ex
1203 3327 1312 3371 conae-

167 3413 297 3479 outione
329 3411 483 3496 quadam,
518 3411 610 3495 quasi
642 3409 812 3493 vidissent,
849 3433 916 3474 rem
949 3411 997 3474 ita
1029 3433 1099 3476 esse
1137 3414 1313 3496 sperarent.

168 3519 221 3584 Sia
250 3540 376 3604 quoque
404 3517 599 3582 Aristoteles
627 3515 708 3580 mihi
736 3515 865 3580 videtur
891 3515 1016 3584 errasse
1040 3540 1092 3601 eo,
1120 3517 1205 3601 quod
1232 3517 1312 3581 (luas

167 3649 260 3691 veras
292 3625 421 3711 quidem
454 3625 646 3706 sumtiones,
678 3622 809 3686 tertiam
842 3645 919 3688 vero
941 3623 1150 3709 ‘probabilem
1184 3625 1313 3688 tentum

166 3756 204 3798 eo
228 3731 438 3796 verisimilem
466 3729 586 3815 posuit.
631 3729 719 3793 Vere
749 3729 835 3794 enim
859 3753 929 3796 esse
957 3731 1062 3796 iudico
1088 3735 1120 3795 et
1142 3731 1236 3814 illud,
1265 3731 1311 3795 in-

167 3839 365 3922 strumentis,
388 3859 470 3922 quae
495 3836 644 3902 animalis
668 3837 814 3902 membra
837 3842 967 3903 motura
990 3841 1074 3919 sunt,
1096 3837 1213 3902 robore
1236 3859 1311 3922 quo-

166 3947 241 4011 dam
270 3967 351 4026 opus
384 3966 469 4026 esse,
501 3946 535 4007 et
556 3942 633 4025 hoe,
664 3943 748 4008 nihil
780 3944 938 4010 eiusmodi
970 3944 1097 4009 roboris
1131 3965 1147 4007 e
1180 3943 1311 4008 cerebro

166 4051 331 4116 evidenter
357 4050 450 4133 oriri,
477 4049 647 4133 probabile
675 4053 796 4134 autem,
823 4073 889 4116 non
917 4073 1028 4116 verum
1055 4050 1131 4133 hoo,
1158 4049 1193 4113 in
1216 4047 1311 4113 eorde

166 4180 235 4222 esse
263 4159 392 4242 copiam
419 4177 600 4222 nervorum.
649 4155 719 4222 Noa
748 4161 857 4221 autem
889 4158 1110 4222 demonstrare
1138 4176 1310 4240 possumus

164 4265 427 4347 instrumentum,
449 4286 513 4348 quo
537 4261 687 4328 animalis
711 4265 856 4328 membra
880 4264 1003 4329 moveri
1025 4263 1157 4345 debent,
1184 4261 1310 4327 ratione

166 4370 297 4455 quidem
321 4371 362 4434 ab
386 4391 424 4435 eo
449 4371 529 4435 satis
552 4373 758 4454 perspectum
782 4393 861 4454 esse,
884 4370 961 4457 quia
983 4375 1093 4435 tamen
1112 4367 1224 4434 incisis
1243 4390 1310 4434 eor-

164 4477 300 4562 poribus
327 4477 360 4542 id
387 4476 549 4562 inquirere
577 4475 734 4563 neglexit,
762 4477 835 4542 ideo
864 4477 1084 4542 inventionem
1112 4498 1171 4560 per
1198 4498 1310 4543 seusus
