3300 5146
809 409 853 420 *-
899 375 1054 439 260*-

356 537 535 618 προχείρου
556 557 606 610 τις
629 527 778 612 dissicere
797 529 993 617 λαμβάνειν,
1017 526 1098 597 αὐτο
1121 527 1159 597 τὸ
1185 527 1388 615 ζητούμενον
1409 523 1506 606 λήψε-

356 662 420 706 ται.
473 636 656 716 Πλάτωνος
688 635 750 724 μὲν
782 636 846 724 γὰρ
883 638 1039 723 λέγοντος
1071 631 1133 704 οιάι
1166 635 1201 702 ἐκ
1231 631 1357 703 ταύτοῦ
1387 633 1507 721 με’ροος

237 800 242 811 .
357 739 528 830 ὁρμᾶσθαι
555 742 718 830 λογισμόν
744 769 779 811 τε
807 743 862 810 καλ
890 739 1006 829 θωμὸν
1035 742 1090 809 καὶ
1118 743 1316 828 ἐπιθυμίαν,
1350 739 1507 826 Ζήνωνος

329 849 394 916 εδδ
419 851 456 918 ἐν
478 854 600 939 καρδίᾳ
622 849 870 938 καθιδρύοντος
891 847 1023 916 ἅπαντα
1046 853 1217 937 προσῆκον
1240 840 1299 935 ἦν,
1323 844 1431 934 οἶμαι,
1453 847 1507 914 καὶ

292 973 348 1030 295
359 963 542 1048 Χρυσίππῳ
568 958 625 1025 καὶ
652 959 751 1025 παντὶ
779 960 824 1047 τῷ
852 954 932 1044 μετὰ
962 958 967 1046 Ι
995 956 1161 1024 Πλάτωνα
1189 956 1243 1022 καὶ
1269 954 1412 1041 Ζήνωνα
1440 960 1508 1040 κρί-

359 1089 453 1132 νοντι
475 1063 515 1132 τὰ
546 1064 695 1150 δόγματα
723 1066 792 1132 τῶν
818 1060 956 1153 ἀνδρῶν
978 1072 1179 1152 προσθεῖναι
1208 1063 1339 1152 θατέρῳ
1368 1059 1430 1149 μὲν
1453 1057 1508 1127 αὐ-

358 1173 426 1238 τῶν
448 1167 637 1255 ἀπόδειξιν,
660 1171 792 1262 θατέρῳ
820 1171 858 1239 δὲ
881 1170 1018 1257 ἕλεγχόν
1039 1197 1126 1240 τινα.
1169 1170 1207 1240 τὸ
1238 1169 1275 1237 δὲ
1303 1168 1404 1256 χωρὶς
1431 1165 1509 1235 άπο-

360 1277 492 1356 δείξεως
519 1273 777 1364 ἀποφήνασθαι,
805 1277 958 1365 καθάπερ
987 1274 1005 1346 ὁ
1034 1277 1229 1366 Χρύσιππος
1256 1276 1429 1362 ἐποίησεν,
1456 1272 1509 1358 ὥς,

360 1385 446 1450 ἔνθα
469 1378 512 1449 ἂν
539 1374 560 1472 ᾖ
583 1381 620 1452 τὸ
650 1383 841 1470 παθητικὸν
866 1388 925 1470 τῆς
951 1388 1073 1471 ψυχῆς,
1104 1385 1252 1452 ἐνταῦθα
1281 1383 1337 1450 καὶ
1360 1381 1398 1451 τὸ
1423 1390 1510 1469 λογι-

320 1513 346 1552 ιο
359 1487 475 1557 στικὸν
507 1487 685 1577 ὑπάρχειν,
716 1490 881 1560 τοσούτου
912 1496 966 1559 δεῖ
995 1490 1170 1582 φιλοσόφῳ
1199 1489 1394 1578 προσήκειν,
1428 1487 1510 1558 ὥστε

360 1592 440 1663 οὐδὲ
464 1599 500 1664 oi
520 1596 657 1685 ῥήτορες
679 1594 759 1665 οὐδὲ
787 1601 823 1666 οἱ
843 1599 999 1685 σοφισταὶ
1022 1597 1226 1687 πράττουσιν
1248 1592 1344 1664 αὐτό·
1372 1600 1510 1685 πειρῶν·

359 1728 413 1769 ται
446 1706 531 1788 γοῦν
565 1701 712 1772 κάκεῖνοι
744 1711 876 1773 πίστεσί
903 1727 970 1773 τισι
1002 1714 1163 1784 πιθανοῖς
1193 1708 1349 1791 χρῆσθαι.
1404 1702 1442 1771 τὸ
1476 1703 1511 1770 δὲ

361 1809 501 1878 ἕκαστον
528 1814 597 1877 τῶν
624 1813 835 1899 ζητουμένων
863 1814 896 1894 ἐξ
928 1813 1062 1899 ἑτοίμου
1095 1811 1280 1899 λαμβάνειν
1313 1809 1390 1878 οὔτε
1418 1831 1511 1896 σοφι-

361 1929 455 1995 σταῖς
486 1914 563 1986 orias
599 1917 760 2007 ῥήτορσιν
789 1918 865 1988 οὔτε
903 1924 1121 1998 διαλεκτικοῖς
1157 1915 1234 1987 οὔτε
1270 1915 1512 1994 ἀποδεικτικοῖς

323 2044 348 2085 ω
363 2017 443 2090 οὐδὲ
473 2021 558 2103 ὅλως
586 2022 700 2094 οὐδενὶ
728 2030 797 2095 τῶν
822 2026 959 2095 πάντων
986 2025 1156 2114 προσήκει.
1203 2024 1343 2093 κάλλιον
1371 2016 1437 2091 οὖν
1459 2015 1511 2110 ἦν,

364 2125 467 2216 οἶμαι,
490 2132 643 2257 καθάπερ
666 2130 684 2200 ὁ
710 2133 853 2201 Πλάτων
877 2129 1046 2214 ἀποδεῖξαι
1074 2130 1305 2219 προάθυμήθη
1328 2131 1366 2199 τὸ
1392 2132 1512 2199 ἑαυτοῦ

400 2287 507 2346 lariani
527 2289 660 2347 τδΙι.-
686 2294 788 2347 2lnde
808 2312 825 2348 a
844 2294 936 2349 verbis
955 2289 1107 2355 Πλάτωνος
1130 2291 1182 2364 μὲν
1205 2288 1259 2361 γάρ
1284 2291 1368 2363 incip.
1389 2295 1510 2362 excerpt.

363 2362 415 2418 VH
429 2363 556 2418 codicum
571 2363 677 2418 FP.-
697 2356 781 2419 4ουν
796 2383 846 2434 pro
861 2357 993 2434 avL
963 2365 1094 2419 -οκαλ
1113 2367 1178 2434 post
1192 2365 1346 2437 Χροοιτπω
1362 2380 1417 2418 om
1434 2364 1464 2418 L
1481 2395 1510 2402 —

361 2453 420 2487 παν
447 2429 580 2489 πλάτωνα
613 2434 717 2490 lineola
744 2437 841 2491 subter
868 2456 926 2490 παν
949 2437 1036 2491 ducta
1057 2437 1153 2490 P.-
1183 2443 1199 2489 6
1222 2431 1257 2489 τά
1282 2420 1348 2490 anie
1381 2430 1436 2504 δὺγ
1420 2456 1510 2505 γματα

363 2521 416 2560 om.
435 2505 520 2560 L.-
544 2506 627 2560 8καλ
647 2505 721 2560 ἔνθα
740 2503 815 2560 P¹
798 2529 836 2570 ως
860 2506 934 2562 ἔνθα
953 2509 1049 2563 P².-
1076 2513 1108 2562 10
1133 2505 1164 2562 δὲ
1189 2523 1240 2594 pro
1260 2507 1409 2561 osrh—
1435 2511 1511 2575 φ-ιλο

364 2571 462 2644 τάφων
480 2577 517 2631 M.
538 2607 571 2618 —
569 2573 780 2663 προσήκειΙι
801 2611 833 2620 -
857 2580 906 2634 καλ
925 2574 1005 2634 ταῦθ’
1024 2573 1101 2633 Ρ1
1078 2573 1146 2633 (σοι’
1167 2573 1231 2633 ονδΙ
1251 2577 1348 2634 P¹.-—
1374 2585 1408 2632 12
1428 2577 1512 2633 verba

363 2648 523 2701 πίστεσι-
547 2644 579 2702 ’τό
599 2647 631 2703 δὲ
651 2650 803 2703 omL—
771 2651 853 2705 —in
871 2652 957 2706 verbo
965 2652 1100 2738 χρήσθω
1118 2649 1206 2736 dosia.
1216 2652 1347 2736 excerpt.
1362 2649 1416 2704 VH
1436 2648 1511 2704 codd.

364 2718 475 2773 FP.-
497 2726 528 2773 13
548 2715 620 2773 καθ
641 2719 861 2776 iecorosis.-
888 2729 920 2776 15
939 2742 973 2776 ον
993 2742 1050 2791 μην
1068 2739 1118 2792 pro
1137 2742 1190 2776 οοκ
1209 2712 1348 2790 ηνΙι
1375 2728 1410 2776 16
1427 2739 1512 2790 προο

364 2803 516 2915 θομήσθάι
535 2843 572 2899 M.
593 2875 625 2886 -

365 3013 484 3076 ponere
506 2949 656 3076 voluerit,
633 2991 707 3055 tis
730 3015 797 3057 rem
822 2993 939 3078 ipsam,
962 2995 1000 3058 de
1024 3016 1088 3078 qua
1111 2997 1291 3080 quaeritur,
1314 2995 1410 3080 quasi
1438 3017 1509 3060 con·
1577 3057 1580 3062 .

366 3120 490 3162 cessam
517 3100 626 3181 ponet.
676 3097 763 3163 Nam
796 3122 868 3164 cum
895 3100 989 3166 Plato
1021 3107 1119 3187 neget
1151 3125 1189 3166 ex
1222 3101 1333 3166 eadem
1366 3103 1511 3187 corporis

365 3208 457 3288 parte
481 3205 641 3269 rationem
665 3208 698 3268 et
719 3205 921 3271 iracundiam
944 3212 978 3271 et
1000 3209 1212 3293 cupiditatem
1235 3208 1405 3292 exsistere,
1429 3209 1511 3273 Zeno

367 3315 476 3376 autem
498 3311 608 3376 omnia
630 3311 667 3375 in
693 3313 788 3377 corde
812 3314 962 3398 collocet,
989 3319 1022 3378 et
1045 3313 1224 3401 Chrysippi
1252 3319 1322 3379 erat
1345 3320 1378 3380 et
1406 3317 1513 3380 nnius·

367 3419 530 3503 cuiusque,
553 3419 608 3502 qui
630 3423 707 3502 post
725 3420 895 3486 Platonem
919 3427 952 3486 et
970 3423 1133 3488 Zenonem
1156 3424 1286 3488 decreta
1309 3445 1423 3488 eorum
1443 3445 1511 3487 exa·

367 3524 491 3590 minare
519 3526 630 3609 vellet,
663 3526 801 3593 alterum
829 3529 1104 3596 demonstratione
1136 3531 1342 3614 confirmare,
1374 3531 1511 3595 alterum

366 3629 516 3696 refutare.
552 3632 599 3696 At
621 3633 690 3698 sinc
713 3635 998 3721 demonstratione,
1021 3638 1106 3702 sicut
1128 3635 1333 3722 Chrysippus
1356 3638 1445 3722 fecit,
1467 3639 1512 3701 ita

367 3738 589 3822 pronuntiare,
607 3739 728 3805 ibidem
743 3764 813 3807 esse
827 3744 1020 3809 rationalem
1036 3744 1163 3808 animae
1181 3746 1319 3828 partem,
1337 3745 1393 3810 ubi
1409 3745 1453 3810 sit
1467 3766 1512 3826 ea,

368 3867 450 3930 quae
474 3847 644 3911 affectibus
673 3848 813 3914 obnoxia
842 3851 898 3934 sit,
926 3855 1054 3916 tantum
1082 3874 1100 3915 a
1128 3851 1326 3936 philosopho
1350 3851 1512 3935 abhorret,

368 3957 405 4017 ut
426 3975 467 4018 ne
487 3957 632 4018 oratores
660 3955 788 4039 quidem
813 3962 870 4021 aut
897 3957 1063 4043 sophistae
1086 3957 1120 4022 id
1146 3959 1283 4043 faciant,
1312 3961 1431 4046 quippe
1458 3959 1510 4044 qui

369 4064 526 4125 conentur
567 4062 684 4125 saltem
724 4063 950 4147 probabilibus
987 4064 1178 4148 quibusdam
1218 4067 1419 4150 argumentis
1456 4065 1510 4129 uti.

370 4165 532 4251 Quidquid
556 4173 664 4232 autem
687 4167 721 4232 in
744 4171 968 4253 quaestionem
990 4175 1138 4254 vocatur,
1160 4171 1194 4235 id
1216 4173 1364 4238 absolute
1388 4193 1510 4238 sumere

369 4295 429 4338 nec
453 4274 610 4359 sophistis
629 4296 687 4340 nec
707 4277 892 4342 oratoribus
915 4299 974 4342 nec
993 4276 1172 4343 dialecticis
1194 4301 1254 4344 nec
1273 4277 1509 4345 demonstrandi

370 4381 486 4470 peritis
509 4405 568 4448 nec
588 4381 720 4450 omnino
740 4384 892 4470 cuiquam
910 4406 948 4448 ex
968 4385 1112 4450 omniurn
1130 4407 1265 4452 numero
1282 4386 1369 4452 licet.
1405 4383 1510 4450 Satius
