3444 5140
662 411 907 477 -701-

208 572 350 653 ‘caduca
369 567 539 656 διάρροιαι
557 565 699 654 χρόνιαι,
719 567 723 654 Ι
743 567 888 655 χολέραι,
911 571 1131 654 δυσεντερίαι,
1149 573 1354 656 λειεντερίαι,
1364 591 1422 646 ςρς

208 678 449 764 εαἱμορροΐδες,
481 678 708 760 μελαγχολίαι·
739 687 826 741 τοῖσι
859 672 896 741 δὲ
928 671 1131 761 πρεσβύτῃσι
1164 672 1355 758 δύσπνοιαι,
1386 693 1393 702 ·

208 780 399 868 ’κατάρροοι
418 779 593 868 βηχώδεες,
612 785 861 868 στραγγουρίαι,
880 783 1069 866 δυσουρίαι,
1088 777 1228 866 ἄρθρων
1246 778 1356 866 πόνοι,

208 890 421 975 ‘scopentem
445 894 578 974 ίλιγγοι,
602 881 815 972 ἀποπληξίαι,
838 887 999 972 καχεξίαι,
1024 887 1140 974 {copel
1163 890 1225 954 τοῦ
1247 885 1356 974 σάμα-

208 997 276 1074 “τος
308 977 405 1079 ὅλον,
442 990 638 1081 άγρυπνίαι,
674 999 801 1080 κοιλίης
837 993 892 1060 καλ
930 989 1119 1080 ὀφθαλμῶν
1155 992 1211 1059 καί
1250 995 1383 1079 δινάντ

208 1099 413 1189 ςὑγρότητες,
446 1096 672 1186 άμβλοωπίαι,
705 1098 921 1188 γλαοκάσιες,
958 1101 1177 1186 βαρνηκοίαι.’
1232 1099 1357 1186 ταύτην

208 1207 271 1296 τῆν
299 1206 394 1288 τάξιν
422 1210 480 1293 τῆς
510 1211 725 1286 διδασκαλίας
753 1207 854 1294 ἐχρῆν
881 1209 1083 1292 πεποιῆσθαι
1106 1205 1167 1274 τὸν
1190 1205 1356 1274 Πλάτωνα

209 1319 352 1401 μᾶλλον,
381 1323 471 1400 είπερ
501 1339 538 1399 γε
565 1313 741 1405 φιλοσόφῳ
764 1311 923 1400 προσῆκει
955 1312 993 1380 τὸ
1022 1312 1110 1393 τάξει
1138 1313 1193 1380 καλ
1221 1311 1357 1404 μεθόδῳ

209 1425 355 1509 χρῆσθαι
397 1424 612 1498 διδασκαλίας
651 1420 707 1488 καί
748 1424 876 1506 μᾶλλον
917 1414 938 1506 ῆ
974 1433 1045 1498 τοῖς
1081 1423 1215 1508 ἰατροῖς.
1274 1417 1357 1488 άλλδι

210 1538 290 1607 ῖσως
313 1525 374 1595 οὐκ
397 1523 546 1614 η’δάνατο
573 1526 649 1614 περὶ
676 1529 745 1594 των
771 1524 936 1594 τοιούτων
963 1523 1107 1614 άκριβοδς
1130 1530 1279 1595 διελθεῖν
1303 1527 1357 1614 ἐμ-
1372 1551 1398 1591 ιο

209 1641 341 1723 πειρίας
369 1634 555 1722 δεομένων,
593 1629 694 1712 αὐτὸς
730 1629 791 1700 οὐκ
823 1628 872 1700 civ
903 1638 1030 1720 τρίβων
1061 1635 1128 1701 τῶν
1160 1638 1269 1720 ἔργων
1300 1637 1359 1720 τῆς

211 1745 373 1829 ἰατρικῆς,
404 1741 460 1808 καὶ
487 1739 569 1808 κατὰ
596 1744 695 1808 τοῦτο
719 1741 867 1808 ἐπαινεῖν
890 1735 995 1808 αὐτὸν
1016 1738 1190 1827 προσῆκει,
1212 1740 1287 1828 περί
1310 1731 1359 1807 ὧν

211 1845 356 1936 άκριβῶς
393 1843 454 1916 οὐκ
490 1844 665 1934 ἠπίστατο,
702 1845 786 1934 μηδὲ
816 1845 1069 1934 ἐπιχειρήσαντα
1104 1847 1220 1932 λέγειν.
1275 1843 1358 1914 άλλδι

211 1954 321 2023 ἐκεῖνά
344 1981 381 2041 γε
404 1952 552 2022 δυνατὸν
574 1945 619 2041 ῆν
642 1950 730 2045 αὐτῷ
754 1952 843 2041 παρὰ
862 1949 965 2041 αὐτῆς
986 1957 1045 2040 τῆς
1065 1957 1134 2022 τῶν
1155 1951 1359 2040 πραγμάτων

252 2142 264 2188 1
290 2128 402 2204 χρόνιαι
426 2151 480 2188 οια.
499 2133 578 2189 codd.
598 2133 660 2188 edd.
680 2164 713 2173 -
733 2133 899 2199 λειεντερίαι
919 2149 972 2187 om.
992 2132 1071 2187 codd.
1091 2132 1153 2186 edd.
1174 2163 1204 2172 -
1226 2139 1241 2186 2
1261 2129 1358 2222 αἱμορ-

212 2205 309 2273 ραίδες
323 2203 360 2258 lll.
382 2235 413 2244 -
434 2205 614 2290 μελαγχολίαι
633 2221 686 2258 om.
703 2203 781 2258 codd.
796 2203 858 2258 edd.
879 2233 917 2286 -3
932 2221 1002 2269 πρεσ
1019 2198 1098 2258 άτεσι
1113 2203 1142 2287 λβ
1160 2206 1359 2274 πρεσβυτεροις

212 2274 351 2330 ΑΒΟΙιΚ.
372 2307 404 2316 -
424 2281 440 2328 3
460 2294 595 2343 καταρροι
614 2275 693 2330 codd.
709 2275 770 2329 edd.
790 2305 823 2315 -
844 2276 968 2346 βηχωδες
1013 2304 1067 2329 .-
1088 2279 1104 2327 5
1123 2277 1189 2330 ολοο
1205 2291 1257 2328 om.
1278 2275 1358 2330 codd.

214 2347 275 2402 cdd.
296 2376 330 2386 -
355 2341 564 2418 θάμβλοοπίοιι
582 2346 619 2401 Μ.
639 2377 672 2386 -
697 2346 781 2401 9καλ
799 2346 967 2400 διδασκαλία
991 2344 1070 2398 codd.
1089 2343 1152 2399 edd.
1175 2346 1359 2410 διδασκαλίας

212 2437 270 2473 nos.
291 2449 323 2457 -—
346 2425 377 2472 13
398 2413 629 2488 ἐπιχειρήσαντος
648 2417 685 2473 M.
706 2449 738 2458 —
759 2424 792 2472 14
811 2417 860 2485 τῆς
879 2433 932 2471 om.
952 2401 988 2473 ll.
1009 2447 1042 2455 -

213 2623 295 2666 rum
332 2603 370 2664 et
406 2600 628 2683 pulmonum
670 2598 839 2682 dolores,
874 2597 1063 2684 lethargi,
1099 2598 1359 2682 phrenitides‚

212 2707 343 2773 febres
374 2706 572 2790 ardentes,
600 2703 678 2770 alvi
706 2703 906 2788 profluvia
938 2705 1137 2790 diuturna,
1167 2705 1360 2790 cholerae,

213 2813 477 2898 dysenteriae,
499 2813 779 2878 intestinorum
801 2810 1002 2897 levitates,
1018 2812 1361 2902 haemorrhoides,

214 2920 516 3005 melancholiae,
554 2920 594 2984 in
628 2921 828 2984 senectute
869 2919 1046 3003 spirandi
1084 2919 1362 3005 difficultates,

214 3026 513 3093 destillationes
537 3048 619 3090 cum
642 3025 757 3109 tussi,
785 3026 920 3090 urinae
949 3025 1161 3091 stillicidio
1183 3026 1361 3092 difficul-

214 3138 407 3219 tatesque,
429 3133 690 3198 articulorum
708 3153 918 3226 renumque
938 3131 1107 3216 dolores,
1129 3133 1361 3219 vertigines,

215 3240 459 3325 apoplexiae,
492 3240 584 3304 mali
618 3239 798 3323 corporis
825 3238 1001 3322 habitus,
1033 3239 1156 3304 totius
1185 3240 1361 3323 corporis

215 3347 406 3431 pruritus,
433 3350 649 3412 nocturnae
677 3346 856 3432 vigiliae,
883 3345 1051 3430 ventris,
1079 3347 1275 3412 oculorum
1298 3368 1361 3411 na-

214 3454 388 3538 riumque
418 3453 614 3536 humores,
645 3453 753 3517 visus
781 3453 1068 3536 hebetationes,
1101 3454 1361 3538 glaucomata,

215 3561 372 3626 auditus
409 3559 652 3645 gravitates?
712 3558 783 3624 Ηοο
816 3560 927 3624 ordine
964 3559 1130 3624 doctrinae
1170 3560 1219 3624 uti
1256 3561 1361 3646 magis

215 3667 328 3732 debuit
359 3666 469 3750 Plato,
502 3668 530 3731 si
565 3667 694 3752 quidem
725 3666 922 3750 philosopho
958 3668 1065 3752 magis
1103 3689 1200 3751 quam
1237 3666 1361 3732 medico

216 3775 363 3839 ordinem
391 3777 424 3837 ct
455 3773 542 3838 viam
574 3773 765 3837 instituendi
793 3773 884 3858 sequi
917 3774 1075 3838 convenit.
1129 3773 1363 3838 Verumtamen

215 3881 356 3946 fortasse
383 3903 450 3946 non
477 3880 586 3964 potuit
614 3880 772 3944 eiusmodi
804 3901 856 3943 res
889 3879 1063 3966 diligenter
1090 3881 1253 3965 persequi,
1281 3901 1363 3966 quae

215 4011 311 4053 usum
349 3991 382 4052 et
419 3986 651 4070 experientiam
693 3987 874 4072 requirant,
915 4009 988 4052 cum
1025 3987 1095 4071 ipse
1131 3987 1167 4052 in
1203 3988 1364 4052 medicina

217 4095 394 4160 exercenda
415 4116 482 4159 non
508 4098 705 4178 versaretur,
734 4097 829 4178 atque
857 4093 920 4159 hcc
943 4095 1074 4159 nomine
1102 4095 1281 4159 laudandus
1305 4098 1364 4177 est,

217 4202 319 4286 quod,
340 4223 423 4285 quae
447 4222 513 4266 uon
534 4180 665 4285 penitus
688 4205 838 4284 noverat,
860 4201 899 4264 de
922 4200 964 4264 iis
987 4201 1093 4264 dicere
1122 4223 1162 4266 ne
1190 4221 1364 4285 aggressus
1415 4217 1420 4228 '

217 4307 349 4393 quidem
374 4310 432 4372 est.
474 4306 520 4372 At
542 4311 574 4371 et
593 4309 674 4373 haec
693 4308 802 4392 potuit
820 4329 859 4372 ex
881 4308 954 4391 ipsa
971 4329 1078 4371 rerum
1096 4310 1214 4372 natura
1232 4307 1365 4392 cognita

217 4414 342 4481 habere
366 4416 399 4478 et
421 4413 489 4499 illa,
512 4437 594 4498 quae
618 4415 653 4479 in
676 4413 883 4498 Aphorismis
902 4413 1120 4499 Hippocrates
1144 4413 1234 4480 hisce
1256 4415 1366 4480 verbis
