3444 5140
685 417 931 482 -681-

232 571 423 660 δήπουθεν,
453 570 536 644 άλλά
568 573 607 641 τὰ
640 577 808 661 προσεχῶς
839 573 1015 663 γεννητικὰ
1042 578 1110 642 τῶν
1141 579 1202 644 τοῦ
1230 575 1382 663 σώματος

232 686 371 766 μορίων,
395 676 475 766 αἷμα
494 681 547 747 καλ
567 681 696 769 φλέγμα
714 682 769 748 καὶ
793 681 855 750 δύο
879 688 982 769 χολαί.
1019 678 1138 768 “άλγεέι
1160 683 1163 768 λ
1185 685 1241 750 δέ’
1265 690 1381 770 φησίν,
1391 700 1447 756 678

235 784 327 854 ’ὅταν
350 813 381 853 τι
403 785 534 854 τούτων
556 791 693 854 ἔλαττον
714 783 735 874 ἢ
753 788 856 856 πλέον
879 779 899 875 ᾖ
920 784 939 874 ἢ
959 792 1110 876 χωρισθῇ
1131 791 1167 856 έν
1189 794 1234 880 τῷ
1255 789 1381 876 σάματι

234 891 352 979 καὶμὴ
377 894 582 980 κεκορημένον
604 885 625 982 ᾖ
647 908 736 962 τοῖσι
759 890 864 978 πᾶσί,
888 892 967 981 ὅπερ
992 892 1009 963 ὁ
1034 893 1179 963 Πλάτων
1207 895 1381 984 παραφρά-

235 1005 300 1080 ζων
323 1003 386 1085 ἔφη
411 999 476 1066 ’καὶ
500 1004 558 1087 τῆς
580 999 688 1086 χώρας
711 998 907 1088 μετάστασις
929 1001 962 1080 ἐξ
981 1005 1105 1080 οἰκείας
1127 999 1176 1068 ἐπ’
1202 997 1408 1088 άλλοτρίανι

234 1102 435 1194 γιγνομένη.
481 1103 564 1174 ἀλλὰ
593 1097 690 1186 οὗτος
713 1107 790 1194 μέν,
806 1104 863 1186 ’ὡς
891 1113 991 1193 ἔφην,
1018 1105 1198 1194 ἁμαρτάνει
1221 1115 1382 1196 προσθείς

235 1212 352 1302 πυρός
373 1209 403 1280 τ’
425 1204 469 1280 αὖ
491 1213 547 1280 καὶ
569 1216 636 1280 τῶν
655 1213 787 1300 ἑτέρων,
811 1212 922 1300 ἐπειδὴ
946 1214 1026 1300 γένη
1045 1220 1183 1282 πλείονα
1207 1213 1281 1293 ἑνὸς
1300 1213 1381 1282 ὄντα

234 1317 412 1407 τυγχάνεί·
457 1321 560 1386 ταῦτα
588 1319 651 1406 γὰρ
684 1316 745 1387 οὐκ
773 1325 840 1386 ἔστι
868 1317 908 1387 τὰ
935 1319 1160 1407 μεθιστάμενα
1187 1321 1241 1388 καλ
1270 1319 1382 1408 χώραν

237 1424 417 1514 άμείβοντα
441 1423 522 1493 κατὰ
545 1423 585 1492 τά
608 1429 676 1492 τῶν
700 1423 791 1517 ζῴων
813 1426 960 1512 σώματα,
983 1427 1112 1513 φλέγμα
1141 1427 1177 1494 di
1205 1427 1260 1495 καλ
1287 1427 1381 1513 χολαὶ

235 1533 290 1600 καὶ
310 1529 391 1600 αὐτὸ
415 1531 452 1600 τὸ
476 1527 571 1618 αλμα·
602 1531 657 1598 καλ
680 1529 745 1619 γὰρ
767 1532 938 1600 καὶτοῦτο
958 1531 1115 1611 πολλάκις
1138 1537 1186 1612 είς
1203 1529 1382 1621 άλλοτηίαν
1398 1558 1422 1596 ιο

235 1637 443 1726 ἀφικόμενον
465 1639 568 1725 ἕδραν
590 1646 700 1706 αίτιον
723 1635 890 1726 ὀλεθρίων
912 1637 1112 1726 νοσημάτων
1133 1646 1270 1726 γίνεται.
1306 1638 1382 1728 άχηι

235 1745 298 1834 μὲν
321 1736 467 1814 οὖντοῦ
490 1746 641 1825 (πλέονος
664 1740 684 1831 ἢ
704 1747 882 1825 ἐλάσσονος
901 1745 1040 1814 ἑκάστου
1062 1750 1131 1814 τῶν
1154 1746 1383 1814 συντιθέντων

236 1850 321 1940 ἡμᾶς
343 1852 524 1938 γινομένου
548 1855 585 1918 αί
605 1850 700 1920 νόσοι
724 1849 953 1920 καθίστανταί
982 1851 1096 1933 κοινὸς
1124 1849 1141 1921 d
1170 1851 1270 1938 λόγος
1292 1852 1383 1920 έστλν

236 1961 293 2027 έπί
312 1985 347 2026 τε
369 1961 437 2025 τῶν
455 1961 570 2045 χυμῶν
589 1959 642 2025 καλ
666 1962 734 2026 τῶν
752 1965 939 2045 στοιχείων·
968 1959 1020 2026 έπλ
1045 1959 1081 2026 δέ
1104 1963 1166 2027 τοῦ
1183 1956 1261 2027 καθ’
1285 1957 1382 2027 ἑαυτό

235 2089 303 2134 που
331 2063 470 2144 στάντος
496 2071 534 2132 ἔν
560 2092 626 2133 τινι
652 2065 742 2156 τόπῳ
769 2069 830 2133 τοῦ
857 2064 1008 2152 σώματος
1035 2062 1149 2133 οὐκέθ’
1180 2063 1303 2152 ὁμοίως
1330 2065 1382 2133 έπλ
1399 2087 1423 2127 ιε

275 2290 288 2336 1
316 2273 387 2335 άλλὰ
403 2281 451 2334 κοιλ
465 2275 499 2334 τὰ
516 2281 595 2336 codd.
611 2281 672 2336 edd.
691 2275 761 2334 ἀλλὰ
781 2275 816 2335 τά
835 2297 898 2348 ποις
918 2279 951 2334 of.
971 2279 1056 2334 Proll.
1075 2299 1103 2350 p.
1125 2287 1183 2334 115.
1203 2311 1236 2321 -
1256 2285 1273 2334 4
1292 2299 1382 2348 κειρα-

237 2348 355 2421 φηάξων
375 2351 411 2404 Μ.
437 2381 469 2391 -
495 2359 510 2406 ὅ
530 2347 698 2421 μετάστασιν
718 2351 797 2406 codd.
817 2351 879 2406 edd.
898 2346 1065 2421 μετάστασις
1084 2368 1141 2406 nos.
1161 2382 1194 2391 -
1218 2358 1234 2404 6
1253 2349 1383 2421 γιγνομέ-

236 2445 290 2492 νην
314 2423 392 2478 codd.
412 2423 474 2476 edd.
500 2421 652 2510 γιγνομένη
671 2439 732 2490 ποις
755 2421 790 2476 ci.
809 2423 894 2477 Proll.
915 2441 941 2492 p.
961 2428 1003 2477 86.
1028 2453 1060 2462 -
1091 2429 1105 2476 7
1125 2441 1153 2476 τε
1174 2421 1253 2476 codd.
1272 2422 1335 2476 edd.
1355 2415 1380 2474 τ’

239 2487 282 2552 nv*
299 2511 357 2549 noe.
377 2525 410 2534 -
435 2487 533 2562 έπειδὴ
553 2511 621 2562 γενη
640 2495 668 2546 Μ
689 2489 787 2562 ἐπειδὴ
806 2493 855 2547 καλ
874 2513 898 2562 γ.
918 2491 1057 2560 nucum
1082 2492 1115 2546 oi.
1136 2493 1220 2547 Proll.
1239 2511 1266 2562 p.
1286 2499 1328 2549 37.
1349 2523 1381 2532 -

236 2568 355 2622 πλείονα
372 2564 401 2618 Μ
420 2563 526 2619 πλέονα
541 2563 679 2620 ABCuK.
702 2597 733 2604 -
754 2558 793 2618 dv
808 2565 866 2618 MA
885 2559 953 2618 ὄντα
968 2562 1048 2618 Corn.
1063 2563 1170 2618 BChK.
1190 2595 1223 2604 -
1246 2570 1276 2617 12
1296 2561 1382 2617 πλέον

237 2632 254 2706 ἢ
281 2635 398 2692 ἔλασσον
422 2633 540 2690 ἕκαστον
564 2635 642 2690 codd.
667 2635 729 2690 edd.
753 2633 870 2698 πλέονος
893 2631 910 2704 ἢ
940 2630 1088 2697 ἐλάσσονος
1116 2630 1236 2690 ἑκάστου
1260 2651 1321 2701 noe;
1347 2633 1382 2689 cf.

237 2709 322 2764 Proll.
342 2725 369 2778 p.
389 2714 431 2762 99.
452 2737 485 2746 —
507 2714 538 2761 13
558 2701 725 2777 γιγνόμενον
744 2707 823 2762 codd.
843 2707 905 2761 edd.
925 2705 1075 2776 γινομένου
1094 2723 1151 2762 non.
1173 2737 1205 2746 -

237 2847 450 2857 ...--—-—-

239 2929 387 3014 proxime
415 2926 525 2990 valent
557 2925 598 2990 ad
626 2927 771 3008 corporis
799 2927 908 3008 paries
940 2923 1155 3009 generandae,
1187 2923 1321 3008 sanguis
1352 2925 1385 2986 ei

240 3035 362 3120 pituita
385 3037 419 3096 et
440 3031 522 3096 biles
547 3032 705 3116 geminae.
741 3029 862 3097 ‘Dolet’
886 3030 999 3114 inquit,
1023 3028 1107 3093 ‘eum
1125 3029 1242 3093 horum
1262 3028 1385 3112 aliquid

238 3142 347 3206 minue
370 3139 420 3203 vel
448 3138 521 3222 plus
548 3139 598 3202 vel
623 3141 809 3222 separatum
838 3138 872 3201 in
895 3157 1030 3220 corpore
1053 3157 1111 3200 nec
1135 3157 1208 3199 cum
1232 3134 1383 3200 omnibus

239 3245 437 3332 permixtum
466 3243 541 3328 est’,
568 3245 652 3329 quod
680 3245 775 3309 Plato
809 3244 947 3308 aliorum
973 3243 1146 3308 verborum
1174 3241 1309 3306 circuitu
1337 3240 1385 3304 ita

239 3351 408 3436 explicuit:
438 3350 526 3415 ‘eie
554 3351 687 3435 propria
710 3351 784 3416 sede
812 3351 846 3415 in
869 3351 1008 3415 alienum
1032 3346 1207 3434 migratio?
1253 3347 1299 3411 At
1321 3347 1401 3429 hic,-

240 3464 278 3523 ut
296 3457 371 3542 dixi,
395 3461 490 3540 errat,
509 3480 582 3522 eum
602 3458 692 3522 addit
715 3458 875 3543 ‘ignisque
894 3479 1005 3522 rursus
1026 3460 1059 3520 et
1077 3460 1266 3538 ceterorum,
1284 3475 1384 3538 quon·

240 3567 308 3631 iam
335 3564 430 3649 plura
453 3587 516 3630 uno
545 3585 665 3649 genera
693 3563 788 3629 suni?
835 3563 925 3628 Haeo
949 3564 1035 3627 enim
1057 3585 1123 3628 non
1145 3560 1385 3626 transferuntur

240 3673 293 3736 vel
317 3671 425 3735 sedem
448 3671 482 3734 in
511 3671 701 3735 animalium
729 3671 919 3754 corporibus
947 3673 1091 3752 mutent,
1120 3668 1175 3732 sed
1204 3667 1324 3751 pituita
1353 3669 1387 3729 ei

240 3778 325 3842 biles
354 3782 387 3840 et
419 3777 553 3860 sanguis
584 3777 669 3861 ipse;
701 3801 777 3842 nam
810 3778 863 3842 hie
895 3799 1023 3861 quoque
1051 3797 1147 3859 saepe
1176 3774 1281 3838 ulienu
1311 3772 1385 3836 sede

242 3884 401 3965 occupabo
419 3882 661 3948 morbiferorum
680 3883 867 3948 morborum
886 3886 984 3948 ceusu
1004 3881 1151 3946 efficitur.
1191 3879 1254 3944 Ille
1276 3879 1386 3964 igitur,

242 3988 341 4073 quod,
374 4009 447 4052 eum
479 3988 552 4071 plus
581 3989 631 4053 vel
662 3989 769 4055 minus
797 3988 1038 4074 unumquidque
1067 4010 1105 4051 er
1133 3987 1189 4065 iis,
1220 4007 1302 4071 quae
1325 4007 1385 4050 nos

243 4099 449 4178 componunt,
473 4095 524 4179 fit,
548 4097 653 4161 morbi
678 4095 838 4179 oriuntur,
862 4099 895 4160 ei
917 4095 956 4159 de
980 4093 1169 4160 humoribus
1193 4097 1226 4157 eb
1249 4093 1386 4156 elemen-

242 4201 286 4264 tis
315 4201 496 4266 eommunis
525 4200 630 4265 oreiio
659 4203 721 4284 θείς
755 4201 840 4265 idem
869 4223 945 4266 vero
974 4200 1131 4283 accidere,
1163 4221 1235 4264 oum
1264 4199 1386 4283 aliquid

243 4329 389 4372 seorsum
417 4306 451 4371 in
482 4306 591 4390 aliquo
619 4307 765 4390 eorporis
787 4308 858 4373 loeo
883 4306 1043 4390 constitit,
1064 4327 1131 4371 non
1153 4306 1220 4371 iam
1243 4306 1278 4370 in
1300 4309 1386 4370 utra·

243 4435 305 4496 qno
328 4413 423 4478 eadit.
460 4412 621 4477 Humores
641 4413 736 4497 enim,
759 4435 946 4498 quacunque
970 4413 1004 4476 in
1026 4415 1119 4496 parte
1142 4413 1287 4498 eorporis
1312 4433 1386 4477 eon·
