3212 5146
591 471 831 536 -651-

137 634 262 718 πρῶτοι
282 623 345 699 οὖν
363 636 587 719 μακρολογίας
604 638 705 697 αίτιοι
723 627 927 713 κατέστησαν
945 627 982 692 οί
996 625 1282 712 καταψευσάμενοι

137 736 211 805 τῶν
232 739 464 825 φαινομένων,
492 732 553 823 οὐχ
571 733 788 822 Ἱπποκράτης
811 729 831 821 ἣ
851 730 1104 821 Ἐρασίστρατος
1131 727 1151 818 ἦ
1175 729 1284 818 Εὔδη-

138 870 200 930 μος
230 839 250 930 ἢ
273 841 454 931 Ἡρόφιλος
483 839 501 930 ἢ
526 850 682 931 Μαρῑνος
710 845 746 909 ot
772 838 853 929 μετὰ
880 837 959 920 τοὺς
986 837 1148 918 παλαιοὺς
1175 839 1212 906 ἐν
1238 842 1283 930 τῷ

138 949 258 1037 μεταξὺ
282 948 391 1041 χρόνῳ
414 946 704 1037 τηνάνατομικὴυ
732 953 881 1035 θεωρίαν
907 942 1118 1034 ἠμελημένην
1144 941 1284 1032 άνακτη-

138 1055 290 1144 σάμενοι·
323 1053 382 1141 ὣς,
415 1065 448 1124 εί
471 1083 507 1142 γε
534 1054 571 1124 τὸ
602 1052 811 1142 φαινόμενον
839 1055 874 1120 ἐκ
900 1056 958 1140 τῆς
983 1047 1151 1140 ἀνατομῆς
1178 1051 1311 1130 elnone

139 1159 201 1231 οὐκ
224 1157 267 1230 άν
290 1164 580 1252 ἐμακρολομοῦμεν
603 1161 659 1231 διὰ
687 1158 885 1241 ἀποδείξεως
911 1161 988 1246 μιᾶς
1015 1156 1201 1247 εὑρημένου
1224 1163 1285 1227 τοῦ

140 1270 353 1356 ζητουμένου.
387 1271 601 1358 μακροτέρων
625 1261 688 1337 οὖν
711 1267 822 1354 λόγων
841 1263 1027 1352 ἐδεήθημεν
1051 1263 1157 1346 εὐθὺς
1180 1267 1216 1334 ἐν
1239 1271 1284 1358 τῷ

138 1374 257 1466 πράτῳ
289 1381 407 1468 βιβλίῳ
436 1375 492 1444 διά
524 1375 617 1460 τούς,
650 1373 671 1468 ἃ
699 1373 782 1463 μηδὲ
815 1371 900 1452 ὅλως
931 1370 1038 1460 εἶδον,
1069 1371 1115 1452 (ὃς
1140 1369 1286 1460 ἀκριβῶς
1360 1397 1364 1412 ·

140 1482 276 1561 ίδόντας
302 1482 572 1571 ἐπιχειρήσαντας
603 1481 747 1570 γράφειν
778 1477 1040 1568 ἠναγκάσθημεν
1070 1505 1105 1547 τε
1137 1480 1192 1548 καὶ
1223 1478 1286 1566 τὴν

140 1587 272 1672 νεύρων
304 1589 358 1657 καλ
395 1585 564 1679 ἀρτηριῶν
600 1586 772 1676 άνατομην
809 1587 861 1654 ἐπὶ
892 1592 1084 1672 κεφαλαίων
1121 1587 1158 1654 ἐν
1194 1583 1283 1678 αὐτῷ
1301 1606 1325 1644 10

141 1700 299 1764 διελθεῖν.
340 1696 377 1763 ἐν
401 1697 438 1765 δὲ
460 1700 505 1788 τῷ
530 1695 673 1786 δευτέρῳ
695 1698 814 1784 βιβλίῳ
836 1696 904 1760 τῶν
927 1689 1151 1780 ἠρωτημένων
1174 1689 1284 1778 λόγων

140 1802 214 1888 περὶ
247 1806 354 1890 ψυχῆς
386 1799 587 1891 ἡγεμονικοῦ
614 1800 693 1881 τοὺς
719 1799 973 1880 πιθανωτάτους
1000 1796 1216 1885 ἀπεδείξαμεν
1244 1795 1285 1866 οὐ

141 1907 222 1976 κατὰ
254 1907 316 1996 τὴν
348 1905 583 1997 άποδεικτικὴυ
615 1911 765 1997 μέθοδον
797 1905 861 1976 ὑπὸ
890 1903 1001 1974 αὐτῶν
1033 1906 1285 1994 συντεθέντας]

141 2010 225 2081 άλλὰ
252 2013 331 2096 τοὺς
357 2015 420 2104 μὲν
448 2015 547 2103 ἐγγὺς
579 2013 704 2100 αὐτῶν,
738 2011 797 2094 οὓς
829 2013 1055 2094 διαλεκτικοὺς
1086 2017 1166 2092 ἔθος
1198 2013 1352 2084 ἐστλνθὸι

139 2117 352 2208 Ἀριστοτέλει
379 2131 508 2209 καλεῖν,
541 2124 653 2202 ἐνίους
680 2121 717 2190 δὲ
744 2120 971 2209 πορρώτερον,
1004 2115 1064 2198 οὓς
1091 2122 1287 2206 διαιροῦμεν
1302 2137 1327 2177 1⁵

142 2235 189 2306 είς
215 2254 249 2294 τε
281 2227 360 2308 τοὺς
392 2226 588 2317 ῥητορικοὺς
619 2230 675 2297 καλ
708 2231 787 2307 τοὺς
818 2225 1043 2314 σοφιστικούς.
1093 2225 1216 2313 επραξα
1248 2223 1285 2292 δὲ

180 2367 323 2490 irretisses
342 2369 432 2479 M.—-
456 2422 614 2512 θένδημος
636 2441 687 2494 pro
708 2419 840 2492 Εὔδημος
858 2421 947 2476 M.—-
973 2416 1144 2491 θηράφιλος
1162 2421 1191 2474 Μ
1208 2415 1285 2506 Ἠρό-

142 2499 223 2564 φιλος
241 2494 401 2550 Asen-
421 2491 595 2550 drivastensi
619 2495 782 2551 ενοιΜ.-
803 2491 993 2563 ἵζητημένον
1012 2494 1101 2548 Μ.-
1122 2487 1288 2554 θείδόντας

142 2565 293 2654 MAB-
261 2584 442 2648 -τηνοιυ,
467 2567 546 2622 codd.
571 2567 647 2633 ed.;
671 2566 705 2621 cf
726 2565 846 2636 Proll.p
849 2571 991 2620 10.6-
1019 2571 1049 2619 11
1074 2562 1234 2618 carbaseis
1254 2594 1285 2602 -

142 2633 160 2706 ἡ
181 2637 601 2707 rpovcuoriinras.M.-13
626 2609 812 2700 συντιθέντας
827 2584 1028 2690 ΜΔΒΟλιμ-
1056 2641 1086 2690 15
1110 2629 1288 2704 άριστοτέλης

200 2716 287 2764 16
301 2705 466 2778 βητορικονς
484 2729 512 2764 τε
533 2709 581 2763 καλ
600 2708 746 2776 MABClr,
766 2708 800 2763 of.
819 2707 904 2762 Proll.
923 2726 950 2777 p.
970 2713 1030 2762 11³
1051 2739 1083 2746 -

144 2872 277 2937 huiusce
299 2871 417 2959 longae
441 2871 599 2938 orationis
623 2875 771 2937 auctores
795 2870 844 2935 illi
867 2871 1074 2951 exstiterunt,
1098 2871 1152 2955 qui
1176 2873 1289 2936 contra

144 3000 251 3042 rerum
275 2977 471 3044 evidentiam
499 2979 627 3043 mentiti
651 2983 741 3062 sunt,
768 3000 834 3044 uon
857 2975 1076 3061 Hippocrates
1100 2980 1157 3040 aut
1178 2975 1288 3040 Erasi·

144 3087 267 3150 stratus
292 3089 348 3149 aut
371 3083 536 3148 Eudemus
565 3089 622 3150 aut
645 3083 845 3168 Herophilus
870 3087 927 3148 aut
949 3082 1108 3166 Marinus,
1136 3082 1191 3167 qui
1213 3086 1289 3166 post

144 3194 290 3256 veterum
314 3190 506 3256 memoriam
529 3195 633 3258 artem
652 3213 789 3276 corpora
811 3190 992 3256 dissecandi
1015 3188 1185 3255 interiecto
1208 3193 1288 3252 tem·

143 3321 222 3382 porc
245 3297 428 3383 neglectam
454 3299 678 3384 restituenmt3
706 3321 783 3364 nam
806 3297 856 3362 illi
880 3297 922 3381 si,
948 3298 1034 3382 quod
1058 3319 1096 3361 ex
1123 3297 1289 3362 anatomia

145 3403 354 3469 manifestum
379 3407 442 3488 est,
464 3405 637 3488 dixissent,
663 3426 723 3470 nos
750 3405 858 3490 longis
881 3403 1074 3490 ambagibus
1096 3425 1163 3470 non
1185 3408 1288 3469 utere-

145 3533 227 3594 mur,
250 3510 405 3595 quoniam
428 3534 491 3578 una
514 3510 791 3577 demonstratione
813 3532 875 3593 res,
898 3533 996 3595 quam
1019 3510 1214 3595 quaerimus,
1237 3533 1289 3574 ex-

145 3618 276 3703 plorata
303 3620 361 3682 est.
412 3616 534 3682 Verum
562 3619 710 3704 longiore
742 3618 791 3683 uti
819 3617 965 3683 oratione
992 3615 1088 3681 nobis
1115 3617 1229 3681 statim
1256 3617 1290 3682 in

144 3726 250 3809 primo
279 3723 364 3788 libro
393 3745 474 3808 opus
502 3724 565 3788 fuit
592 3728 727 3809 propter
756 3747 825 3806 eos,
857 3722 926 3806 qui,
955 3742 1036 3805 quae
1065 3723 1197 3789 omnino
1224 3746 1289 3788 non

145 3831 306 3913 videnmt,
338 3831 508 3914 perspicue
540 3853 574 3895 se
606 3831 725 3895 vidisse
758 3829 949 3894 simulantes
978 3828 1108 3912 scriptis
1136 3830 1290 3894 mandare

146 3939 215 4004 ausi
241 3939 330 4018 sunt,
353 3939 449 4021 atque
472 3958 646 4002 nervorum
665 3939 698 4000 et
716 3935 909 4000 arteriarum
928 3935 1126 4000 anatomiam
1149 3957 1289 4001 summa·

145 4045 207 4110 tim
230 4063 419 4127 percensere
437 4043 484 4107 ibi
503 4043 608 4108 coacti
632 4063 752 4106 sumus.
787 4040 827 4106 In
845 4041 984 4106 secundo
1008 4041 1093 4107 libro
1117 4063 1134 4106 e
1158 4041 1289 4107 rationi-

145 4151 207 4216 bus
240 4148 281 4214 ab
310 4149 377 4214 illis
411 4149 450 4213 de
482 4149 582 4214 animi
609 4147 795 4232 principatu
822 4147 1033 4232 interrogatis
1061 4169 1117 4212 eas
1149 4148 1289 4212 maxime

146 4255 332 4342 probabiles
356 4255 566 4338 ostendimus,
588 4277 653 4319 non
676 4276 759 4338 quae
782 4276 820 4317 ex
843 4253 1130 4319 demonstrationis
1154 4257 1223 4318 arte
1247 4254 1289 4319 ab

145 4362 220 4428 istis
239 4361 440 4445 compositae
459 4365 576 4444 assent,
599 4360 654 4424 sed
674 4382 755 4445 quae
775 4383 791 4424 e
810 4381 927 4445 genere
945 4360 986 4424 iis
1006 4360 1154 4443 proximo
1173 4364 1291 4444 essent,

147 4491 227 4557 quas
260 4467 447 4535 dialecticas
479 4467 644 4553 appellare
674 4465 868 4534 Aristoteles
905 4467 1086 4552 consuevit,
1115 4467 1289 4536 nonnullas
