3298 5136
571 367 886 431 .-207-

188 526 246 609 τῆς
272 520 335 608 τὴν
362 521 480 589 κύστιν
516 522 759 608 συστελλοόσης
791 527 838 602 είς
865 521 1004 608 ἑαυτήν,
1036 525 1092 590 ἵνα
1126 523 1267 612 ἐκθλιίίη
1299 523 1336 592 τὸ

191 621 305 716 οὖρον.
350 625 370 715 ἡ
400 628 436 696 δέ
468 625 533 696 άπό
561 629 722 716 πρόθεσις
749 627 873 715 άδηλός
901 630 1006 713 ἐστιν,
1034 637 1098 696 είτε
1121 626 1196 700 άντὶ
1219 633 1277 716 τῆς
1304 631 1336 710 ἐξ

191 745 253 803 εἴτε
282 733 356 803 άντὶ
388 739 446 822 τῆς
477 733 543 804 ὑπό
576 741 802 823 παρείληπται.
852 740 882 802 εί
907 735 969 822 μὲν
1002 728 1065 804 οὖν
1096 732 1170 803 άντὶ
1202 739 1260 822 της
1292 737 1335 818 ἐξ,

190 839 319 928 άληθής
343 839 474 910 ἐστινὸ
499 840 611 928 λόγος,
635 847 724 910 ἔσται
748 840 812 929 γάρ
835 845 998 920 τοιοῦτος·
1027 844 1070 909 ‘el
1091 841 1127 908 δὲ
1154 834 1193 928 ἦν
1217 843 1252 910 ἐκ
1275 846 1335 910 τοῦ

190 948 375 1034 ἐγκεφάλου
398 951 625 1035 ἐκπεμπομένη
654 945 674 1034 ἡ
702 948 817 1035 φωνή,
846 945 907 1016 οόκ
929 943 972 1016 civ
1000 947 1057 1014 διὰ
1084 952 1142 1034 τῆς
1164 946 1368 1036 φάρυγγοςῡ

190 1057 411 1142 ἐξεπε’μπετο’·
435 1059 466 1121 εί
487 1054 523 1121 δὲ
543 1052 618 1120 ἀντὶ
641 1059 698 1140 τῆς
717 1053 793 1139 ὑπό,
817 1053 953 1140 ψευδής,
977 1059 1067 1121 ἔσται
1086 1053 1149 1142 γὰρ
1169 1047 1213 1122 αὖ
1234 1055 1335 1123 πάλιν

189 1165 352 1241 τοιοῦτος·
377 1167 419 1229 ἐί
441 1159 477 1228 δὲ
502 1152 544 1246 ἦν
567 1159 632 1228 ὑπὸ
655 1165 715 1228 τοῦ
739 1161 924 1248 ἐγκεφάλου
947 1162 1183 1248 ἐκπεμπομένη,
1208 1159 1268 1230 οὐκ
1291 1158 1335 1229 ἂν

190 1267 245 1334 διὰ
269 1271 327 1355 τῆς
350 1267 522 1354 φάρυγγος
545 1266 650 1355 ἐξῄει]
697 1264 747 1334 ὅτι
772 1266 809 1334 δέ
833 1263 894 1334 οόκ
917 1265 1047 1354 άληθής
1070 1270 1160 1336 ἐστιν
1183 1266 1201 1336 δ
1224 1272 1335 1336 τοιοῦ-

190 1401 245 1453 τος
266 1374 376 1461 λόγος,
400 1371 462 1441 οόκ
486 1373 541 1459 ἐμὲ
564 1372 625 1460 χρὴ
649 1373 912 1459 κατασκευάζειν,
936 1372 1018 1442 άλλδι
1043 1377 1190 1453 ἐκείνους
1213 1372 1336 1453 αὐτοὺς

190 1479 269 1562 άξιῶ
293 1477 533 1566 ἀποφήνασθαι
557 1481 738 1566 προτέρους
765 1477 847 1568 ὑπὲρ
875 1485 936 1549 τοῦ
958 1481 1114 1551 τοιούτου
1141 1482 1257 1568 λόγου·
1286 1481 1333 1550 ετὸ
1351 1503 1374 1542 1⁰

190 1580 295 1676 οὖρον
323 1586 378 1654 διὰ
406 1592 470 1656 τοῦ
499 1591 633 1656 αίδοίου
660 1601 771 1674 χωρεῖ·
805 1592 835 1654 εί
866 1587 903 1655 δὲ
935 1581 979 1674 ἦν
1011 1585 1075 1656 ὑπὸ
1108 1593 1165 1676 τῆς
1197 1594 1335 1677 καρδίας

191 1694 449 1782 ἐκπεμπόμενον,
473 1691 534 1762 οὐκ
557 1689 600 1760 άν
624 1690 679 1760 διὰ
702 1696 764 1761 τοῦ
791 1697 925 1762 αίδοιόυ
952 1694 1047 1783 ἐξῄει.
1091 1697 1145 1764 καὶ
1174 1694 1242 1783 μὴν
1267 1693 1333 1764 ὑπὸ

189 1801 411 1889 προαιρέσεώς
438 1827 474 1887 γε
505 1805 563 1887 τῆς
593 1797 751 1887 ἡμετέρας
782 1801 985 1886 ἐκπέμπεται.
1038 1799 1099 1870 οὐκ
1131 1801 1196 1888 άρα
1229 1804 1266 1870 ἐν
1294 1811 1333 1892 τη

189 1911 309 1996 καρδίᾳ
333 1908 423 1975 ἐστὶν
446 1904 466 1993 ἡ
490 1908 702 1994 προαι’ρεσις’.
738 1905 824 1974 οὕτω
849 1905 884 1973 δὲ
908 1909 1060 1996 καὶπερὶ
1084 1908 1335 1997 διαχωρήματος

190 2015 317 2101 ἐρωτᾶν
341 2015 485 2101 ἐγχωρεῖ.
526 2014 580 2080 καὶ
605 2011 667 2098 γάρ
691 2013 746 2080 καὶ
769 2017 868 2081 τοῦτο
893 2013 948 2082 διά
972 2013 1033 2101 μὲν
1055 2019 1113 2101 τῆς
1135 2017 1244 2102 ἕδρας,
1267 2015 1331 2084 ὑπὸ
1348 2033 1374 2072 1⁵

190 2122 303 2208 μέντοι
326 2123 385 2207 τῆς
407 2117 565 2207 ἡμετέρας
592 2121 815 2207 προαιρέσεως
842 2118 973 2208 πρώτης
999 2121 1157 2209 κινούσης
1181 2123 1334 2210 ἐκπέμπε-

189 2254 254 2311 ται,
277 2225 358 2314 ἥτις,
382 2224 484 2313 οἶμαι,
507 2227 562 2293 καὶ
585 2230 652 2293 τῶν
670 2226 871 2313 πορρωτάτω
894 2228 1055 2314 κειμεύων
1075 2229 1192 2314 ἑαυτῆς
1216 2229 1333 2296 δάκτυ-

227 2503 238 2549 1
261 2489 394 2560 ἐκθλίψει
412 2494 500 2548 Μ.-
525 2500 541 2549 8
561 2490 608 2548 διὰ
628 2493 678 2546 τοῦ
698 2492 735 2548 Μ.
755 2523 788 2533 -
819 2501 848 2548 λθ
866 2487 967 2560 άξιοόν
990 2494 1070 2550 codd.
1095 2496 1155 2552 edd.
1180 2491 1250 2562 άξιῶ
1275 2513 1333 2552 noe.

189 2599 221 2606 -
244 2575 275 2621 11
296 2565 370 2620 ίδίον
390 2566 411 2620 L
431 2563 543 2620 αἰδοίου
562 2565 628 2619 MA.
644 2595 676 2602 -
703 2570 735 2618 13
755 2561 890 2633 αίρίσεως
910 2567 929 2619 L
949 2587 1059 2635 προαιρ.
1078 2567 1146 2622 ΜΛ.
1167 2599 1199 2607 -
1225 2575 1257 2623 15
1277 2563 1332 2622 ὑπὸ

190 2639 238 2706 τῆς
258 2636 421 2691 MABchK
438 2631 495 2692 άπὸ
515 2636 611 2706 μέντοι
629 2635 678 2703 τῆς
697 2634 728 2690 L.
748 2660 791 2674 -·
803 2643 835 2690 16
853 2635 966 2706 πράτου
984 2638 1132 2701 κινοῦντος
1150 2641 1181 2694 L.
1202 2671 1233 2678 ——

191 2777 400 2784 σή*-

190 2874 311 2956 vesica,
333 2894 414 2957 quae
438 2872 585 2956 superius
610 2870 707 2955 paulo
731 2870 891 2936 collocata
914 2877 977 2957 est,
1005 2877 1038 2938 et
1061 2895 1081 2938 a
1106 2873 1262 2939 facultate
1286 2897 1333 2958 ea,

189 3003 271 3066 quae
298 2980 440 3044 vesicam
467 2979 502 3043 in
529 3001 563 3043 se
589 2978 695 3063 ipsam
725 2978 889 3043 contrahit
917 2983 1013 3063 οιηοε
1036 2979 1149 3062 efficit,
1177 2984 1214 3044 ut
1240 2982 1334 3044 urina

189 3087 397 3172 exprimatur.
447 3084 493 3149 At
515 3083 720 3169 Praepositio
743 3077 808 3148 άπό
832 3089 940 3150 utrum
968 3108 1028 3169 pro
1052 3083 1085 3162 ἐξ
1115 3108 1157 3149 an
1185 3108 1243 3169 pro
1267 3081 1333 3151 ὑπό

189 3197 297 3258 sumta
320 3193 377 3276 sit,
404 3192 440 3256 in
462 3191 560 3256 dubio
584 3194 642 3256 est
689 3189 722 3255 Si
750 3214 810 3275 pro
839 3189 887 3272 ἔξ,
919 3214 995 3256 vera
1024 3194 1076 3255 est
1107 3192 1226 3276 eratio3
1256 3215 1332 3256 nam

189 3301 266 3366 telis
295 3299 369 3364 erit:
406 3297 487 3362 ‘sie
515 3299 646 3363 cerebro
674 3321 736 3364 vox
760 3299 976 3382 emitteretur,
1004 3319 1071 3363 non
1097 3319 1156 3381 per
1184 3321 1333 3382 asperam

190 3408 345 3472 arteriam
375 3403 603 3488 emitteretur',
636 3405 664 3468 si
693 3427 751 3488 pro
779 3399 860 3486 ὑπό,
887 3404 985 3490 falsa3
1013 3427 1089 3469 nam
1117 3427 1227 3468 rursus
1255 3406 1331 3470 talis

189 3515 264 3579 erit:
292 3512 332 3577 ‘si
360 3537 380 3578 a
407 3512 538 3576 cerebro
572 3512 789 3596 emitteretur,
819 3534 885 3577 non
908 3533 966 3596 per
998 3533 1146 3595 asperam
1179 3513 1332 3576 arteriam

189 3618 414 3706 egrederetur!
466 3617 553 3694 Quae
582 3641 679 3702 quam
711 3618 796 3682 falsa
823 3619 876 3700 sit,
906 3640 973 3683 non
1001 3639 1081 3702 opus
1106 3621 1156 3681 est
1183 3619 1332 3702 probare,

189 3726 244 3790 sed
266 3727 358 3811 prius
383 3726 423 3790 ab
446 3725 527 3807 ipsis
550 3723 617 3788 illis
641 3725 781 3808 postulo,
804 3728 841 3788 ut
862 3725 1058 3789 seutentiam
1080 3723 1192 3788 dicant
1213 3724 1333 3790 dehac

187 3833 328 3899 ratione:
352 3833 458 3896 ‘urina
479 3854 538 3917 per
559 3853 675 3916 penem
698 3831 856 3918 procedit3
881 3832 909 3895 si
932 3823 996 3895 ὑπὸ
1016 3831 1074 3913 τῆς
1095 3831 1244 3913 καρδίας,
1267 3830 1287 3894 i.
1307 3853 1332 3895 e.

189 3963 209 4004 a
231 3939 326 4007 corde
350 3940 564 4023 emitteretur,
592 3961 659 4004 non
680 3960 739 4022 per
761 3960 877 4022 penem
900 3938 1010 4002 exiret.
1055 3937 1157 4022 Atqui
1180 3959 1200 4002 a
1223 3938 1333 4002 volun-

188 4051 256 4111 tate
287 4050 401 4112 nostra
433 4046 602 4110 emittitur.
657 4045 689 4110 N
692 4068 735 4110 on
765 4046 868 4131 igitur
890 4045 924 4109 in
956 4045 1052 4111 corde
1084 4047 1134 4108 est
1160 4043 1332 4108 voluntas’.

189 4152 240 4218 Ita
259 4154 359 4218 etiam
378 4153 417 4216 de
436 4152 647 4216 excrementis
670 4151 866 4237 interrogari
884 4155 1002 4236 potest.
1042 4150 1129 4216 Nam
1148 4173 1187 4213 ea
1204 4171 1331 4234 quoque

188 4281 247 4343 per
270 4260 386 4343 sedem,
410 4259 466 4324 sed
489 4282 508 4323 a
531 4263 645 4325 nostra
674 4259 851 4343 voluntate,
879 4280 960 4342 quae
988 4258 1130 4356 primum
1153 4278 1192 4320 ea
1215 4261 1332 4340 movet,

189 4366 394 4450 emittuntur,
421 4389 503 4452 quae
532 4367 660 4452 quidem
687 4366 839 4431 voluntas
866 4365 1013 4448 prefecto
1039 4364 1217 4450 quemlibet
1239 4363 1331 4448 pedis
