3296 5150
601 451 842 516 -3ss-

146 601 321 674 κάνταῦθα
343 605 382 675 τό
404 611 529 675 τετῶν
551 614 694 695 κρίσεων
722 608 912 689 ἐξίστασθαι
940 611 995 678 καλ
1024 610 1061 679 τὸ
1089 611 1134 700 μὴ
1158 631 1291 700 κρατεῖν

147 712 268 780 ἑαυτοῦ
290 714 344 780 καὶ
371 712 409 782 τὸ
436 712 514 784 ποτὲ
542 713 605 802 μὲν
631 711 716 782 εἶναι
743 715 833 803 παρὰ
856 717 977 810 ἑαυτῷ,
1004 717 1083 786 ποτὲ
1107 720 1144 788 δὲ
1172 717 1290 790 οὔκαὶ

145 815 249 887 πάνθ’
285 817 347 888 ὅσα
377 823 515 889 τοιαῦτα
546 835 617 900 τοῖς
650 847 684 888 τε
716 823 934 910 φαινομένοις
961 825 1108 913 ἐναργῶς
1136 823 1294 915 ὁμολογεῖ

145 927 199 994 καλ
222 929 262 1015 τῇ
285 929 408 1016 παλαιᾷ
431 924 511 1015 δόξῃ
530 927 605 1014 περὶ
628 931 750 996 παθῶν
772 955 806 996 τε
828 930 883 998 καὶ
908 935 1015 1019 ψυχῆς
1038 931 1226 1020 δυνάμεων,
1249 932 1291 1003 οὐ

144 1033 212 1121 μὴν
249 1028 300 1114 οἷς
330 1031 473 1101 ὑπέθετο
506 1033 709 1122 Χρύσιππος.
763 1031 886 1122 ὁμοιως
923 1037 960 1104 δὲ
996 1047 1123 1127 εἴρηται
1159 1040 1214 1108 καλ
1250 1039 1317 1108 rice

143 1167 281 1210 τοιαυια
310 1167 392 1208 ιιατα
419 1139 456 1208 τὸ
485 1141 559 1228 περὶ
586 1145 708 1209 παθῶν
733 1145 917 1229 βιβλίον·
923 1141 960 1212 τὸ
989 1142 1053 1231 γὰρ
1082 1144 1123 1233 δὴ
1153 1153 1290 1234 σεσοβη-

144 1231 260 1334 ’μεύου
285 1247 340 1315 καὶ
368 1246 579 1334 παρηλλαχὸς
605 1245 689 1314 ἕν’
673 1262 753 1336 ημῖν
784 1249 839 1316 καλ
868 1246 1003 1331 ἀπειθὲς
1033 1255 1079 1344 τῷ
1112 1252 1200 1344 λόγῳ
1228 1251 1289 1383 ccix

143 1346 255 1442 εἦττον
283 1355 334 1422 ἐπὶ
363 1357 421 1441 τῆς
448 1349 574 1442 ἡδονῆς
602 1357 833 1440 ααταγίυεταιῖ
882 1359 938 1425 καλ
964 1357 1103 1427 πάλιν
1110 1385 1196 1429 ουτω
1225 1359 1288 1448 γὰρ

144 1461 354 1550 ’ἐξισταμεβα
376 1461 431 1528 καλ
451 1461 509 1541 ἔξω
533 1459 734 1550 γινόμεθα
717 1465 846 1530 samoe
868 1461 923 1531 καὶ
942 1466 1060 1545 τελέως
1078 1461 1288 1554 ἄποτυφλού-

144 1572 244 1658 ’μεθα
268 1569 305 1636 ἐν
327 1581 396 1648 τοῖς
418 1569 673 1655 σφαλλομένοις,
696 1565 779 1638 ὥστε
798 1575 889 1638 ἔστιν
912 1567 967 1640 ὅτε
985 1571 1134 1658 σπόγγου
1157 1578 1288 1660 ἔχοντες
1303 1599 1328 1636 ιι

144 1671 175 1763 ‘ii
199 1680 292 1763 ἔριον
315 1675 352 1744 ἐν
373 1691 445 1756 ταῖς
471 1675 562 1764 χερσὶ
590 1679 688 1743 τοῦτο
717 1675 955 1764 βιαραξοὶμευοι
977 1677 1144 1767 βάλλομεν
1173 1676 1218 1759 ὡς
1245 1679 1287 1768 δή

142 1786 185 1850 ’τι
212 1785 434 1869 περανοῦυτες
467 1781 523 1851 διὰ
559 1779 680 1851 αὐτῶν.
733 1787 764 1851 εἰ
795 1782 833 1851 di
865 1785 1088 1874 ἐτυγχάνομεν
1120 1785 1287 1875 μα’χαιραν

142 1893 284 1978 ’ἔχοντες
314 1885 335 1977 ἢ
367 1887 448 1958 ἄλλο
479 1916 526 1974 τι,
560 1887 666 1981 τούτῳ
699 1884 742 1958 ἂν
774 1891 994 1982 &praclueeo
1030 1897 1286 1980 παραπλησίως’
1296 1912 1352 1970 415

141 1998 196 2066 καλ
224 1997 341 2084 ἐφεξῆς
363 1996 537 2076 ’πολλάκις
564 1996 601 2064 dl
628 1995 710 2064 κατὰ
738 1995 801 2085 τὴν
827 1998 987 2087 τοιαύτην
1012 1999 1201 2087 τυφλότητα
1229 1999 1288 2080 τὰς

142 2107 241 2184 ἀλεῖς
272 2103 439 2190 δείκνυμεν
471 2102 525 2171 καλ
559 2102 618 2183 τὰς
648 2103 759 2192 θύρας
789 2102 955 2191 τύπτομεν
987 2102 1029 2173 οὐ
1060 2104 1143 2192 ταχὺ
1175 2105 1287 2176 αὐτῶν
1301 2129 1326 2170 15

177 2335 276 2420 βπερὶ
294 2335 351 2418 rap
369 2334 473 2389 παθῶν
492 2333 572 2418 codd.
585 2333 647 2389 add.
666 2334 731 2402 περὶ
749 2335 854 2390 παθῶν
868 2351 931 2401 ιιοες
949 2353 999 2404 pro
1015 2338 1122 2408 βιβλίον
1136 2337 1285 2408 legendum

140 2401 247 2477 ἠθικόν
261 2405 442 2489 suspicor?
458 2399 524 2478 οεβό
547 2425 612 2460 scor
624 2421 677 2532 pro
692 2403 881 2489 σεσοβημένου
895 2407 979 2460 M.—
1002 2414 1032 2462 11
1048 2408 1142 2476 χερσὶν
1156 2408 1285 2464 ABChK

140 2478 218 2549 χερσὶ
240 2476 462 2534 ιιι-τοῦτου
485 2476 564 2532 cod.
588 2477 621 2532 ed
674 2477 758 2531 τοῦτο
782 2493 898 2532 uos.-
923 2471 1091 2562 dtuo'oiprvoc
1116 2479 1195 2534 codd
1222 2481 1284 2536 edd

140 2553 188 2676 gru
207 2543 429 2676 ukoipepprxnosp
454 2547 488 2604 oi.
507 2547 592 2603 Proll.
615 2565 641 2618 p
662 2555 763 2603 92.-
788 2555 820 2602 12
840 2547 868 2604 εἰ
884 2547 916 2604 di
936 2545 1112 2620 τυγχάνομεν
1135 2551 1234 2606 Aaou
1259 2550 1287 2607 ελ

205 2640 281 2690 wll·
388 2651 421 2660 ·“

139 2855 199 2920 ciis
222 2877 281 2920 nee
309 2853 474 2920 continere
502 2875 536 2918 se
564 2851 673 2938 ipsum
701 2857 735 2918 et
763 2853 859 2920 modo
887 2877 985 2938 penes
1015 2875 1048 2919 se
1076 2877 1159 2940 esse,
1187 2857 1283 2925 modo

139 2984 204 3028 nou
235 2983 305 3027 esse
338 2965 371 3026 et
398 2960 523 3046 reliqua
554 2959 740 3026 huiusmodi
767 2961 823 3044 iis,
856 2982 938 3046 quae
966 2961 1131 3027 evidenter
1163 2967 1284 3049 patent,

139 3070 304 3154 veterique
328 3069 366 3132 de
390 3068 560 3134 affectibus
584 3067 748 3154 animique
770 3068 982 3134 facultatibus
1006 3070 1195 3153 sententiae,
1217 3093 1284 3135 nou

139 3177 190 3260 iis,
213 3199 295 3262 quae
319 3173 522 3260 Chrysippus
546 3175 727 3260 proposuit,
750 3175 998 3260 adstipulantur.
1044 3172 1203 3240 Similiter
1224 3176 1284 3241 illa

139 3303 265 3368 quoque
302 3283 389 3348 dicta
426 3286 502 3348 suut
537 3283 572 3347 in
603 3281 688 3348 libro
721 3281 760 3346 de
791 3281 1091 3366 perturbationibus
1124 3281 1282 3369 (morali):

139 3389 250 3456 ‘Nam
282 3389 551 3456 consternatio
585 3392 623 3454 et
654 3387 839 3454 deliratio
872 3391 910 3452 et
941 3389 1186 3454 coutumacia
1219 3390 1282 3455 ad·

139 3517 271 3560 versus
299 3497 491 3562 rationem
519 3518 594 3561 uon
621 3497 746 3562 minus
778 3495 818 3560 in
849 3495 1054 3580 voluptate
1087 3495 1282 3562 cernitur?

138 3601 183 3667 ut
209 3601 289 3665 item
321 3601 398 3667 ‘Ita
426 3603 528 3667 enim
556 3604 806 3668 exturbamur
832 3623 849 3666 e
877 3601 1068 3686 nobisque
1097 3601 1194 3686 ipsis
1222 3623 1281 3666 ex-

138 3707 307 3772 cedimus
341 3712 453 3792 atque
484 3709 576 3775 adeo
609 3731 768 3794 prorsus
801 3708 840 3774 in
872 3709 1069 3774 erroribus
1102 3731 1281 3774 occaeca-

138 3837 240 3904 mur,
270 3816 312 3878 ut
337 3814 530 3880 interdum
558 3816 764 3902 spongiam
792 3815 854 3881 vel
882 3815 1008 3878 lanam
1035 3815 1075 3880 in
1103 3815 1280 3880 manibus

137 3921 327 3986 habentes
373 3921 638 4007 discerpamus
683 3923 998 4006 discerptamque
1043 3923 1280 4006 proiciamus

137 4028 247 4113 quasi
285 4027 435 4112 aliquid
471 4027 663 4095 effecturi.
718 4030 771 4095 Ao
808 4029 841 4093 si
877 4027 980 4094 forte
1012 4029 1185 4114 gladium
1221 4030 1280 4094 vel

137 4135 244 4200 aliud
284 4133 485 4219 quidpiam
521 4133 745 4219 habeamus,
788 4158 830 4202 eo
873 4135 1062 4201 similiter
1104 4139 1278 4200 utamur!

135 4240 298 4326 Deinceps
321 4239 413 4306 addit
435 4239 734 4327 ‘Saepenumero
756 4242 819 4326 fit,
847 4244 890 4307 ut
916 4244 962 4307 ob
990 4241 1089 4308 hauc
1112 4241 1278 4307 caecitu-

136 4353 212 4412 tem
241 4347 370 4414 claves
397 4348 656 4433 mordeamus,
684 4349 802 4432 fores,
830 4348 863 4413 si
890 4369 966 4414 non
993 4348 1071 4414 cito
1100 4348 1278 4432 aperian-

136 4457 212 4539 tur,
231 4455 448 4541 tuudumus‚
467 4477 487 4520 a
504 4456 716 4540 lapidibus,
734 4455 773 4521 iu
791 4477 885 4540 quos
904 4476 972 4520 nos
990 4455 1277 4542 impegerimus‚
