3246 5148
633 448 855 493 -Vll-

169 589 348 671 habebunt,
371 589 457 671 quod
481 589 599 652 mirum
622 589 662 653 iis
686 589 843 654 videatur.
889 589 987 654 Velut
1009 591 1315 676 Prolegorncnorunr

168 707 240 769 tota
268 703 350 768 ratio
388 704 540 768 instituta
567 704 704 768 nimium
746 707 901 788 quantum
937 705 1229 792 Palaeographiam
1267 731 1318 774 su·
1387 769 1393 780 ,

170 819 352 903 porioribus
386 819 523 882 saeculis
555 821 730 884 tractatam
763 820 906 885 redolere
938 820 1074 885 videtur.
1124 821 1169 886 At
1197 845 1235 888 ea
1263 825 1316 908 qui

170 935 240 998 fieri
264 935 373 1017 potuit
394 939 431 998 ut
455 934 550 998 aliter
572 935 804 1018 institueretur,
828 935 855 998 si
875 935 1013 1019 quidem,
1037 937 1121 1020 quod
1136 937 1202 1001 fere
1221 961 1316 1004 nemo

170 1073 235 1114 non
268 1050 437 1134 concedat,
468 1071 599 1115 necesse
631 1049 696 1114 fuit
726 1050 761 1113 in
794 1050 948 1134 editione,
980 1073 1061 1134 quae
1085 1052 1191 1136 prima
1214 1053 1248 1118 in
1272 1077 1318 1116 re-

173 1165 395 1250 cognoscendo
419 1169 510 1230 textu
534 1169 728 1248 versarctur,
752 1166 811 1229 sub
831 1189 894 1230 uno
914 1167 1005 1250 quasi
1025 1167 1179 1250 adspectu
1198 1191 1317 1252 ponere

170 1280 407 1364 luculentisque
447 1281 668 1344 demonstrare
710 1281 877 1364 exemplis
912 1285 952 1345 'et
989 1283 1117 1365 qualem
1160 1283 1318 1348 editiones

172 1397 351 1478 superiores
386 1399 509 1460 textum
540 1395 751 1459 tradidissent
782 1401 814 1459 et
846 1399 1002 1479 quantum
1034 1397 1268 1480 quantillumve
1301 1421 1318 1462 c

171 1511 349 1596 codicibus,
386 1511 440 1595 qui
479 1513 619 1574 aetatem
650 1511 808 1593 tulerunt,
844 1511 1019 1594 petendum
1055 1515 1141 1575 esset
1182 1513 1318 1577 auxilii?

171 1626 296 1692 Deinde
325 1627 432 1692 nolint
461 1625 586 1709 mirari,
614 1626 642 1688 si
669 1625 704 1688 in
732 1625 977 1708 Prolcgomenis
1009 1628 1211 1710 reppererint
1238 1651 1317 1693 non-

170 1743 262 1806 nulla
286 1765 305 1806 a
328 1763 379 1805 me
403 1742 572 1806 emendata
594 1739 667 1823 dici,
691 1740 825 1824 quaein
849 1739 1058 1805 adnotatione
1077 1743 1190 1807 critica
1209 1744 1317 1828 legent

173 1857 344 1922 emendata
372 1845 584 1922 a'Cornario.
635 1855 741 1920 Causa
770 1855 850 1920 haec
879 1859 941 1938 est,
968 1857 1053 1940 quod
1082 1854 1318 1942 Prolegomena

172 1972 237 2036 iam
261 1971 351 2056 typis
374 1972 511 2056 exprimi
535 1975 650 2056 coepta
672 1959 774 2053 crant,
797 1993 870 2035 cum
895 1969 1043 2035 Cornarii
1068 1973 1317 2057 emendationes

173 2110 254 2172 quae
283 2088 421 2172 margini
451 2086 643 2170 exemplaris
670 2085 808 2149 Aldinae
841 2085 1024 2169 adscriptae
1052 2088 1087 2150 in
1118 2088 1318 2154 bibliotheca

174 2202 359 2266 academica
390 2200 525 2266 Jenensi
557 2203 778 2282 asservantur,
814 2201 848 2264 in
880 2223 995 2265 manus
1032 2225 1120 2266 meas
1153 2207 1318 2288 venerunt,

174 2317 256 2382 unde
280 2317 400 2381 multas
423 2317 511 2382 illius
535 2316 749 2390 correctiones
774 2337 847 2379 cum
866 2315 946 2379 meis
965 2317 1147 2381 consentire
1166 2319 1317 2403 cognovi3

173 2434 281 2516 itaque
305 2432 556 2516 relinquebatur,
579 2431 672 2494 utin
697 2431 904 2494 adnotatione
928 2431 1042 2495 critica
1066 2429 1222 2496 Cornario
1247 2434 1316 2496 rin-

174 2548 315 2612 dicarem
339 2569 386 2630 ea,
409 2547 444 2611 in
466 2567 549 2630 quae
577 2546 647 2628 ipse
674 2567 800 2630 quoque
829 2546 1023 2610 incidissem.
1070 2545 1160 2611 Idem
1188 2547 1222 2610 in
1245 2548 1318 2612 aliis

174 2663 286 2728 multis
324 2661 616 2744 emendationibus,
656 2683 737 2744 quas
779 2661 813 2725 in
845 2659 1087 2747 Prolcgomenis
1128 2685 1194 2727 non
1236 2685 1319 2727 com-

174 2779 366 2862 memorari,
388 2777 571 2841 faciendum
598 2777 711 2860 putari
734 2776 886 2859 religioni
914 2776 1037 2841 habens
1062 2777 1183 2874 aliquid
1206 2801 1226 2842 a
1248 2801 1317 2842 meo

174 2893 303 2979 ingenio
327 2892 508 2977 profectum
531 2891 728 2976 praedicare,
751 2891 835 2975 quod
859 2891 949 2975 prior
970 2891 1025 2956 ille
1049 2891 1235 2957 invenisset.
1271 2893 1318 2958 Ut

175 3013 281 3072 autem
305 3007 481 3072 iactantiae
512 3007 633 3072 crimen
656 3006 765 3090 facile,
793 3007 901 3090 credo,
926 3007 1038 3091 effugi,
1065 3007 1113 3070 ita
1142 3008 1248 3071 minus
1271 3007 1315 3072 fa-

174 3125 236 3188 cile
260 3123 423 3188 videbitur
445 3122 570 3189 duobus
595 3123 667 3186 aliis
692 3144 742 3186 me
766 3122 1184 3206 purgare,·inconstantiae
1213 3124 1317 3187 cuius-

174 3240 248 3303 dam
272 3243 306 3303 et
328 3239 561 3324 neglegentiae.
606 3237 713 3302 Erunt
736 3236 834 3320 enim,
858 3237 913 3321 qui
936 3259 1039 3320 neque
1063 3238 1143 3301 satis
1167 3241 1318 3303 constan-

174 3359 241 3418 tem
265 3339 317 3418 nse
340 3354 374 3417 in
397 3353 448 3436 iis,
477 3375 560 3438 quae
584 3354 624 3417 ad
648 3350 916 3437 orthographiam
944 3373 1096 3437 graecam
1124 3357 1157 3416 et
1182 3353 1318 3418 latinam

177 3470 354 3553 pertinent,
386 3467 485 3532 luisse
514 3467 773 3532 animadvertant
804 3489 907 3551 neque
935 3467 968 3530 in
997 3467 1195 3552 corrigendis
1223 3471 1318 3552 typo·

174 3585 338 3648 thetarum
361 3553 487 3646 mendis
509 3583 707 3667 diligentem,
731 3583 850 3666 quippe
874 3582 928 3665 qui
953 3586 1103 3646 accentus
1123 3583 1319 3667 spiritusque

175 3721 240 3764 non
263 3699 375 3783 paucis
399 3698 533 3762 vocibus
557 3698 681 3782 graccis
705 3698 816 3761 deesse
848 3719 913 3761 non
940 3698 1086 3761 viderim.
1131 3697 1255 3784 Audi03
1284 3702 1319 3762 at

175 3813 254 3878 illud
282 3835 414 3898 perraro
445 3813 574 3896 accidit,
601 3815 639 3878 ut
665 3813 700 3877 in
728 3813 889 3896 scriptura
920 3812 1001 3877 mihi
1028 3836 1094 3878 non
1126 3817 1318 3898 constarem,

176 3951 213 3993 ac
235 3951 276 3994 ne
300 3928 438 3993 devitari
466 3928 594 4012 quidem
616 3950 844 4013 usquequaque
872 3927 992 4012 potuit,
1022 3929 1166 3993 velutin
1189 3929 1269 3994 locis
1299 3951 1318 3994 a

176 4044 299 4109 Galerio
329 4067 367 4108 ex
389 4043 588 4128 Hippocrate
615 4043 770 4127 laudatis,
800 4043 889 4108 cuius
913 4065 952 4108 ne
976 4044 1010 4108 in
1033 4044 1166 4128 optimis
1190 4043 1319 4127 quidem

176 4159 341 4224 codicibus
365 4159 426 4223 sibi
451 4163 580 4223 constat
608 4159 786 4244 scriptura3
815 4159 952 4223 alterum
980 4181 1038 4223 nec
1065 4157 1319 4242 typothetarum,

177 4293 313 4358 quorum
341 4274 557 4358 diligentiam,
589 4297 648 4339 nec
676 4277 893 4339 correctorum
922 4273 1153 4357 Lipsiensium,
1181 4295 1318 4358 quorum

176 4389 414 4454 accurationem
447 4409 566 4472 magna
588 4389 682 4454 laude
710 4390 841 4474 dignam
867 4390 987 4472 iudico,
1014 4410 1073 4454 nec
1106 4410 1178 4453 mea
1215 4391 1320 4476 culpa,
