3300 5146
767 418 921 485 ——302
969 453 1009 468 -

315 577 473 663 γενέσθαι
491 603 528 645 το
549 579 644 668 ζῷον,
668 581 807 663 καρδίας
824 577 860 645 δὲ
881 582 1086 666 συγκοπηυαι
1110 577 1172 667 μὶν
1190 577 1244 646 καὶ
1264 575 1463 662 ἀπολέσθαι,

313 688 382 750 τῶν
403 685 656 772 προειρημένων
674 684 710 751 δὲ
731 681 809 751 οὐδὲ
830 688 867 752 ’ἐν
885 695 1019 754 παθεῖν.
1056 695 1147 771 εἴπερ
1165 677 1228 754 οῦν
1248 684 1335 754 οὕτω
1358 691 1463 753 ταῦτα

314 795 394 876 ἔχει,
426 781 578 878 καθάπερ
611 797 689 879 ἔχει,
723 796 758 860 ol
785 793 937 878 λέγοντες
969 795 1005 859 ἐκ
1033 797 1172 878 καρδίας
1202 794 1384 878 πεφυκέναι
1420 791 1462 859 τὰ

313 901 416 984 νεῦρα
446 900 555 984 λέγειν
586 898 648 985 μὲν
680 897 843 966 δύνανται
871 903 971 967 τοῦτο
1000 900 1055 966 καὶ
1084 897 1241 986 γράφειν,
1270 897 1379 986 ὥσπερ
1406 899 1462 966 καὶ

286 1002 396 1071 οάλλα
419 1004 526 1072 πολλὰ
550 1006 688 1091 λέγουσί
711 1032 746 1073 τε
769 1007 823 1073 καὶ
852 1006 1059 1092 γράφουσιν,
1087 1002 1128 1073 οὐ
1156 1003 1224 1092 μὴν
1247 1007 1304 1073 ἐπί
1327 1032 1364 1092 γε
1393 1009 1462 1074 τῶν

246 1110 407 1201 assisina
437 1113 585 1199 ἐναργῶς
613 1112 796 1180 δεικνύναι.
824 1114 829 1202 Ι
857 1111 921 1200 τὴν
946 1113 1008 1199 μὲν
1035 1112 1100 1198 γὰρ
1132 1114 1316 1199 λεγομένην
1344 1110 1463 1199 ἀρχήν,

313 1214 373 1303 ἀφ’
402 1209 441 1305 ἦς
467 1217 506 1285 τά
540 1223 641 1306 νεῦρα
671 1221 833 1306 πέφυκεν,
867 1222 1051 1306 ἐγκέφαλον
1077 1216 1262 1304 ἀναγκαῖον
1288 1216 1462 1306 ὑπάρχειν·

313 1322 375 1392 ὅσα
399 1325 436 1392 δὲ
460 1323 478 1392 ὁ
502 1325 698 1413 Χρύσιππος
721 1327 771 1393 ἐπὶ
795 1335 952 1394 πλεῖστον
981 1326 1141 1414 μηκύνων
1168 1326 1221 1393 ἐπὶ
1243 1329 1301 1412 τῆς
1323 1330 1464 1414 καρδίας

314 1433 505 1518 διεξῆλθεν,
538 1431 579 1501 οὐ
605 1433 642 1502 τὸ
670 1440 861 1519 λογίζεσθαι
890 1438 1038 1501 δείκνυσι
1066 1432 1104 1502 τὸ
1139 1431 1345 1519 σπλάγχνον,
1377 1429 1463 1500 ἀλλὰ

275 1560 299 1598 1⁰
313 1537 350 1606 τὸ
375 1543 570 1625 θυμοῦσθαι
594 1541 648 1607 καλ
672 1539 710 1608 τὸ
734 1546 915 1627 φοβεῖσθαι
938 1542 993 1608 καλ
1016 1539 1053 1608 τὸ
1073 1548 1251 1608 λυπεῖσθαι
1275 1537 1459 1606 καὶπάνθ’

313 1642 376 1710 ὅσα
398 1649 459 1712 τοῦ
481 1651 686 1732 θυμοειδοῦς
707 1651 765 1734 τῆς
788 1652 895 1734 υνυχῆς
918 1649 1008 1714 ἐστιν
1031 1653 1111 1734 ἔργα
1133 1673 1168 1714 τε
1191 1647 1246 1712 καὶ
1269 1645 1372 1733 πάθη.

394 1749 492 1838 Ὅπερ
525 1746 589 1821 οὖν
619 1752 713 1821 εἶπον
744 1753 809 1842 ἤδη
842 1754 993 1842 πρόσθεν
1026 1755 1063 1822 ἐν
1089 1757 1173 1845 τῷδε
1204 1757 1249 1843 τῷ
1282 1752 1462 1839 γράμματι,

313 1861 412 1925 τοῦτο
435 1859 490 1925 καὶ
514 1864 578 1927 νῦν
601 1857 785 1947 ἀναγκαῖον
808 1859 1009 1949 άναμνησαι,
1032 1859 1081 1928 ὅτι
1106 1858 1124 1928 ὁ
1144 1858 1338 1946 Χρύσιππος
1361 1861 1399 1926 ἐν
1420 1863 1463 1947 τῇ

313 1962 394 2049 μετὰ
421 1961 479 2044 τὰς
505 1970 800 2056 προγεγραμμένας
832 1968 943 2055 ῥήσεις
973 1969 1057 2048 λε’ξει
1085 1973 1268 2054 προχείρως
1297 1966 1400 2034 πάλιν
1427 1968 1463 2047 ἐξ

276 2091 299 2130 1⁵
315 2068 390 2150 ἑνὸς
421 2069 583 2159 άρχεσθαι
619 2082 740 2162 μορίου
776 2073 835 2154 τὰς
871 2073 1030 2161 δυνάμεις
1068 2071 1256 2161 ἀμφοτέρας
1295 2072 1461 2160 λαμβάνει

313 2177 396 2264 μηδὲ
423 2186 504 2266 μίαν
534 2180 708 2262 α’πόδειξιν
734 2177 755 2269 ἢ
777 2188 997 2270 παραμυθίαν
1023 2177 1045 2268 ἢ
1072 2177 1280 2268 πιθανότητα
1302 2183 1348 2271 τῷ
1371 2179 1462 2270 λόγῳ

351 2408 364 2455 1
384 2397 416 2456 τὸ
437 2399 511 2471 ζωὴν
530 2405 567 2458 Μ.
588 2435 620 2444 -
644 2411 660 2459 3
679 2403 728 2458 καλ
747 2402 776 2458 οἷ
793 2403 921 2473 λέγοντες
935 2405 1014 2459 codd.
1030 2405 1092 2458 edd.
1111 2404 1160 2457 καὶ
1179 2421 1228 2458 nos
1247 2402 1410 2458 delevimus.
1425 2433 1459 2442 —

315 2480 330 2527 5
351 2468 416 2527 duel
436 2494 465 2542 γε
487 2475 523 2527 Μ.
545 2507 576 2514 -
602 2483 618 2528 6
642 2476 824 2544 λογιζομένην
847 2493 897 2546 pro
921 2475 1075 2546 λεγομένην
1094 2476 1135 2542 Μχ
1159 2477 1193 2529 ol.
1213 2475 1297 2529 Proll.
1317 2493 1343 2544 p.
1364 2481 1406 2528 83.
1426 2505 1461 2514 -

314 2550 330 2598 8
350 2543 380 2598 δὲ
402 2541 566 2612 Χρύσιππος
584 2546 715 2600 ABChK
734 2542 762 2600 δ’
783 2543 798 2600 ὁ
818 2552 868 2614 Χρ.
888 2547 924 2601 Μ.
945 2579 976 2587 -
1005 2554 1035 2600 11
1058 2545 1125 2615 ἔργα
1144 2545 1173 2601 tl
1194 2547 1254 2616 (sic)
1273 2543 1305 2601 δλ
1325 2540 1408 2616 πάθη
1426 2547 1460 2602 Δ.

314 2643 347 2654 -
370 2622 402 2670 15
421 2612 510 2686 μόνον
531 2617 662 2671 ABChli
682 2621 782 2686 μορίου
801 2619 843 2686 Μχ
862 2620 898 2672 el.
918 2619 1002 2674 Proll.
1022 2635 1050 2688 p.
1070 2625 1112 2673 23.
1132 2649 1166 2659 -

313 2822 472 2910 privetur3
497 2825 524 2889 si
545 2846 610 2906 oor,
634 2829 670 2890 ut
688 2826 871 2891 collabatur
889 2829 922 2891 et
940 2827 1088 2910 intereat,
1108 2847 1219 2890 eorum
1239 2829 1357 2910 autem,
1376 2846 1460 2910 quae

314 2929 410 2994 modo
443 2931 522 3013 dixi,
554 2932 637 2996 nihil
665 2933 840 3017 quidquam
874 2933 1027 3016 patiatur.
1082 2931 1203 3008 Quodsi
1235 2931 1316 2995 haec
1348 2933 1397 2996 ita
1425 2954 1460 2996 se

312 3035 450 3120 habent,
483 3039 567 3101 sieut
595 3061 628 3102 so
657 3039 792 3122 habent,
824 3041 879 3124 qui
911 3040 1022 3103 dictust
1052 3061 1168 3103 nervos
1196 3061 1213 3102 e
1247 3039 1341 3104 corde
1371 3039 1459 3122 oriri,

313 3147 450 3226 possunt
477 3145 527 3206 illi
555 3145 685 3227 quidem
717 3145 765 3208 ita
796 3147 902 3210 dioere
936 3150 968 3210 et
1001 3146 1149 3228 seribere,
1179 3149 1216 3208 ut
1248 3145 1314 3208 alia
1346 3145 1459 3228 multa,

311 3270 377 3313 non
405 3253 514 3314 tamen
543 3251 707 3315 evidenter
743 3251 777 3315 in
810 3253 1005 3316 animalibus
1033 3253 1215 3317 monstrare
1247 3251 1279 3315 id
1311 3253 1458 3335 possunt

313 3354 513 3441 Principium
533 3357 628 3440 enim,
647 3358 732 3441 quod
752 3358 879 3442 dicitur,
903 3359 985 3423 undo
1004 3360 1094 3424 nervi
1113 3359 1271 3442 oriuntur,
1289 3358 1458 3423 cerebrum

313 3485 382 3526 esse
409 3485 541 3528 neeesse
572 3468 634 3550 est3
662 3487 745 3550 quae
774 3470 882 3530 autern
913 3463 1117 3550 Chrysippus
1149 3466 1252 3529 effusa
1284 3465 1457 3529 admodum

313 3570 459 3634 oratione
492 3571 530 3634 de
563 3573 658 3636 eorde
690 3572 859 3654 disseruit,
892 3595 930 3636 ea
961 3572 1057 3636 buius
1087 3573 1221 3637 visceris
1249 3571 1365 3636 docent
1391 3591 1458 3636 non

313 3697 383 3740 esse
402 3677 601 3757 ratiocinari,
626 3678 681 3742 sed
705 3678 812 3760 irasci,
837 3679 891 3741 sed
915 3680 1039 3763 timere,
1062 3679 1117 3742 sed
1140 3679 1253 3743 dooere
1277 3683 1456 3762 ceteraque,
1507 3719 1511 3726 ·

312 3805 394 3867 quae
421 3785 525 3868 partis
555 3785 680 3848 aninmo
709 3786 894 3851 iracundiae
924 3787 1039 3870 plenae
1070 3786 1275 3870 operationes
1303 3789 1336 3848 et
1363 3787 1455 3849 affec-

311 3893 363 3954 tus
388 3895 471 3955 sunt.

402 3997 494 4072 Quod
517 3997 619 4082 igitur
641 4000 707 4063 iam
731 4022 830 4084 supra
853 3999 886 4066 in
905 3999 967 4065 hoo
989 3999 1074 4064 libro
1098 3999 1173 4083 dixi,
1196 3999 1228 4063 id
1248 4000 1348 4064 otiam
1371 4020 1456 4064 nunc

313 4103 345 4168 in
365 4105 556 4169 memoriam
579 4107 794 4170 revocandum
819 4109 878 4190 est,
901 4105 1120 4190 Chrysippum
1141 4108 1350 4189 irroratione,
1373 4129 1456 4192 quae

312 4210 401 4274 locos
433 4235 452 4274 a
487 4235 537 4275 me
571 4215 646 4276 ante
679 4213 859 4296 arlsoriptos
895 4213 1053 4296 sequitur,
1086 4214 1232 4277 absolute
1264 4237 1375 4278 rursus
1409 4215 1456 4278 ita

312 4339 444 4402 ponere,
481 4343 519 4382 ex
552 4319 663 4383 eadem
696 4325 789 4404 parte
820 4325 988 4405 utramque
1020 4321 1209 4384 facultatem
1242 4321 1334 4405 oriri,
1366 4323 1456 4387 nulla

310 4445 413 4508 neque
437 4425 837 4509 demonstrationemque
865 4427 1074 4510 persuasione
1096 4451 1199 4511 neque
1222 4423 1455 4511 probabilitate
