3246 5148
638 441 835 504 .-5-

162 598 256 664 daret
274 607 307 663 et
324 599 504 684 perficeret,
528 601 738 683 quamobrem
757 599 822 665 nori
843 623 924 683 opus
944 621 1012 664 csse
1027 600 1258 665 existimabant
1277 601 1310 666 in

163 707 218 788 iis,
245 727 327 790 quae
356 729 374 770 a
402 705 622 788 superioribus
654 711 795 772 tractata
823 713 944 790 essent,
976 710 1012 770 ut
1039 706 1145 770 minus
1173 708 1310 772 excultis
1364 728 1367 734 ·

163 812 353 898 diligentius
376 812 510 876 versari.
551 811 687 877 Accedit
708 812 794 898 quod
818 814 987 878 rmiversae
1010 811 1189 878 medicinae
1212 814 1310 878 ratio·

163 943 236 984 nem
261 923 426 1002 artemque
451 917 497 982 sic
521 941 541 982 a
564 917 687 984 Galerio
712 919 920 984 inveniebant
948 919 1138 1003 discriptam
1168 923 1201 983 et
1224 941 1308 986 com·

164 1027 320 1110 positam,
343 1030 379 1088 ut
402 1027 476 1107 apte
501 1025 683 1108 comparari
708 1047 802 1108 posse
827 1026 990 1090 videretur
1007 1048 1080 1090 curn
1099 1025 1308 1110 philosopho-

164 1155 235 1196 rum
263 1130 498 1214 compositione
527 1130 718 1213 disciplinae
746 1132 912 1216 eleganter
938 1131 1101 1215 instituta,
1133 1132 1189 1196 ubi
1222 1133 1310 1197 aliud

164 1261 201 1301 ex
221 1237 286 1302 alio
305 1241 500 1318 necteretur,
524 1237 686 1320 posterius
705 1237 806 1321 priori
826 1239 1026 1321 conveniret,
1049 1239 1158 1303 omnia
1172 1238 1309 1322 denique

163 1347 240 1427 apta
267 1343 352 1406 inter
382 1365 416 1406 se
447 1346 479 1406 et
505 1343 598 1426 quasi
626 1347 854 1428 coagmentata
887 1349 1002 1408 essent.
1052 1343 1097 1408 Et
1127 1344 1161 1408 id
1193 1345 1310 1428 ipsum,

162 1449 248 1534 quod
271 1447 464 1514 medicinam
489 1449 528 1512 ad
552 1449 779 1533 philosophiae
808 1455 841 1514 et
863 1450 1025 1533 principia
1053 1454 1086 1512 et
1111 1451 1308 1535 perpetuita-

163 1561 229 1619 tem
249 1555 529 1639 constantiamque
544 1559 730 1620 revocatam
747 1556 914 1640 videbant,
937 1556 1056 1620 mirum
1071 1559 1227 1640 quantum
1242 1561 1307 1622 stu·

162 1663 216 1726 dia
243 1683 356 1726 corum
388 1661 513 1743 allexit,
546 1662 665 1746 quippe
698 1685 833 1745 quorum
867 1665 990 1726 mentes
1022 1663 1070 1726 ita
1103 1667 1309 1747 comparatae

162 1771 282 1851 essent,
309 1771 345 1832 ut
372 1789 479 1832 rerum
507 1767 677 1832 veritatem
701 1769 871 1833 minusca
897 1769 970 1852 ipsa
992 1773 1108 1834 natura
1136 1791 1194 1853 per
1217 1792 1309 1853 expc-

162 1874 313 1938 rientiam
337 1896 433 1958 quam
457 1896 496 1938 ex
519 1873 667 1939 doctrina
684 1875 850 1958 perpetuis
873 1875 1023 1941 ordinate
1045 1876 1228 1959 praeceptis
1250 1899 1310 1960 per

162 1981 444 2046 ratiocinationem
474 1979 635 2063 explicare
664 1982 837 2046 studerent.
882 1980 943 2045 His
971 1982 1010 2046 dc
1038 1982 1144 2047 causis
1168 1982 1231 2046 dici
1255 1982 1308 2046 vix

162 2091 283 2170 potest,
306 2091 460 2172 quantam
484 2109 594 2151 curam
618 2087 873 2171 industriamque
896 2088 1032 2171 Arabes,
1055 2093 1228 2172 postquam
1251 2110 1309 2172 per

162 2197 263 2276 Syros
283 2193 397 2258 Galerii
416 2193 597 2258 doctrinam
617 2198 851 2278 cognovcrrmt,
874 2195 909 2258 in
928 2217 965 2260 eo
984 2195 1166 2278 posuerint,
1189 2199 1226 2259 ut
1239 2195 1308 2258 eius

162 2299 252 2382 libri,
271 2303 430 2384 quotquot
449 2300 601 2364 iniuriam
621 2303 804 2381 temporum
824 2298 1015 2385 evasissent,
1035 2301 1308 2384 conquirerentur,

161 2404 289 2469 arabice
311 2405 532 2491 redderentur,
560 2407 823 2489 explanarentur,
850 2407 1133 2492 pervulgarentur,
1159 2412 1227 2472 tum
1252 2411 1307 2494 qui

162 2511 199 2575 de
223 2511 488 2596 medicinarum
513 2513 568 2596 qui
587 2513 625 2577 dc
649 2511 872 2596 philosophia,
895 2513 1044 2596 inprimis
1068 2512 1106 2576 de
1130 2513 1307 2581 disserendi

161 2618 285 2682 ratione
305 2618 347 2681 ab
366 2640 403 2682 eo
424 2618 600 2702 conscripti
624 2622 724 2682 crant.
762 2617 892 2701 Optime
910 2619 971 2682 hac
990 2619 1028 2683 de
1048 2642 1081 2683 rc
1095 2620 1203 2684 meriti
1223 2627 1307 2705 sunt,

160 2723 215 2807 qui
233 2723 370 2788 sacculis
390 2731 518 2806 octavo,
541 2747 641 2808 norro,
665 2725 789 2789 decimo
808 2724 987 2790 floruerunt
1005 2725 1120 2790 medici
1141 2749 1157 2790 e
1180 2727 1307 2793 familia

160 2829 381 2894 Bachtischua
400 2829 537 2914 orirmdi,
556 2831 669 2896 deinde
689 2831 847 2897 Alkindus
867 2835 899 2894 et
912 2831 1132 2916 Johanrritius,
1151 2835 1201 2898 cui
1222 2837 1306 2919 apud

162 2937 286 3001 Arabes
305 2936 434 3000 Honein
456 2959 574 3002 nomen
598 2944 660 3021 est,
688 2937 741 3022 qui
764 2960 850 3002 nono
875 2938 1003 3002 saeculo
1032 2939 1142 3004 floruit
1164 2942 1307 3006 medicus

160 3043 393 3126 nobilissimus,
407 3043 538 3126 eiusque
553 3044 621 3126 filii,
630 3050 774 3128 nepot-ee,
793 3045 955 3129 discipuli,
968 3043 1023 3128 qui
1038 3067 1109 3109 curn
1125 3047 1228 3110 multe
1243 3047 1308 3111 alia

160 3172 259 3233 opera
280 3150 475 3214 Graecorum
482 3201 491 3233 ,
513 3150 603 3213 velut
620 3149 846 3234 Hippocratis,
867 3151 1082 3234 Dioscoridis,
1105 3151 1210 3235 Pauli,
1234 3153 1306 3216 Ari-

161 3255 303 3339 stotelis,
335 3255 528 3339 Ptolemaei,
560 3255 778 3340 Archimedis,
808 3258 968 3341 Euclidis,
1000 3262 1069 3320 tmn
1103 3258 1217 3321 Galerii
1250 3263 1306 3323 aut

161 3363 286 3446 syriace
311 3367 369 3426 aut
392 3361 520 3426 arabico
544 3361 750 3428 reddiderunt
777 3368 834 3427 aut
856 3367 1016 3447 quotquot
1041 3363 1213 3428 exstabant
1236 3387 1304 3429 ara-

160 3469 230 3534 bice
254 3469 393 3552 reddita,
417 3469 668 3533 emendaverunt
690 3471 842 3554 vitiisque
861 3469 1197 3554 perpurgaverunrw).
1227 3471 1306 3536 Post

159 3597 214 3641 eos
242 3575 396 3659 permulti
425 3576 630 3658 exstiterunt,
657 3576 712 3660 qui
742 3599 852 3640 eorum
880 3577 1028 3660 vestigiis
1055 3576 1241 3640 insistentes
1270 3582 1306 3643 ut

159 3683 193 3746 ia
216 3681 426 3765 philosophia
451 3683 676 3764 Aristotelem,
702 3682 750 3746 ita
772 3684 806 3747 in
830 3683 989 3746 medicina
1013 3682 1188 3747 excolenda
1212 3685 1304 3748 (iale-

159 3811 235 3852 num
260 3810 422 3852 summum
446 3795 610 3853 auctorem
633 3789 734 3852 secuti
753 3793 840 3871 sunt,
864 3789 949 3852 inter
971 3809 1051 3872 quos
1071 3789 1196 3854 Rhazes
1220 3815 1243 3854 s.
1258 3791 1303 3854 lX

161 3895 309 3978 eminuit,
339 3893 503 3959 Avicenna
529 3919 552 3958 s.
575 3895 620 3958 XI
646 3899 678 3959 et
700 3895 888 3980 insequente
913 3894 1085 3980 AverroeS,
1113 3899 1247 3980 uterque
1271 3897 1304 3960 in

161 4007 295 4086 utraque
326 4001 498 4084 disciplina
528 4001 742 4066 clarissimum
775 4025 893 4068 nomen
926 4003 1078 4086 adeptus,
1106 4001 1162 4066 ille
1195 4007 1303 4066 tamen

162 4109 265 4194 magis
290 4107 323 4172 in
346 4108 519 4192 medicina,
541 4109 593 4174 hic
618 4109 652 4173 in
675 4107 940 4192 philosophia¹¹).

163 4263 224 4269 .-—--
228 4263 293 4270 -——-
317 4261 372 4268 --.a

234 4355 266 4424 ¹⁰)
285 4355 413 4410 Daremb.
433 4353 450 4410 l.
471 4355 489 4410 l.
507 4374 533 4424 p.
553 4359 613 4411 267.
935 4413 937 4416 ,

234 4445 267 4512 ¹¹)
290 4444 395 4499 Arabes
418 4461 502 4516 quam
526 4445 623 4500 sedulo
645 4444 673 4498 in
697 4445 861 4516 colligendis
885 4443 961 4498 libris
984 4442 1083 4498 Galerii
1107 4441 1303 4511 laboraverint,
