3444 5140
668 415 912 480 -697-

212 569 336 659 *τρύκις
357 575 419 640 τού
442 573 610 656 ἐνιαυτοῦ,
633 569 759 660 έμέεται
782 574 843 640 τοῦ
865 571 927 658 μέν
949 573 1110 658 χειμῶνος
1128 573 1359 658 φλεγματωδέ-

212 683 336 763 ‘ovacra
355 683 416 747 τοῦ
436 683 472 750 δὲ
486 675 568 771 ἦρος
586 679 766 778 ὑγρότατα,
783 684 844 749 τοῦ
858 677 894 745 δὲ
908 677 1028 764 θέρεος
1044 679 1285 765 gerendorum,
1298 679 1360 747 τού

212 783 261 853 ‘di
284 787 510 874 φθινοπώρου
532 793 739 879 μελύντατα.’
785 790 888 856 ταῦτα
910 783 985 872 περὶ
1007 787 1066 872 τῆς
1087 782 1169 852 κατὰ
1191 783 1250 864 τὰς
1271 783 1359 873 ώρας

212 895 377 980 διαφορᾶς
409 894 512 964 εἰπὼν
544 896 561 966 ὁ
587 897 804 988 Ἱπποκράτης
831 893 983 972 ἐδίδαξεν
1015 892 1052 958 ἐν
1079 887 1192 971 αύτοῑς
1219 891 1360 978 δυνάμει

211 999 285 1086 περὶ
315 1003 383 1067 τών
413 995 553 1087 ἡλικιῶν
578 1007 634 1073 καλ
663 1009 792 1095 χωρῶν.
841 997 893 1070 ἀεὶ
922 997 986 1086 γὰρ
1017 999 1054 1066 έν
1083 995 1207 1066 ἅπασιν
1238 994 1287 1077 οἷς
1316 993 1386 1066 dou

211 1102 380 1194 ὑφηγῆται
404 1104 484 1174 καθ’
510 1106 693 1181 ὁντιναοῦν
716 1111 819 1198 λόγον
842 1107 1029 1193 ἐπιβλέπειν
1046 1104 1171 1172 κελεύει
1194 1105 1249 1174 καὶ
1267 1103 1360 1193 ώραν

211 1213 266 1280 καὶ
290 1211 403 1300 χώραν
424 1215 480 1281 καὶ
504 1213 638 1304 ἡλικίαν
660 1221 715 1288 καὶ
739 1217 758 1288 ὅ
780 1245 812 1286 τι
836 1214 877 1302 θη
902 1209 954 1298 ἐφ’
981 1210 1056 1291 ἑνὸς
1077 1209 1206 1279 τούτων
1229 1208 1361 1291 ἀκούεις

211 1320 410 1406 μεταφέρειν
432 1317 522 1402 ἀξιοῖ
542 1344 581 1393 σε
604 1330 703 1398 τοῦτο
727 1329 782 1394 καὶ
801 1324 853 1391 ἐπὶ
876 1319 916 1389 τὰ
939 1316 1038 1388 λοιπὰ
1062 1315 1125 1385 δύο
1149 1313 1226 1385 καθ’
1248 1315 1360 1404 ὁμοιό-

212 1453 303 1513 τητα.
334 1424 395 1495 τὸν
419 1423 526 1498 αὐτὸν
549 1430 613 1519 γὰρ
636 1432 739 1520 λόγον
762 1433 800 1499 έν
822 1427 965 1517 ἡλικίαις
987 1423 1005 1493 ὁ
1028 1437 1106 1503 παῖς
1125 1425 1129 1512 λ
1150 1427 1215 1512 ἔχει
1237 1428 1277 1513 τῇ
1300 1427 1427 1498 roricus

212 1525 294 1620 ἦρος
317 1535 354 1601 έν
376 1532 489 1622 ὥραις,
514 1533 672 1619 ὡσαύτως
695 1539 731 1608 dt
756 1533 854 1624 ὁμέν
877 1540 1051 1611 νεανίσκος
1076 1558 1117 1620 τη
1143 1533 1204 1600 τοῦ
1226 1531 1361 1618 θέρους,
1377 1553 1402 1594 ιο

213 1638 231 1709 ὁ
252 1640 289 1710 δὲ
307 1641 530 1728 παρακμύζων
548 1648 588 1734 τῇ
608 1649 670 1713 τοῦ
689 1643 912 1734 φθινοπώρου
935 1640 989 1708 καὶ
1008 1645 1193 1718 τελευταῖος
1212 1634 1230 1704 ὁ
1254 1638 1361 1725 γέρων

213 1750 253 1836 τῇ
277 1751 339 1815 τοῦ
361 1752 533 1834 χειμῶνος.
579 1749 704 1840 ὁμοίως
731 1751 769 1820 δέ
795 1752 849 1819 καὶ
877 1752 945 1816 τῶν
968 1749 1086 1834 χωρῶν
1113 1742 1133 1831 ἡ
1161 1743 1223 1831 μὲν
1246 1742 1361 1831 εύκρα-

213 1879 269 1932 τος
296 1855 336 1941 τῇ
358 1856 420 1920 ’τοῦ
444 1846 539 1942 ἦρος,
568 1855 589 1946 ἡ
614 1857 651 1927 δὲ
673 1857 783 1947 θερμὴ
806 1860 846 1946 τῇ
868 1859 930 1924 τοῦ
956 1855 1096 1942 θέρους,
1124 1848 1144 1940 ἡ
1168 1851 1204 1919 δὲ
1232 1847 1361 1937 ἀνωμά-

214 1965 279 2038 λως
305 1964 428 2045 ἔχουσα
460 1962 542 2030 κατὰ
578 1963 768 2053 θερμότητα
795 1963 850 2031 καὶ
883 1960 1088 2047 ψυχρότητα,
1119 1961 1363 2026 πλεονεκτοῦσιν

214 2064 251 2132 di
275 2062 364 2152 ὅμως
392 2067 578 2156 ψυχρότητί
603 2072 716 2139 τεκαὶ
744 2069 898 2158 ξηρότητι
925 2070 1051 2156 τῄιτοῦ
1074 2063 1314 2153 φθινοπώρου,
1342 2061 1403 2152 i¹⁵

215 2172 252 2240 δὲ
276 2169 362 2260 ὑγρὰ
385 2174 440 2241 καὶ
463 2173 574 2264 ψυχρὰ
597 2180 637 2267 τῇ
660 2182 722 2248 τοῦ
744 2181 914 2266 χειμῶνος.
958 2172 1060 2242 ταύτύ
1083 2199 1118 2240 τε
1141 2163 1203 2240 οὖν
1227 2169 1364 2252 θιθύξας

214 2311 426 2323 m

254 2377 266 2424 1
290 2365 399 2438 έμεὶτοιι
418 2371 497 2426 codd.
517 2373 581 2428 edd.
603 2405 634 2414 -
660 2371 928 2444 φλεγματωδέστερα
947 2369 1027 2426 codd.
1046 2369 1108 2424 edd.
1130 2397 1161 2407 -—
1186 2361 1363 2436 θύγρότατα

217 2441 246 2496 Μ
261 2435 403 2528 ύηρότερα
416 2441 556 2500 ABChK.
573 2477 603 2484 —
625 2452 640 2499 3
660 2446 710 2514 τῆς
723 2439 811 2506 κακὰς
826 2438 903 2512 ὥρας
914 2443 951 2497 bd.
971 2473 1004 2481 -
1024 2435 1207 2524 diomedeas
1221 2437 1362 2492 Mnssch.

215 2543 248 2554 —
269 2529 345 2580 ωρην
365 2513 444 2568 codd.
465 2513 526 2575 edd,
547 2510 629 2583 ὤραν
647 2533 707 2571 nos.
726 2548 758 2557 -
779 2521 794 2570 ‘1
813 2510 924 2602 ηλικζην
942 2513 1021 2568 codd.
1041 2511 1102 2567 edd.
1121 2511 1233 2579 ηλικίαν
1251 2526 1309 2564 nos.
1330 2539 1363 2548 -

216 2577 279 2638 ὅτι
298 2581 330 2638 db
357 2583 439 2639 codd.
460 2585 522 2648 edd.
546 2580 608 2641 ὅτι
627 2583 662 2654 δὴ
683 2604 740 2642 nos.
759 2618 792 2626 —
817 2605 924 2654 ακουης
941 2585 979 2639 Μ.
999 2613 1029 2624 -·
1056 2576 1179 2648 θύξιών
1202 2581 1280 2635 codd.
1300 2580 1363 2634 cdd.

216 2649 509 2725 disemos-917]
531 2657 573 2712 bis
587 2658 624 2712 M.
645 2689 676 2697 —
700 2665 732 2712 10
746 2651 821 2726 ἥρως
834 2657 871 2714 Μ.
887 2689 920 2696 -
941 2663 974 2711 lt
992 2651 1154 2724 ψυχρότητα
1168 2651 1211 2718 Μς
1230 2652 1264 2706 ct.
1279 2651 1362 2709 Prell.

215 2743 241 2796 p.
262 2731 305 2782 ιι.
326 2757 358 2766 -
378 2744 407 2780 τε
428 2743 481 2781 om.
502 2727 647 2796 rechin
667 2729 702 2784 er.
722 2729 806 2784 Pron.
826 2747 853 2798 p.
873 2735 915 2783 ιι.
936 2759 966 2768 -
988 2721 1126 2797 ξηρότητα
1144 2723 1181 2781 u.
1201 2755 1233 2764 -

216 2855 263 2864 ---
272 2855 362 2864 —----—
391 2857 427 2862 ...-

215 2926 386 3008 dederis,
409 2925 534 2990 hieme
557 2931 688 2994 vomet
711 2929 876 2992 maxime
899 2926 1104 3012 pituitosa,
1128 2945 1211 2988 vere
1236 2925 1364 2989 admo·

216 3033 301 3097 dum
333 3031 503 3116 humida,
535 3037 688 3098 aestate
718 3035 830 3100 valde
862 3034 1021 3116 biliosa,
1058 3034 1242 3096 autumno
1280 3053 1364 3114 per·

215 3137 352 3224 nigra?
393 3138 484 3202 Haec
503 3137 723 3223 Hippocrates
742 3163 939 3226 quamquam
962 3139 1000 3204 de
1024 3141 1207 3222 temporum
1230 3135 1363 3200 diversi·

217 3249 284 3310 tate
316 3248 445 3309 tantum
478 3245 574 3329 dixit,
606 3247 763 3312 facultate
795 3252 906 3312 tamen
937 3246 976 3311 de
1005 3244 1167 3310 aetatibus
1200 3242 1298 3307 etism
1332 3245 1365 3306 et

217 3352 405 3438 regionibus
429 3351 548 3416 docuit.
595 3350 729 3438 Semper
753 3355 839 3420 enim
863 3355 899 3419 in
921 3353 1085 3434 omnibus,
1112 3373 1194 3435 quae
1218 3348 1365 3434 quelibet

217 3460 251 3524 in
276 3459 422 3523 oratione
445 3457 620 3542 praecipit,
649 3462 777 3542 tempus
806 3461 883 3523 anni
911 3463 944 3522 et
970 3458 1135 3543 regionem
1163 3461 1195 3521 et
1222 3459 1363 3521 aetatem

217 3565 377 3649 respicere
400 3568 433 3628 te
455 3564 547 3628 iubet
571 3569 617 3647 et,
648 3563 803 3650 quidquid
832 3566 870 3629 de
894 3588 958 3630 uno
982 3587 1020 3629 ex
1048 3565 1099 3628 his
1128 3563 1303 3645 audiveris,
1331 3561 1363 3626 id

218 3671 258 3736 ad
286 3671 411 3755 reliqua
439 3670 502 3735 duo
531 3669 708 3735 transferre
730 3675 763 3736 tc
793 3673 864 3735 vult
889 3694 948 3755 per
975 3671 1232 3736 similitudinem.
1278 3667 1363 3732 Ean·

217 3778 290 3842 dem
323 3776 409 3840 enim
441 3777 603 3842 rationem
635 3777 669 3842 in
703 3779 865 3843 aetatibus
903 3801 983 3862 puer
1014 3799 1110 3861 quarn
1143 3777 1178 3840 in
1210 3779 1364 3861 quattuor

217 3883 420 3967 temporibus
453 3883 530 3948 anni
562 3905 620 3949 ver
651 3883 764 3969 babet,
797 3886 931 3948 eandem
963 3883 1090 3949 iuvenis
1122 3905 1219 3968 quarn
1247 3885 1364 3965 aestas,

218 3990 352 4054 eandem
376 4011 472 4054 senex
496 4013 593 4076 quam
618 3994 807 4074 autumnus,
835 3991 968 4055 eandem
993 3995 1158 4075 postremo
1181 3987 1364 4072 decrepitus

217 4117 316 4180 quarn
343 4095 457 4160 hieme.
508 4097 634 4162 Pariter
662 4097 753 4182 regio
781 4101 963 4181 temperata
990 4099 1072 4180 veri,
1104 4095 1210 4161 calida
1237 4096 1364 4176 aestati,

218 4223 300 4286 quae
325 4202 506 4287 inaequalis
530 4203 637 4268 calore
666 4206 698 4267 et
724 4203 847 4288 frigore
872 4207 934 4285 est,
961 4203 1016 4267 sed
1043 4206 1153 4266 tamen
1181 4202 1303 4285 frigore
1332 4203 1364 4264 et

217 4308 365 4372 siccitate
394 4312 580 4393 exsuperat,
613 4313 782 4392 autumno,
808 4307 930 4394 frigida
957 4313 990 4372 et
1020 4309 1155 4372 humida
1183 4306 1282 4372 hiemi
1314 4327 1363 4369 re

219 4414 364 4500 spondet.
410 4413 500 4480 Haec
524 4414 626 4502 igitur
649 4437 722 4480 eum
745 4415 855 4481 docuit
878 4418 911 4480 et
932 4417 1100 4500 praeterea
1123 4413 1213 4497 illud,
1237 4415 1363 4478 contre-
