3298 5136
801 371 1045 434 *910-

350 527 560 613 ἐκκρίνουσιν
580 523 740 613 ’ὀργάνοις
762 527 814 592 καὶ
844 542 914 606 τοῖς
936 527 972 593 τὸ
998 531 1185 614 περίττωμα
1213 530 1271 616 τῆς
1293 530 1419 614 τροφῆς
1441 528 1495 594 καὶ

348 647 418 711 τοῖς
444 632 480 700 τὸ
510 634 624 711 σκέλος
651 637 783 699 κινοῦσι
806 635 860 700 καί
888 649 957 713 τοῖς
985 634 1045 702 τὸν
1074 634 1161 701 πόδα
1189 635 1243 701 καὶ
1272 633 1350 713 τοὺς
1378 634 1496 702 δακτύ-

282 747 441 826 ςςρλους,
469 738 511 807 tv
538 735 574 805 θ’
606 736 625 825 ῆ
656 741 659 827 i
689 743 825 826 καρδία,
858 739 939 807 κατά
967 740 1027 808 τὸν
1060 739 1164 808 αὐτὸν
1195 740 1329 830 τρόπον.
1380 739 1497 820 οὕτως,

349 844 452 933 οἶμαι,
474 845 529 912 καὶ
553 850 610 932 τῆς
633 851 748 932 φωνῆς
772 847 1018 934 έκπεμπομένης
1041 848 1096 915 διὰ
1120 852 1177 935 τῆς
1199 849 1372 936 φάρυγγος
1395 845 1498 915 οὐδέν

315 981 327 1018 ,ο
350 952 470 1020 κωλύει
488 952 548 1020 τὸν
568 953 752 1039 ἐγκέφαλον
767 963 875 1021 αἴτιον
894 951 1054 1040 ὑπάρχειν
1073 958 1131 1040 τῆς
1149 955 1280 1042 πρώτης
1297 958 1355 1040 τῆς
1369 955 1497 1041 φάρυγ-

348 1088 407 1146 γος
429 1059 598 1146 κινήσεως.
643 1058 726 1128 ὥστε
756 1069 831 1128 ίσον
860 1066 905 1127 ε”τι
930 1063 1019 1147 μένει
1049 1060 1086 1128 τὸ
1112 1061 1314 1149 ζητούμενον
1339 1063 1371 1142 έξ
1394 1057 1498 1150 ἀρχῆς

349 1164 450 1234 οὐδὲν
480 1172 515 1233 ἔκ
542 1171 662 1252 γετοῦ
685 1169 894 1254 φαινομένου
917 1166 999 1253 πρὸς
1022 1165 1200 1255 οὐδέτερον
1227 1172 1295 1234 τῶν
1319 1167 1497 1254 δογμάτων

349 1275 529 1341 έπικλῐναν.
574 1271 619 1353 ὡς
646 1273 710 1363 γάρ
734 1274 786 1340 έπὶ
809 1279 867 1360 τῆς
889 1273 970 1342 κατὰ
995 1271 1056 1360 τῆν
1084 1274 1201 1342 κύστιν
1225 1276 1278 1342 καὶ
1307 1273 1369 1360 τῆν
1393 1275 1497 1363 ἕδραν

348 1380 510 1467 κινήσεως
533 1378 660 1467 άδηλον
689 1377 830 1468 ὑπῆρχε,
853 1380 994 1466 πότερον
1028 1382 1208 1466 ἐγκέφαλος
1235 1375 1254 1467 ῆ
1284 1384 1404 1464 καρδία
1434 1381 1498 1467 τῆν

311 1515 334 1550 ιο
348 1484 455 1576 άρχῆν
479 1493 560 1575 ἔχει,
588 1485 669 1555 κατὰ
693 1487 753 1556 τὸν
782 1485 886 1555 αὐτὸν
913 1485 1040 1574 τρόπον
1064 1488 1119 1553 ἐπί
1138 1514 1172 1554 τε
1196 1491 1312 1574 φωνῆς
1339 1488 1393 1556 καὶ
1416 1484 1498 1554 άνα-

348 1598 454 1681 πνοῆς
483 1592 606 1682 ὁμοίως
643 1601 689 1662 ἔτι
722 1593 868 1680 άδηλον,
906 1591 1067 1681 ὁπότερον
1099 1598 1167 1661 τῶν
1199 1593 1398 1680 σπλάγχνων
1431 1599 1497 1680 ἔχει

349 1699 411 1786 τῆν
438 1698 630 1788 ἡγεμονίαν.
676 1699 775 1786 άλλά,
804 1698 849 1780 ὡς
876 1707 1006 1787 εἴρηταί
1029 1727 1085 1787 μοι
1112 1702 1167 1767 καὶ
1195 1701 1361 1787 πρόσθεν,
1392 1697 1411 1786 ῆ
1439 1703 1499 1786 τῆς

349 1807 475 1886 θέσεως
507 1807 646 1895 έγγάτης
683 1808 857 1895 ἑκατέρους
893 1809 1083 1887 ἐξαπατῶσα
1122 1814 1311 1892 φαντασίαν
1344 1805 1501 1875 άποτελει·

349 1917 416 1980 τῶν
453 1913 632 2001 λημμάτων
669 1911 713 1993 ὥς
752 1915 1015 1999 έπιστημονικῶν
1053 1940 1086 1980 τε
1121 1915 1175 1980 καὶ
1210 1913 1293 2000 πρὸς
1324 1912 1498 1995 ἀπόδειξιν

311 2045 334 2084 ιτ
350 2021 558 2106 ἐπιτηδείων·
587 2017 628 2088 οὐ
650 2019 718 2108 μῆν
742 2018 828 2088 οὕτω
853 2047 888 2105 γε
913 2025 978 2104 ἔχει
1001 2016 1152 2105 τάληθές.
1197 2018 1216 2088 ὅ
1243 2046 1277 2087 τε
1305 2020 1369 2108 γὰρ
1392 2017 1497 2088 άπάν-

348 2155 416 2195 των
443 2125 550 2214 άρχῆν
577 2125 819 2214 ὑποτιθέμενος
848 2124 933 2193 εἶναι
961 2124 1023 2212 τῆν
1045 2130 1188 2213 καρδίαν
1219 2124 1279 2193 οὐκ
1308 2124 1497 2213 εὐλαβηθῆι
1563 2209 1569 2216 ¹

384 2355 467 2412 4διά
488 2354 633 2428 φάρυγγος
652 2358 815 2411 ΜΑΒΟλιΚ
840 2353 887 2410 διά
908 2358 958 2411 τοῦ
984 2377 1013 2425 φ.
1034 2357 1055 2410 L
1082 2353 1130 2410 διὰ
1151 2359 1199 2425 τῆς
1218 2379 1248 2426 φ.
1273 2375 1331 2412 nos.
1352 2390 1386 2396 —
1412 2360 1497 2426 ῦτῆς

348 2426 401 2498 πρὸ
426 2450 474 2498 της
497 2431 557 2498 (sic)
582 2431 631 2484 τοῦ
657 2451 686 2498 φ.
707 2431 728 2484 L
762 2430 811 2495 τῆς
839 2426 892 2494 πρὸ
921 2430 970 2496 τῆς
999 2449 1028 2497 φ,
1053 2429 1217 2483 MABChK
1240 2429 1290 2496 τῆς
1312 2424 1424 2497 πρώτης
1446 2431 1497 2498 τῆς

348 2521 378 2569 φ.
403 2519 460 2555 nos.
488 2533 523 2540 —
543 2508 559 2554 6
578 2497 639 2555 ἶσον
663 2501 719 2554 LM
743 2501 803 2552 ίσον
821 2500 960 2552 ABc'hK.
980 2531 1014 2538 -
1038 2507 1053 2554 8
1074 2496 1228 2554 έπιτλίνειν
1247 2500 1411 2554 ΜΑΒΟλιΚ
1436 2496 1497 2556 ἔπι-

348 2574 446 2626 τλίναν
465 2573 486 2624 L
507 2568 654 2626 ἒπικλίναν
673 2589 730 2626 nos.
750 2601 785 2610 —
808 2566 879 2623 κατά
900 2567 997 2623 κύστιν
1016 2570 1148 2624 MABuh
1173 2567 1245 2624 κατὰ
1265 2568 1317 2639 τὴν
1336 2592 1361 2625 τι,
1381 2572 1440 2626 LK.
1461 2604 1495 2612 -

350 2649 383 2696 16
403 2639 523 2714 εὐλαβὴς
542 2642 620 2697 ἔσται
638 2643 659 2695 L
680 2637 906 2712 εὖλαβηθῆσεται
926 2642 990 2694 MA.
1012 2674 1044 2680 -

348 2880 566 2944 instrumenta
589 2878 715 2942 urinam
739 2881 772 2940 et
799 2877 864 2940 oibi
893 2881 1097 2940 excrementa
1122 2878 1304 2940 emittentia
1328 2883 1361 2942 ct
1389 2879 1428 2942 ad
1448 2901 1496 2960 ea,

348 3008 430 3070 quae
454 3008 527 3050 crus
550 2984 602 3048 vel
625 2984 739 3068 pedem
767 2984 819 3049 vel
842 2983 963 3068 digitos
987 2987 1132 3066 movent,
1160 2983 1343 3069 descendet,
1374 2985 1402 3047 si
1431 3006 1495 3055 cor.

349 3093 461 3157 eodem
485 3092 589 3156 modo.
643 3089 696 3155 Sic
726 3113 853 3175 quoque
881 3114 943 3156 vox
973 3091 1051 3154 licet
1077 3111 1134 3174 per
1162 3111 1311 3173 asperam
1341 3091 1493 3155 arteriam

349 3199 531 3281 emittatur,
553 3197 650 3279 nihil,
674 3197 802 3281 opinor,
832 3203 894 3277 cst,
923 3221 978 3261 cur
1002 3197 1168 3261 cerebrum
1192 3197 1346 3260 motionis
1370 3197 1494 3280 primae

349 3305 487 3369 arteriae
512 3327 610 3369 causa
634 3308 666 3367 ct
694 3304 785 3387 origo
811 3327 969 3368 essenon
997 3304 1111 3387 possit.
1157 3303 1316 3379 Quocirca
1343 3303 1492 3388 relinqui-

347 3415 402 3476 tur
424 3411 552 3496 integra
575 3433 625 3474 res
650 3434 669 3474 a
692 3411 855 3494 principio
874 3411 1035 3494 quaesita,
1058 3413 1215 3495 quantum
1239 3411 1279 3474 ad
1302 3433 1371 3474 rem
1395 3410 1494 3474 mani-

347 3519 475 3601 festam,
498 3519 533 3583 in
550 3522 702 3582 neutrum
721 3519 883 3582 decretum
906 3517 1075 3582 inclinans.
1112 3517 1390 3592 Quemadmodum
1409 3517 1492 3581 eninr

347 3626 386 3690 de
409 3626 536 3690 vesicae
561 3625 707 3709 sedisque
732 3629 823 3690 motu
846 3625 1005 3690 incertum
1030 3624 1160 3705 mansit,
1184 3624 1351 3688 cerebrum
1376 3647 1417 3688 an
1440 3645 1494 3688 cor

348 3732 416 3795 eius
451 3735 536 3794 essct
564 3732 670 3814 origo,
704 3733 750 3795 sic
783 3732 821 3795 de
854 3753 931 3796 voce
965 3736 998 3794 ct
1024 3731 1238 3814 respiratione
1267 3752 1368 3814 aeque
1397 3728 1492 3794 dubia

348 3837 453 3902 adhuc
476 3861 526 3901 res
555 3843 617 3920 est,
646 3838 685 3900 ad
713 3843 822 3902 utrum
850 3838 957 3902 viscus
987 3838 1188 3922 principatus
1222 3837 1265 3900 sit
1296 3836 1492 3899 deferendus.

349 3944 424 4028 Sed,
454 3948 491 4007 ut
520 3967 617 4027 supra
640 3944 706 4008 iam
735 3945 857 4009 dictum
881 3949 946 4027 cst,
975 3945 1057 4008 situs
1087 3945 1237 4008 vicinitus
1265 3947 1420 4027 utrosque
1448 3943 1491 4004 ita

348 4051 481 4134 decipit,
525 4054 561 4114 ut
599 4052 797 4117 spartianum
835 4053 1033 4136 elegantium
1069 4052 1109 4115 ad
1146 4049 1491 4133 demonstrandumque

348 4157 666 4223 accommodatarum
695 4159 833 4242 speciem
864 4159 992 4240 offerat,
1025 4180 1097 4221 cum
1125 4158 1222 4241 longe
1250 4156 1346 4220 aliter
1374 4155 1491 4220 veritas

348 4287 382 4328 se
405 4263 534 4329 habeat.
579 4264 711 4328 Etenim
737 4267 769 4326 et
791 4264 856 4345 ille,
879 4263 935 4347 qui
959 4265 1103 4328 omnium
1127 4263 1323 4347 principium
1347 4283 1402 4326 cor
1426 4282 1490 4326 csse

348 4371 477 4454 statuit,
509 4393 575 4435 non
602 4371 650 4434 ita
687 4369 854 4434 oculorum
891 4369 990 4434 situm
1017 4393 1221 4454 nequaquam
1249 4369 1324 4433 huic
1352 4368 1489 4434 vicinum
