3376 5144
621 401 865 466 -779-

160 565 315 650 τέμνειν,
338 560 417 641 τοὺς
441 560 476 628 (ΙΙ
504 557 724 648 ὑπερβάλλειν
751 563 798 638 εἰς
821 555 882 626 οὐκ
910 561 1033 626 οἰκεῖον
1055 561 1101 648 τῷ
1124 559 1316 650 τεμνομένφ

162 673 312 756 πλῆθος,
337 668 493 754 ἑκάτερον
515 663 627 734 αὐτῶν
651 664 669 734 ὁ
698 663 915 753 Ἱπποκράτης
937 663 1148 752 μεμφόμενος
1171 666 1208 732 έν
1231 662 1317 755 άρχῄ

162 776 232 863 μὲν
254 779 315 843 τοῦ
338 781 472 861 βιβλίου
494 774 571 841 τάδε
603 778 699 860 φησί·
725 771 793 852 ετάς
815 773 929 860 μέντοι
952 778 1175 858 πολντροπίας
1196 770 1256 851 τὰς
1279 773 1317 839 έν

163 881 337 970 ‘sesemet
377 886 444 950 τῶν
483 880 618 950 νούσων
655 880 710 947 καὶ
742 877 805 966 την
837 883 1058 967 πολυσχιδίην
1089 874 1218 946 αὐτέων
1255 874 1317 945 οὐκ

162 987 332 1076 “ἠγνόουν
357 993 456 1072 ἔνιοι,
486 985 565 1066 τοὺς
593 985 630 1054 δὲ
659 983 827 1074 ἀριθμοὺς
854 985 994 1053 ἑκάστου
1021 989 1089 1054 τῶν
1118 985 1342 1072 νοσημάτων(

163 1093 274 1182 Ισάφα
297 1096 470 1174 ἐθέλοντες
497 1093 634 1181 φράζειν
658 1090 720 1160 οὐκ
748 1089 861 1178 ὀρθῶς
891 1096 1050 1180 ἔγραψαν.
1095 1090 1140 1178 μὴ
1170 1089 1234 1178 γὰρ
1261 1091 1315 1158 καὶ

164 1197 245 1268 ‘oda
286 1197 514 1287 εὐαρίθμητον
550 1191 586 1289 ᾖ,
628 1205 659 1266 εἰ
697 1199 821 1288 τουτέφ
858 1223 908 1277 τις
939 1213 1133 1284 σημανεΐται
1160 1197 1317 1284 τὴντῶν

164 1307 380 1394 Ικαμνόντων
402 1310 544 1392 νοῦσον,
572 1305 608 1374 τὸ
638 1307 752 1392 ἕτερον
779 1309 840 1373 τοῦ
868 1305 981 1391 ἑτέρου
1005 1305 1178 1391 διαφέρειν
1199 1333 1247 1390 τι,
1271 1303 1316 1391 μὴ

165 1409 289 1481 ’τώυτὸ
315 1413 351 1480 (ΙΙ
374 1412 506 1500 νόσημα
530 1414 660 1481 δοκέειν
683 1410 786 1498 εἶναι,
814 1408 857 1499 ἢν
884 1409 928 1499 μὴ
956 1407 1062 1479 τώυτὸ
1087 1409 1215 1498 οὕνομα
1239 1413 1317 1500 ἔχη]

166 1521 223 1586 έπΙ
262 1518 299 1586 (ΙΙ
331 1523 399 1587 τῶν
429 1520 578 1607 ἰαμάτων
611 1526 752 1607 ἔμπαλιν
784 1517 829 1598 (ὃς
866 1517 1071 1586 ἐλλιπόντων
1107 1513 1219 1585 αὐτῶν
1251 1509 1319 1586 ὧδέ
1332 1543 1357 1580 ιο

165 1625 239 1706 πιάς
262 1646 356 1712 φησι·
402 1627 468 1693 ’καὶ
499 1624 541 1694 οὐ
568 1631 699 1713 μοῦνον
728 1625 784 1693 διὰ
815 1629 913 1694 τοῦτο
938 1621 999 1694 οὐκ
1022 1625 1178 1709 έπαινέω,
1201 1620 1286 1693 tert
1310 1625 1315 1714 Ι

166 1731 234 1801 ‘tn
258 1733 317 1810 etuti¹
336 1730 478 1820 ὀλίγοισι
505 1732 566 1800 τὸν
589 1730 738 1821 ἀριθμὸν
766 1748 852 1801 τοῖσι
883 1729 992 1800 άκέεσι
1016 1731 1190 1820 ἐχρέοντο.’
1236 1731 1316 1818 μετὰ
1328 1750 1383 1806 784

168 1837 205 1906 δὲ
244 1842 348 1907 ταῦτα
380 1838 559 1926 προλαβὼν
593 1837 631 1907 τὸ
667 1843 711 1931 τῷ
744 1839 953 1927 προβλήματι
990 1837 1241 1926 χρησιμώτατον
1278 1835 1319 1906 οὐ

167 1949 288 2033 σαφῶς
324 1943 428 2015 αὐτοῦ
463 1945 526 2034 τὴν
562 1944 660 2014 λύσιν
693 1952 816 2035 ἔγραψε
848 1947 903 2014 καὶ
942 1945 997 2013 διὰ
1028 1949 1128 2014 τοῦτο
1165 1942 1318 2034 ἠγνοήθη

210 2205 222 2252 1
244 2194 350 2260 τοιςδ’
370 2199 464 2252 Μ.-
489 2194 574 2260 3τάς
593 2197 689 2268 μέντοι
708 2218 733 2251 κ.
753 2217 775 2250 τ.
794 2201 816 2249 λ
836 2196 869 2249 de
889 2199 940 2250 rat
961 2196 1054 2250 vict'
1047 2215 1076 2249 1n
1095 2197 1242 2252 morbac.
1263 2199 1318 2252 vol.

170 2271 211 2336 ΙΙ,
229 2288 257 2339 p
277 2276 329 2323 226
348 2271 369 2322 L
390 2270 443 2324 vol.
464 2271 540 2339 Hp
543 2275 620 2323 .289
640 2269 714 2322 Erm.
735 2267 831 2322 Galen.
851 2283 948 2322 comm.
968 2265 1026 2334 XV,
1046 2283 1073 2336 p
1093 2273 1318 2322 ces-4210-

169 2345 238 2425 λσση
239 2342 316 2394 ιδίαν
336 2341 416 2396 codd.
436 2341 550 2395 edd.-
575 2335 670 2393 αὐτῶν
693 2339 775 2394 codd.
794 2337 909 2394 edd-
938 2344 997 2392 Ιτι
1016 2337 1097 2392 codd.
1116 2337 1231 2392 edd.-
1256 2345 1318 2393 Bu

171 2407 203 2465 τὸ
223 2405 420 2480 μὴάοτόνδὲ
440 2412 519 2466 codd.
535 2412 643 2465 eddn-
665 2403 736 2478 Ιῆν
755 2405 792 2479 μή
812 2405 882 2463 τωτό
902 2403 1010 2494 οὕνομα
1024 2402 1118 2462 MA
1101 2428 1137 2477 ην
1151 2404 1233 2478 μήπω
1252 2406 1318 2464 τού

171 2481 433 2554 ναμαΒΟΙιΚ-
466 2477 832 2552 1οΙημάτωνοοάἀ.θ(Ι(Ι.
859 2475 985 2550 ἰαμάτων
1008 2496 1123 2534 noa-
1147 2487 1178 2534 11
1205 2480 1255 2534 καὶ
1283 2476 1317 2536 oo’

171 2575 238 2609 (ιτ.
259 2500 1110 2641 r.l.1.v01.11‚.pbbchol.11‚p.nssnrm.oalen.
1134 2551 1318 2621 llum.

231 2621 319 2695 μόνον
339 2625 417 2680 codd.
437 2597 555 2680 edd.-
576 2631 608 2679 ΙΙ
628 2630 717 2678 τοισιν
735 2570 819 2678 άκεσι
834 2622 964 2692 χρέονται
983 2622 1062 2679 codd.
1081 2621 1196 2679 edd-
1218 2629 1249 2678 13
1268 2619 1319 2679 τὸν

174 2697 256 2753 codd.
276 2696 338 2750 edd
357 2692 388 2750 τὸ
409 2696 488 2752 Corn
508 2729 541 2736 —

172 2937 294 3001 magna
329 2919 378 2978 est
411 2936 534 2999 eorum,
567 2914 600 2978 in
633 2935 715 2998 quae
749 2915 888 2990 secatur,
925 2913 1115 2998 multitudo,
1148 2919 1321 3000 utrumque

173 3022 391 3108 Hippocrates
415 3021 448 3086 in
472 3020 634 3106 principio
658 3019 735 3085 libri
757 3019 809 3084 his
833 3019 940 3084 verbis
964 3019 1186 3104 reprehendit:
1229 3020 1319 3086 ‘Va-

173 3131 254 3196 rias
277 3132 405 3194 tamen
428 3128 646 3193 morborum
674 3128 917 3214 singulorum
944 3125 1090 3192 formas
1123 3126 1319 3212 multipli-

174 3256 330 3319 cemque
350 3258 477 3300 eorum
495 3234 731 3300 divisionem
749 3257 823 3299 non
846 3233 1129 3319 ignoraverunt
1150 3233 1319 3320 qnidam,

175 3347 214 3407 at
242 3364 419 3407 numeros
448 3342 691 3428 singulorum
720 3342 941 3408 morborum
970 3342 1168 3409 evidenter
1195 3343 1320 3426 expli-

175 3469 261 3513 care
281 3470 362 3513 cum
382 3449 541 3533 vellent,
563 3472 638 3515 non
657 3453 760 3514 recte
785 3447 822 3512 id
846 3449 1008 3533 scriptis
1032 3450 1320 3516 mandaverunt.

175 3554 323 3620 Vereor
337 3556 449 3640 enim,
463 3579 508 3621 ne
522 3578 679 3621 numero
695 3555 967 3641 comprehendi
981 3556 1101 3621 facile
1114 3563 1320 3642 nequeant,

176 3661 207 3726 si
232 3662 317 3745 quis
341 3685 383 3726 ex
407 3685 448 3729 eo
478 3665 768 3751 aegrotantium
796 3665 953 3730 morbos
977 3665 1184 3729 aestimare
1209 3666 1320 3748 velit,

176 3769 276 3854 quod
305 3769 404 3834 alter
432 3770 477 3834 ab
506 3772 631 3836 altero
660 3771 857 3856 paululum
886 3770 1047 3835 differat
1074 3793 1196 3856 neque
1220 3773 1319 3838 idem

177 3897 260 3940 esse
284 3875 475 3961 videatur,
497 3877 574 3942 nisi
599 3880 728 3944 eodem
751 3879 906 3944 nornine
926 3878 1168 3963 appelletur?
1204 3877 1254 3944 De
1273 3901 1320 3944 re·

177 3983 291 4048 mediis
317 4007 442 4067 rursus,
474 3987 587 4068 utpote
619 4007 755 4071 quorum
783 4007 899 4051 mance
926 3985 1126 4050 enumeratio
1155 3985 1213 4069 sit,
1239 3986 1321 4051 haec

177 4087 243 4153 fere
267 4089 359 4155 dicit:
383 4089 476 4156 ‘Nec
501 4093 628 4157 solum
646 4091 743 4157 hanc
763 4093 808 4157 ob
829 4114 983 4157 oausam
1003 4113 1067 4157 eos
1091 4114 1167 4157 non
1188 4093 1321 4176 laudo,

178 4193 241 4258 sed
274 4197 372 4280 quod
404 4200 539 4283 paucis
573 4201 689 4265 etiam
719 4222 875 4264 numero
905 4199 1085 4264 remediis
1118 4201 1176 4264 usi
1211 4199 1319 4265 sunt’

177 4301 257 4368 Post
278 4303 360 4368 haec
384 4327 456 4370 cum
479 4308 729 4390 praesumsisset
752 4307 794 4391 id,
817 4306 903 4391 quod
926 4307 1108 4391 quaestioni
1132 4308 1319 4391 propositae

178 4407 387 4476 utilissimum
412 4418 510 4497 esset,
537 4436 603 4479 non
632 4414 712 4479 satis
736 4414 804 4479 eins
828 4413 1020 4480 solutionem
1050 4412 1212 4497 expedivit
1233 4413 1320 4478 ideo·
