3298 5136
625 426 868 492 -am-

173 583 209 652 a}
238 583 418 669 ἐγκέφαλος
444 588 483 671 τῇ
516 582 664 672 φάρυγγι
701 582 853 670 συνεχής·
883 579 945 651 οὐκ
972 581 1037 670 άρα
1072 585 1105 664 ἐξ
1138 582 1323 670 ἐγκεφάλου

173 690 386 775 έκπέμπεται.’
436 688 516 776 μετὰ
540 689 576 756 δὲ
599 695 722 758 τοῦτον
746 689 807 758 τὸν
834 690 937 776 λόγον
961 683 1062 770 αὖθις
1084 691 1198 779 ἕτερον
1221 693 1322 778 ἐχρῆν

173 797 361 884 ἐρωτᾶσθαι
402 794 440 864 τὸ
474 797 691 884 συμπέρασμα
728 801 839 884 λῆμμα
875 797 1120 885 ποιησάμενον,
1156 794 1201 875 ὡς
1237 795 1322 864 εἶναι

172 901 318 972 τοιόνδε
344 901 439 970 ’ὅθεν
464 900 600 990 ἡφωνὴ
621 905 826 990 ἐκπέμπεται,
850 906 980 972 ἐκεῖθεν
998 906 1053 972 καλ
1072 901 1092 990 ἡ
1113 909 1322 990 σημαίνουσα

173 1008 282 1096 φωνή,
301 1007 504 1078 τουτέστινό
525 1008 632 1096 λόγος.
679 1011 713 1076 ἐκ
732 1009 768 1076 δὲ
788 1014 941 1089 διανοίας
961 1009 979 1078 ὁ
999 1010 1098 1096 λόγος
1118 1011 1349 1098 transportans

174 1112 257 1183 ἀλλὰ
281 1113 342 1184 οὐκ
366 1118 401 1184 ἐκ
418 1121 480 1184 τοῦ
499 1116 695 1202 ἐγκεφάλου·
721 1113 782 1184 οὐκ
801 1115 865 1206 όιρα
885 1118 922 1183 ἐν
940 1121 984 1208 τῷ
1005 1115 1173 1208 ἐγκεφάλῳ
1193 1115 1322 1203 ἐστλνὴ

176 1221 331 1290 διάνοια.’
369 1222 456 1291 οὕτω
475 1223 536 1310 μέν
551 1225 651 1310 ἐχρῆν
667 1221 858 1310 ἡρωτῆσθαι
876 1223 956 1305 τοὺς
969 1223 1091 1310 λόγους
1105 1222 1169 1292 ὑπὸ
1183 1227 1244 1291 τοῦ
1261 1222 1321 1310 Ζή-

176 1355 293 1414 νωνος,
313 1335 344 1397 εί
355 1329 462 1416 μηδὲν
475 1334 543 1398 τῶν
557 1330 736 1417 λημμάτιον
755 1327 874 1417 ἤμελλε
893 1331 973 1418 μήτε
987 1330 1322 1420 παραλειφθήσεσθαι

176 1435 257 1522 μήτε
281 1437 316 1504 ἐκ
339 1440 494 1524 περιττοῦ
516 1437 853 1524 παραληφθήσεσθαι.
890 1441 995 1504 ἔνεστι
1020 1437 1056 1504 δὲ
1079 1438 1134 1504 καὶ
1154 1434 1322 1523 συντομιό-

175 1567 274 1630 τερον
293 1547 338 1610 ἐτι
359 1542 440 1612 κατὰ
459 1543 557 1611 τόνδε
576 1541 636 1610 τὸν
659 1543 784 1628 τρόπον
802 1545 963 1631 ἐρωτῆσαι
983 1545 1153 1612 συνθέντα
1170 1541 1251 1622 τοὺς
1269 1541 1322 1610 λό-
1337 1567 1362 1604 1⁰

176 1675 257 1734 γους
284 1645 494 1736 ἀμφοτέρους
520 1652 552 1729 ἐς
575 1647 710 1717 ταύτόν·
744 1647 778 1718 ’ὁ
802 1649 901 1735 λόγος
929 1649 985 1717 διὰ
1013 1649 1186 1738 φάρυγγος
1209 1650 1322 1735 ἐκπέμ-

176 1781 278 1824 πεται.
323 1761 391 1825 πᾶν
418 1756 455 1826 δὲ
478 1755 515 1826 τὸ
545 1755 600 1824 διά
628 1783 719 1836 τινος
742 1755 990 1844 ἐκπεμπόμενον
1019 1758 1053 1824 ἐκ
1081 1762 1150 1825 τῶν
1173 1761 1322 1842 συνεχῶν

176 1859 265 1953 αὐτῷ
289 1871 419 1950 μορίων
442 1866 644 1951 ἐκπέμπεται.
681 1863 763 1932 ὥστε
786 1866 839 1932 καὶ
860 1861 878 1932 ό
903 1863 1001 1949 λόγος
1025 1865 1150 1933 ἐκτῶν
1173 1867 1323 1952 συνεχῶν

175 1973 215 2057 τῇ
252 1969 398 2058 φάρυγγι
436 1977 566 2058 μορίων
603 1972 806 2058 ἐκπέμπεται.
865 1972 1047 2056 ἐγκέφαλος
1082 1971 1117 2038 δὲ
1157 1968 1218 2039 οὐκ
1254 1976 1322 2038 ἐστι
1388 2043 1391 2054 ,

177 2075 317 2162 συνεχὴς
344 2082 382 2166 τῇ
411 2076 571 2164 φάρυγγι·
596 2073 657 2146 οὐκ
680 2075 744 2166 ἄρα
772 2079 806 2159 ἐξ
834 2077 1018 2163 ἐγκεφάλου
1041 2075 1059 2143 ό
1088 2077 1187 2163 λόγος
1210 2078 1323 2164 ἐκπέμ-
1339 2099 1362 2136 ι’·

178 2207 286 2267 πεται,
310 2179 393 2252 aar&
418 2185 452 2251 ἐκ
476 2187 533 2270 τῆς
556 2189 709 2262 διανοίας
733 2185 970 2270 [ἐκπέμπεταιγ
999 2179 1060 2251 οὐκ
1087 2181 1151 2270 ἄρα
1175 2184 1212 2250 ἐν
1235 2185 1322 2269 ἐγκε-

178 2289 273 2380 φάλῳ
298 2291 388 2357 ἐστὶν
411 2288 430 2378 ἡ
456 2290 610 2359 διάνοια.’
648 2291 750 2372 ἔξεστι
770 2290 807 2357 δέ
832 2289 987 2376 δηλονότι
1011 2288 1125 2356 καὶτὸ
1149 2289 1389 2376 κυριεῦονλκίδ

209 2493 230 2540 Ι3
251 2484 436 2556 συμπέρασμα
456 2481 486 2541 τό
507 2487 537 2552 ta]
543 2508 560 2557 μ
584 2508 601 2540 α
621 2487 642 2540 L
662 2481 692 2539 τό
714 2505 736 2541 o.
752 2487 858 2542 λΜΑ.
880 2519 905 2524 -
933 2481 998 2540 tri
1018 2479 1090 2540 ὅθεν
1110 2485 1188 2538 codd.
1208 2485 1270 2539 edd.
1289 2480 1320 2539 τό

180 2557 342 2612 delevimus.
359 2591 384 2596 -
411 2565 426 2612 6
441 2553 510 2612 ἀλλὰ
528 2507 642 2612 „stota
657 2559 687 2612 L.
703 2589 735 2598 -
752 2565 767 2612 9
782 2552 1063 2624 παραληφθήσεσδαι
1077 2556 1132 2610 LM
1147 2559 1322 2625 παραλειφδ.

180 2631 211 2682 Α.
234 2660 265 2668 -
298 2636 330 2682 10
354 2623 458 2696 τρόπον
479 2630 533 2682 LM
560 2626 644 2698 λόγον
663 2629 799 2682 ABChK.
820 2661 852 2668 -
878 2625 1009 2698 ἐρωτίσαι
1033 2628 1062 2681 Ii.
1089 2659 1119 2666 -
1141 2627 1266 2682 συνθέτα
1284 2627 1321 2680 M.

180 2695 305 2754 ovetensi
321 2700 343 2753 L
364 2698 506 2755 συνθέντα
522 2703 553 2754 Α.
574 2733 603 2741 -
628 2707 660 2754 14
679 2701 716 2754 roi
732 2721 762 2785 φ.
777 2701 798 2754 L
813 2701 851 2755 id.
870 2703 976 2770 postea.
992 2731 1024 2739 -
1047 2706 1079 2753 15
1093 2693 1175 2768 λόγος
1193 2699 1222 2752 Μ
1241 2693 1256 2752 ό
1276 2693 1322 2752 λό-

179 2789 226 2839 γος
244 2772 306 2825 LA.
327 2801 359 2810 -
382 2777 413 2826 16
437 2765 506 2825 άλλά
526 2771 573 2824 καλ
593 2767 625 2826 ta
644 2772 698 2826 ML
723 2768 793 2826 αλλὰ
815 2767 846 2826 ἐκ
869 2775 902 2826 Δ.
925 2803 956 2810 —-
983 2765 1157 2840 ἐκπέμπεται
1175 2773 1241 2840 post
1263 2772 1322 2823 δια·

178 2843 258 2904 τοίας
280 2841 358 2896 uncis
376 2842 546 2897 inclusimus.

180 3047 288 3106 autem
322 3043 490 3107 continens
523 3042 660 3106 arteriae
696 3043 877 3126 cerebrum,
915 3065 931 3106 e
964 3041 1095 3105 cerebro
1127 3041 1227 3124 igitur
1257 3061 1324 3104 non

180 3148 360 3213 emittitur?
407 3149 487 3212 Post
513 3147 597 3214 hanc
621 3149 860 3215 conclusionem
889 3150 991 3212 altera
1022 3148 1070 3212 ita
1097 3151 1166 3210 erat
1189 3147 1322 3210 interro-

179 3255 296 3340 ganda,
320 3259 355 3318 ut
374 3257 536 3320 conclusio
556 3255 627 3339 ipsa
649 3257 741 3321 fieret
755 3257 883 3339 sumtio,
906 3257 939 3321 in
957 3255 1043 3319 huno
1062 3254 1205 3317 modum:
1229 3253 1324 3316 ‘unde

180 3385 242 3436 vox
270 3362 443 3444 emittitur,
475 3363 547 3426 inde
581 3363 678 3426 etiam
707 3363 894 3448 significans
926 3386 1002 3444 vos,
1034 3360 1096 3426 hoc
1125 3363 1174 3424 est
1206 3358 1324 3442 oratio,

180 3469 342 3534 emittitur
362 3475 472 3533 autem
491 3491 507 3532 e
527 3473 634 3534 mente
654 3469 768 3553 oratio,
791 3491 856 3534 non
871 3491 888 3533 e
905 3469 1049 3552 cerebr03
1072 3489 1139 3530 non
1157 3471 1207 3530 est
1225 3465 1325 3550 igitur

180 3577 213 3640 in
238 3576 370 3641 cerebro
398 3575 509 3640 mens'
555 3576 626 3640 Hoc
654 3575 749 3640 modo
774 3575 895 3642 Zenoni
922 3573 1168 3659 interrogandae
1195 3573 1326 3637 fuerunt

180 3683 412 3765 conclusiones,
427 3682 454 3746 si
473 3683 596 3746 nullam
616 3683 810 3746 sumtionem
825 3683 1112 3767 praetermissurus
1132 3683 1189 3746 aut
1201 3679 1324 3744 nullam

181 3811 456 3873 supervacaneam
486 3787 683 3852 admissurus
712 3793 789 3854 erat.
836 3791 1037 3874 Quamquam
1062 3789 1160 3854 etiam
1184 3787 1325 3870 pressius

181 3897 382 3981 interrogare
401 3895 487 3978 licet,
506 3895 533 3958 si
551 3899 703 3979 utrasque
718 3896 860 3960 rationes
876 3897 910 3960 in
924 3919 1021 3960 unam
1041 3895 1248 3978 contraxeris,
1266 3896 1325 3958 ita:

181 4003 299 4067 ‘oratio
314 4025 371 4086 per
386 4024 535 4084 asperam
556 4002 709 4068 arteriam
726 4003 897 4088 emittitur3
914 4027 1009 4068 omne
1028 4007 1146 4086 autem,
1164 4002 1249 4086 quod
1268 4023 1326 4084 per

181 4109 303 4193 aliquid
319 4109 487 4192 emittitur,
506 4131 523 4173 e
543 4109 782 4174 contineutibus
800 4109 849 4174 illi
862 4111 1016 4193 'partibus
1036 4110 1206 4190 emittitur;
1225 4107 1327 4192 igitur

181 4219 215 4279 et
228 4215 332 4279 oratio
349 4216 618 4282 econtinentibus
634 4215 771 4280 arteriae
791 4217 938 4298 partibus
954 4215 1121 4279 emittitur.
1149 4213 1324 4280 (terebrum

181 4327 290 4388 autem
313 4325 443 4388 nonest
462 4323 629 4389 continens
651 4323 798 4406 arteriae,
820 4345 885 4388 non
909 4322 1046 4408 igiturc
1070 4321 1201 4386 cerebro
1221 4322 1325 4386 oratic

182 4429 351 4513 emittitur,
371 4431 426 4496 sed
446 4453 462 4494 c
483 4433 598 4513 mente,
612 4453 677 4496 uon
692 4431 725 4495 in
740 4431 871 4495 cerebro
886 4429 987 4516 igitur
1001 4427 1112 4494 mens'.
1148 4428 1325 4497 Possumus
