3300 5146
627 427 871 496 -275—

169 582 328 672 δυνάμεις
346 583 414 676 ὅλῳ
432 589 477 678 τῷ
497 586 586 671 γένει
600 585 826 674 διαφερούσας
839 582 1004 673 ἀλλήλων,
1022 585 1084 672 τὴν
1102 585 1165 673 μὲν
1182 584 1319 673 ἄλογον,

167 689 230 778 τὴν
259 690 295 758 δὲ
323 690 471 780 λογικήν.
522 690 632 780 ὥσπερ
659 690 723 779 γὰρ
751 693 785 773 ἐξ
803 688 951 780 Ὁμήρου
976 693 1031 760 καὶ
1050 691 1212 762 Ἡσιόδου
1239 699 1319 781 βρα·

168 798 227 884 χέα
258 799 454 886 παρεθέμην
486 795 588 890 ὀλίγῳ
625 797 777 886 πρόσθεν
806 790 855 866 ὧν
885 795 903 866 6
937 797 1131 889 Χρύσιππος
1163 805 1319 889 ἔγραψεν,

168 902 274 984 οὕτως
297 906 329 985 ἐξ
351 901 494 993 Ὀρφέως
518 907 574 973 καὶ
595 902 854 992 Ἐμπεδοκλέους
880 906 934 973 καὶ
962 913 1128 994 Τυρταίου
1153 908 1208 974 καὶ
1233 913 1319 994 Στη-

168 1010 305 1100 σιχόρου
326 1013 382 1079 καλ
402 1008 590 1099 Εὐριπίδου
612 1013 667 1080 καὶ
692 1012 815 1100 ἑτέρων
837 1015 985 1098 ποιητῶν
1009 1013 1097 1081 ἐπῶν
1116 1013 1345 1101 μνημονεύειε

166 1117 371 1207 παμπόλλων
399 1116 521 1206 ὁμοίαν
548 1118 695 1206 ἐχόντων
718 1115 874 1204 ιἰτοπίαν,
903 1111 978 1187 οἷον
1003 1119 1060 1188 καὶ
1089 1118 1171 1188 ὅταν
1199 1122 1317 1210 έπαινῖ

171 1231 337 1312 Τυρταῖον
360 1226 500 1312 λέγοντα

257 1333 424 1413 αίθωνος
447 1332 484 1400 δὲ
507 1334 642 1464 λέοντος
665 1337 751 1420 ἔχων
773 1334 811 1401 έν
833 1331 973 1419 στήθεσι
995 1333 1130 1421 θυμόν.’

170 1436 220 1507 ὅτι
244 1438 366 1526 μὲν
329 1466 394 1527 γαρ
418 1445 483 1526 ἔχει
508 1437 525 1508 6
550 1441 637 1508 λε’ωυ
659 1438 785 1529 θυμόν,
809 1436 999 1528 ἆκριβως”
973 1466 1119 1521 απαντες
1141 1439 1317 1531 ἄνθρωποι

167 1546 222 1613 καί
250 1543 377 1633 πρίν’
359 1550 500 1614 ακοῦσαι
533 1553 699 1635 Τυρταίου
721 1545 946 1634 γινώσκομεν,
975 1544 1017 1615 οὐ
1043 1546 1111 1635 μὴν
1134 1555 1328 1654 Χρυσίππῳ
1333 1573 1358 1612 1⁰

167 1679 205 1739 με
234 1659 351 1742 ἔπρεπε
382 1653 597 1742 παραθέσθαι
630 1652 668 1721 τὸ
702 1659 780 1732 ἔπος
806 1649 1045 1745 ἀφαιρουμένῳ
1076 1653 1156 1735 τοὺς
1181 1657 1318 1736 λέοντας

160 1758 228 1828 etv
250 1759 375 1848 θυμόν.
421 1757 523 1829 οὐδὲν
549 1759 630 1889 ρᾶρ,
657 1757 703 1840 ὡς
730 1769 850 1846 οίεται,
876 1787 944 1828 των
967 1757 1101 1858 ίιλόηων
1125 1762 1217 1855 ζώων
1241 1763 1317 1832 οὔτε

166 1863 204 1934 τὸ
227 1865 473 1955 seponere*
432 1893 508 1936 ουτε
530 1865 568 1936 td
599 1866 905 1955 έπνθυμητιιιὸν
865 1894 942 1936 ουτε
964 1866 1001 1937 τὸ
1026 1868 1217 1955 λογιστικὸν
1240 1877 1317 1958 ἔχει,

167 1969 266 2058 ἄλλα,
298 1970 344 2052 ὥς
375 1979 505 2062 είρηταί
533 2001 591 2062 μοι
622 1975 678 2044 καὶ
710 1973 793 2044 κατὰ
824 1974 862 2044 τὸ
890 1979 1024 2064 πρῶτον
1051 1974 1200 2065 γρίμμα,
1228 2002 1317 2064 παρα

166 2082 277 2148 πᾶσαν
303 2077 367 2166 τὴν
399 2082 570 2168 ἐνέργειαν
599 2078 823 2170 ἀφαιροῦιπαι
850 2086 919 2170 τῶν
946 2085 1130 2171 εἰρημένων
1158 2080 1317 2152 ἁπάντων
1332 2107 1356 2145 ¹⁵

167 2183 251 2254 αὐτὰ
275 2185 396 2274 σχεδὸν
415 2186 556 2267 ἅπαντες
579 2192 615 2256 οί
631 2195 785 2257 Στωϊκοί.
826 2196 987 2278 Τυρταῖος
1010 2191 1050 2257 δέ
1069 2217 1119 2276 ys,
1139 2197 1144 2274 Ι
1164 2189 1316 2279 καθάπερ
1325 2209 1383 2266 sle

170 2326 381 2336 ----.-—-

202 2378 311 2440 4οῧτω
325 2379 508 2440 ABGhKoii
510 2386 668 2448 τωςΜ-
686 2393 778 2456 θπαμ
739 2380 1314 2513 αμπόλωνΜ-είἨὲΤοριταουοοδδ

167 2455 230 2595 ρρίιδ.
238 2451 357 2583 45qu
323 2476 358 2526 νη
390 2473 449 2512 nos.
483 2456 696 2527 —8Tyrtaei
719 2457 811 2528 fragm
843 2457 908 2511 XIII
935 2456 1011 2528 apud

1073 2458 1135 2528 rglr.
1157 2459 1228 2515 Poet
1215 2460 1315 2530 tl.yr

166 2730 300 2796 thorace
323 2733 357 2795 et
375 2729 506 2814 pectore
526 2749 596 2792 esse
615 2731 779 2795 testantur
797 2731 849 2795 vel
871 2730 952 2795 duas
972 2752 1042 2795 esse
1062 2728 1190 2796 animae
1212 2729 1314 2794 facul-

166 2841 251 2902 tates
274 2841 346 2902 toto
370 2836 455 2901 inter
478 2857 512 2900 se
536 2856 653 2920 genere
677 2836 912 2922 discrepantes,
934 2859 1047 2921 unam,
1070 2859 1153 2922 quae
1175 2836 1313 2901 rationis

167 2966 290 3028 expers,
313 2943 460 3027 alteram,
483 2965 565 3028 quae
588 2943 754 3028 particeps
778 2943 830 3008 sit
870 2943 957 3010 Nam
980 2944 1252 3029 quemadmodum
1276 2967 1315 3008 ex

165 3050 310 3116 Homero
340 3054 373 3114 et
395 3049 540 3116 Hesiodo
567 3071 672 3134 pauca
699 3050 857 3134 quaedam
885 3052 983 3135 paulo
1011 3054 1086 3115 ante
1115 3051 1254 3135 apposui
1277 3072 1314 3114 ex
1373 3057 1376 3066 ’

165 3158 217 3243 iis,
241 3179 323 3243 quae
343 3156 548 3241 Chrysippus
573 3157 752 3242 exscripsit,
775 3157 823 3222 ita
845 3157 977 3242 Orphei,
1000 3157 1218 3242 Empedoclis,
1236 3157 1315 3241 Tyr-

165 3267 245 3350 taei,
283 3263 476 3347 Stesichori,
511 3263 679 3348 Euripidis
712 3267 957 3350 oeterorumque
994 3267 1165 3350 poetarum
1202 3285 1314 3329 versus

166 3371 324 3456 plurimos
353 3393 426 3436 cum
454 3369 556 3436 simili
588 3369 802 3454 perversitate
830 3371 937 3455 affert,
965 3370 1054 3436 velut
1081 3393 1155 3436 cum
1181 3370 1315 3456 Tyrtaei

165 3479 247 3544 illud
269 3479 397 3545 laudat:

277 3585 372 3650 ‘iram
397 3584 541 3650 ardentis
564 3583 688 3648 habeus
711 3585 746 3650 in
768 3589 900 3669 pectore
922 3585 1053 3669 vimque
1077 3584 1203 3651 leonis?

165 3692 308 3758 Leonem
332 3693 419 3758 enim
441 3694 525 3756 iram
548 3690 668 3756 habere
688 3691 787 3756 etiam
810 3691 1001 3777 priusquam
1024 3691 1201 3775 Tyrtaeum
1224 3692 1313 3756 audi·

165 3801 321 3884 serimus,
345 3821 457 3864 omnes
485 3797 634 3863 homines
664 3798 760 3882 plane
787 3800 949 3884 norimus3
979 3795 1166 3883 Chrysippo
1194 3802 1313 3882 tamen,

166 3907 285 3991 quippe
304 3907 359 3991 qui
377 3906 487 3970 leones
505 3905 556 3969 ira
574 3904 726 3988 privaret,
743 3905 931 3989 neutiquam
951 3905 1166 3972 conveniebat
1184 3927 1313 3971 versum

165 4012 258 4078 illum
289 4013 482 4078 adscribere.
541 4011 677 4077 Nullum
713 4012 798 4076 enim
836 4013 967 4076 brutum
1001 4011 1123 4076 animai
1160 4012 1313 4096 opinatur

163 4141 267 4205 neque
290 4119 478 4186 iracundam
501 4139 603 4203 neque
623 4121 830 4202 appetentem
854 4141 957 4204 neque
981 4119 1107 4184 ratione
1131 4119 1312 4202 praeditam

164 4231 292 4312 partem
315 4227 449 4310 habere,
478 4224 547 4309 sed,
571 4225 656 4310 quod
679 4225 714 4290 in
738 4225 843 4309 primo
868 4226 967 4290 etiam
991 4225 1076 4291 libro
1100 4225 1180 4309 dixi,
1202 4223 1311 4292 Stoici

163 4335 231 4399 fere
255 4356 367 4400 omnes
391 4333 472 4399 haec
495 4331 606 4398 omnia
629 4355 649 4396 a
671 4332 775 4396 brutis
799 4333 834 4398 in
857 4333 945 4397 omni
964 4331 1092 4396 actione
1117 4331 1312 4398 abiudioant.

163 4441 325 4527 Tyrtaeus
353 4445 478 4524 autem,
509 4439 594 4504 sicut
626 4439 725 4504 etiam
753 4437 915 4504 Homerus
948 4440 981 4502 et
1007 4435 1169 4502 Hesiodus
1198 4441 1245 4522 et,
1277 4442 1314 4503 ut

1043 4559 1097 4617 18*
