3298 5136
633 421 873 484 -167-

173 575 210 644 dl
235 573 340 644 αὐτοῦ
361 602 412 656 τις
434 579 497 662 μῦς
515 571 579 643 ἀπὸ
599 574 784 662 ἐγκεφάλου
803 575 980 662 δεχόμενος
1002 578 1134 660 νεῦρον.
1170 573 1261 654 ὅστις
1284 575 1319 642 δὲ

171 684 228 750 καὶ
242 683 317 770 περὶ
331 685 430 750 τοῦδε
444 685 624 768 πεισθῆναι
641 681 748 748 ἐθέλει
757 686 910 767 βεβαίως,
923 681 1029 772 τούτῳ
1045 682 1223 768 γέγραπται
1238 680 1321 768 πρὸς

172 787 269 878 ἡμῶν
287 786 507 876 ὑπομνήματα
526 788 601 873 δύο,
619 786 701 856 κατὰ
720 786 825 874 μόνας
844 787 1010 875 ἑκάτερον,
1033 789 1071 855 ’ἐν
1088 787 1150 875 μὲν
1173 785 1320 868 ἅπαντας

170 894 251 976 τοὺς
273 899 337 983 μῦς
354 892 454 964 ὁποία
475 895 513 963 τί
529 896 619 963 ἐστιν
638 895 785 981 ἐνέργεια
804 891 882 962 καθ’
904 895 1044 962 ἕκαστον
1061 890 1205 982 ἀκριβῶς
1228 894 1319 961 διδοί-

171 1021 267 1087 σκον,
290 1003 404 1090 ἕτερον
432 1001 469 1070 δὲ
495 999 557 1088 τὴν
585 1005 653 1068 τῶν
680 999 811 1088 νεύρων
834 1006 881 1081 είς
903 997 1027 1079 αύτούς
1053 998 1162 1088 νομὴν
1184 1000 1352 1086 diaboti-s

169 1135 284 1196 μενον.
321 1107 362 1177 ού
385 1106 453 1196 μὴν
474 1105 558 1175 ἀλλά
581 1109 636 1175 καί
660 1109 697 1176 ἐν
719 1124 791 1188 ταῖς
809 1106 1023 1195 ἀνατομικοῖς
1042 1106 1244 1194 ἐμχειρήσεσι
1263 1108 1318 1175 καὶ

169 1217 336 1302 τοῖςπερὶ
364 1221 475 1302 χρείας
497 1221 625 1303 μορίοιν
648 1211 884 1304 ὑπομνήμασιν
906 1216 957 1282 ἐπὶ
984 1215 1087 1282 πλέον
1108 1210 1191 1300 ὑπὲρ
1215 1210 1316 1283 ἁπάν-

169 1349 239 1389 των
256 1321 387 1390 τούτων
406 1323 559 1409 διέξιμεν.
595 1319 677 1390 ῶσιε
697 1318 837 1401 οὐδενὸς
855 1327 902 1390 ἔτι
921 1325 1080 1410 προσδεῖν
1098 1317 1180 1408 ἡμῖν
1198 1326 1316 1402 ἔοικεν,

168 1425 254 1496 ἀλλὰ
272 1426 548 1516 ὁμολογουμένως
568 1429 571 1516 l
593 1428 698 1520 εἀντῶ
716 1429 823 1496 τεκαὶ
845 1444 916 1509 τοῖς
934 1430 1081 1514 ἐναργῶς
1098 1431 1381 1517 φαινομένοιςοιρ

168 1532 308 1622 ὑπάρχει
340 1538 443 1603 πᾶσιν
474 1531 581 1622 ἀρχὴν
612 1538 680 1602 τῶν
714 1534 845 1622 νεύρων
881 1535 1065 1622 ἐγκέφαλον
1095 1538 1270 1623 τιθέμενος
1296 1536 1356 1606 dio

168 1640 277 1728 λόχος.
319 1639 405 1710 οὕτω
431 1640 467 1709 δὲ
489 1641 544 1708 καί
567 1645 636 1709 τῶν
659 1639 827 1728 ἀρτηριῶν
850 1643 1060 1729 ἐπεδείξαμεν
1083 1638 1190 1729 ἀρχὴν
1212 1640 1328 1732 ὑπάρ-

166 1767 296 1834 χουσαν
318 1745 380 1835 τὴν
399 1750 552 1833 καρδίαν·
581 1744 631 1816 ὄτι
660 1747 696 1815 δὲ
724 1749 779 1816 καί
801 1752 870 1816 τῶν
897 1751 1031 1835 φλεβῶν
1053 1745 1137 1836 ἀρχὴ
1165 1747 1202 1817 τὸ
1227 1742 1315 1838 ἧπάρ

167 1855 275 1938 ἐστιν,
313 1856 350 1922 ἐν
380 1867 451 1934 τοῖς
485 1855 601 1942 ἐφεξῆς
631 1852 916 1942 ἀποδειχθήσεται.
972 1855 1120 1923 ἐνταῦθα
1153 1847 1217 1924 οὖν
1249 1855 1313 1945 ἤδη

166 1961 381 2042 καταπαύσας
402 1959 440 2030 τὸ
459 1964 592 2048 πρῶτον
610 1966 743 2047 βιβλίον
761 1963 813 2029 ἐπί
832 1960 872 2030 τὰ
891 1965 1012 2050 συνεχῆ
1035 1975 1105 2042 τοϊς
1123 1959 1313 2050 ἀποδεδειγ-

166 2069 282 2154 μένοις
305 2069 342 2135 ἐν
364 2064 453 2160 αὐτῷ
476 2066 558 2136 κατὰ
581 2066 617 2136 τὸ
643 2067 801 2157 δεύτερον
822 2070 995 2157 τρέψομαι.
1035 2161 1040 2168 ὴ
1328 2094 1353 2134 ιι

169 2207 371 2214 -----——-——--—

203 2269 219 2318 2
243 2257 340 2318 ἐθέλοι
368 2263 388 2320 C
417 2265 482 2320 cett.
511 2259 607 2320 ἐθέλει
638 2281 697 2320 nos.
721 2295 756 2304 -
784 2271 801 2319 4
823 2259 966 2318 διδάσκων
989 2263 1009 2319 C
1034 2259 1172 2322 διδάσκον
1196 2267 1253 2322 cni.
1279 2299 1310 2307 -

169 2342 202 2390 10
221 2333 379 2422 τνβέρενμς.
417 2327 531 2391 odeat)
554 2339 619 2392 cett.
642 2357 666 2390 τ.
692 2330 707 2391 ὁ
732 2330 822 2421 λόχος.
851 2329 1004 2421 ούτωμρε.
1024 2367 1057 2419 -.
1083 2343 1115 2390 12
1139 2327 1216 2408 ἧπαρ
1236 2333 1312 2393 ἐστίν

167 2405 187 2462 C
207 2404 265 2460 Can
284 2425 362 2475 ηπαρ
381 2401 458 2462 ἔστιν
475 2405 524 2461 Ch.
544 2439 575 2448 -
598 2414 631 2463 15
651 2402 682 2462 ἒν
702 2402 794 2462 §norm
812 2407 832 2462 C
852 2401 884 2462 ἒν
903 2426 981 2479 ανιῳ
1000 2406 1059 2461 (lul.
1079 2438 1112 2448 -

336 2527 381 2536 -ι

166 2587 299 2673 aliquis,
326 2588 380 2673 qui
408 2610 425 2652 e
453 2589 585 2655 cerebro
613 2611 748 2654 nervum
781 2589 931 2673 suscepit.
982 2587 1044 2654 Sed
1075 2588 1172 2654 huius
1208 2591 1254 2654 rei
1281 2591 1311 2656 si

166 2696 239 2781 quis
258 2695 410 2780 graviora
429 2701 621 2781 argumenta
635 2717 829 2782 cognoscere
848 2695 927 2780 vult,
946 2695 981 2760 in
1000 2695 1069 2760 eius
1083 2719 1179 2762 usum
1198 2697 1312 2783 scripti

166 2803 299 2868 anobis
319 2807 395 2868 sunt
412 2801 489 2867 libri
508 2803 579 2887 duo,
602 2806 735 2888 uterque
755 2803 940 2888 separatim,
964 2803 1054 2888 alter,
1072 2805 1128 2889 qui
1147 2805 1310 2872 musculos

165 2931 278 2975 omnes
310 2931 456 2994 quaeque
490 2909 644 2994 cuiusque
679 2910 723 2974 sit
751 2911 850 2993 actio,
881 2910 1054 2996 diligenter
1081 2911 1191 2995 docet,
1218 2912 1310 2996 alter,

164 3016 219 3101 qui
251 3038 424 3082 nervorum
456 3016 491 3080 in
522 3016 685 3083 musculos
717 2995 981 3082 distributionem
1013 3039 1141 3082 omnem
1169 3018 1310 3101 exponit.

164 3119 316 3188 Ceterum
345 3123 444 3188 etiam
467 3124 501 3188 in
525 3123 717 3190 anatomicis
741 3122 1079 3188 administrationibus
1103 3127 1136 3186 et
1159 3122 1193 3186 in
1216 3122 1309 3188 libris

163 3229 202 3294 de
231 3252 291 3294 usu
319 3230 462 3314 partium
489 3229 594 3295 fusius
622 3231 661 3296 de
690 3231 839 3295 omnibus
867 3229 918 3295 his
947 3230 1043 3294 rebus
1072 3251 1091 3293 a
1117 3229 1212 3295 nobis
1247 3229 1309 3294 dis-

163 3339 306 3419 putatur.
363 3335 469 3412 Quare
501 3336 581 3402 hseo
613 3336 792 3420 disputatio
825 3336 909 3401 nihil
941 3337 1081 3420 amplius
1117 3337 1308 3422 desiderare,

164 3441 220 3508 sed
247 3443 311 3507 sibi
339 3447 372 3507 et
400 3442 550 3508 omnibus
579 3442 634 3526 iis,
662 3464 744 3528 quae
773 3442 935 3508 evidentia
963 3447 1052 3526 sunt,
1080 3443 1308 3509 convenienter

162 3550 330 3615 cerebrum
357 3571 529 3615 nervorum
562 3550 721 3636 originem
755 3571 874 3633 ponere
910 3548 1045 3614 videtur.
1101 3548 1170 3614 Nec
1201 3551 1306 3616 minus

162 3656 244 3721 satis
262 3656 430 3722 docuimus
450 3657 644 3721 arteriarum
663 3677 719 3721 cor
738 3677 807 3720 esse
827 3656 999 3743 originem3
1023 3678 1178 3720 venarum
1198 3661 1306 3722 autem

162 3783 233 3826 esse
260 3762 349 3826 iecur
375 3763 410 3828 in
437 3764 646 3849 sequentibus
676 3762 960 3828 demonstrabitur.
1005 3762 1077 3828 Hoc
1104 3763 1206 3850 igitur
1233 3764 1306 3830 loco

162 3868 269 3953 primo
297 3868 383 3935 libro
410 3871 476 3935 iam
503 3872 600 3934 finem
629 3871 795 3954 imponam
824 3873 856 3934 et
884 3869 924 3934 sd
948 3892 998 3952 ea,
1026 3891 1107 3954 quae
1131 3870 1307 3938 cohaerent

162 3997 236 4040 cum
258 3975 314 4059 iis,
337 3997 418 4060 quae
441 3974 663 4042 demonstrata
690 3979 778 4059 sunt,
805 3977 839 4040 in
868 3977 1007 4042 secundo
1035 3999 1086 4041 me
1110 3982 1305 4044 convertam.
