3298 5136
755 367 999 433 -192-

300 531 467 594 τείνονται
495 523 557 612 μὲν
580 550 644 612 γαρ
668 527 704 592 οἳ
723 552 757 592 τε
780 523 862 592 κατὰ
886 524 948 592 τὸν
974 524 1114 614 θῶρακα
1142 524 1222 613 μύες
1248 524 1390 607 άπαντες
1417 529 1453 596 οἵ

301 660 335 700 τε
358 631 440 701 κατὰ
464 633 693 720 ἐπιγάστριον,
721 630 857 699 ἐπειδάν
880 631 1008 720 θελήσῃ
1032 637 1187 720 φωνῆσαι
1215 631 1252 701 τὸ
1278 639 1377 725 ζῷον,
1405 640 1451 714 είς

300 739 398 807 τάσιν
425 737 467 826 δή
495 765 571 805 τινα
599 739 654 805 καὶ
677 744 811 825 κίνησιν
835 735 1011 824 άγόμενοι,
1038 743 1097 826 τῆς
1128 745 1267 829 καρδίας
1290 739 1452 829 οὐδεμίαν

302 849 339 914 ἐν
366 847 473 937 τούτῳ
501 847 667 930 νεωτέραν
696 846 918 931 έπικτωμένης
946 846 1128 933 ἐνέργειαν·
1158 844 1199 914 οὐ
1227 846 1295 934 μὴν
1322 846 1386 935 ἤδη
1414 850 1454 934 γέ

275 975 352 1020 Γιιτω
375 952 412 1020 τὸ
436 952 590 1020 κάτωθεν
613 948 869 1040 ἀναφερόμενον
892 955 1033 1037 πνεῦμα,
1056 954 1136 1038 πρὶν
1161 950 1226 1020 ὑπὸ
1251 965 1312 1021 τοῦ
1330 955 1451 1042 λάρυγ-

302 1087 360 1146 γος
384 1061 632 1147 ρυθμισθῆναι,
656 1051 779 1144 φωνῆς’
795 1065 859 1145 ἔχει
884 1059 994 1142 ἰδέαν,
1018 1055 1116 1142 ἀλλά,
1145 1057 1190 1137 ῶς
1218 1069 1344 1148 είρηται
1372 1061 1452 1149 πρό-

303 1176 400 1251 σθεν,
424 1165 636 1251 ἐκφυσήσεως
658 1164 778 1251 μόνης,
806 1163 851 1244 ῶς
874 1161 1090 1251 ἀπεδείξαμεν
1119 1167 1156 1232 ἐν
1177 1170 1217 1254 τῇ
1240 1169 1314 1257 περὶ
1338 1172 1454 1255 φωνῆς

236 1278 516 1361 Ξθθπραγματείᾳ.
548 1275 553 1358 Ι
584 1272 790 1357 πληττομένη
818 1270 882 1359 γάρ
913 1269 978 1339 ὑπὸ
1008 1273 1076 1337 τῶν
1101 1269 1185 1338 κατά
1212 1272 1273 1341 τὸν
1301 1274 1451 1361 λάρυγγα

303 1379 459 1466 χόνδρων
483 1374 558 1446 οἷον
583 1376 647 1447 ὑπὸ
672 1377 849 1468 πλήκτρων
870 1380 973 1445 τινῶν
1000 1373 1021 1462 ἡ
1047 1377 1229 1464 ἐκφάσησις
1251 1377 1334 1466 αὕτη
1354 1379 1451 1467 φωνὴ

264 1506 289 1547 ro
303 1493 440 1573 γίνεται.
495 1483 663 1570 σύγκειται
701 1485 738 1551 δέ
775 1484 793 1552 ὁ
827 1484 951 1572 λάρυγξ
984 1484 1019 1550 ἐκ
1059 1488 1163 1570 τριῶν
1194 1484 1349 1573 χόνδρων
1382 1483 1448 1553 ὑπὸ

303 1596 398 1680 μνῶν
420 1595 554 1659 πολλῶν
577 1592 797 1678 κινουμένων.
843 1589 932 1669 ὅστις
960 1589 996 1656 δὲ
1020 1588 1038 1657 δ
1066 1591 1188 1678 τρόπος
1212 1593 1279 1660 ἐστὶ
1303 1596 1361 1679 τῆς
1384 1596 1452 1660 τῶν

304 1700 459 1787 χόνδρων
502 1698 691 1777 συστάσεως
740 1693 760 1784 ἢ
806 1701 864 1784 τῆς
903 1701 972 1764 τῶν
1018 1703 1114 1783 μυῶν
1155 1698 1332 1786 κινήσεως,
1379 1699 1451 1785 ἐμοὶ

304 1807 366 1895 μέν
403 1807 439 1872 ἐν
475 1820 547 1884 ταῖς
582 1806 656 1891 περὶ
692 1803 822 1871 τούτων
860 1808 996 1881 οἰκείαις
1031 1812 1268 1892 πραγματείαις
1305 1803 1451 1892 ἀκριβῶς

305 1923 444 2000 είρηται·
475 1927 545 1990 τοῖς
573 1911 608 1978 δὲ
641 1908 705 1979 άπὸ
732 1915 791 1996 τῆς
813 1911 940 1988 θέσεως
967 1909 1072 1997 μόνης
1102 1913 1326 2000 ἐπιχειροῦσιν
1349 1909 1451 1979 οὐδὲν

278 2024 373 2088 ῦτῶν
403 2018 567 2090 τοιούτων
599 2016 803 2103 γινώσκεται.
861 2015 998 2084 κάπειτα
1030 2018 1262 2106 θαυμάζουσιν
1295 2021 1453 2106 ἐξαίφνης

304 2125 509 2205 ἀκούσαντες
528 2126 560 2206 ἐξ
579 2121 764 2210 ἐγκεφάλου
784 2130 940 2211 γίνεσθαι
958 2121 1021 2210 τὴν
1040 2125 1172 2211 φωνήν·
1193 2132 1240 2194 ἐτι
1260 2126 1297 2192 δέ
1315 2130 1454 2212 μάλλον,

342 2359 355 2406 1
376 2345 502 2411 άταντες
522 2367 575 2404 om.
591 2347 620 2403 C.
641 2380 673 2387 -
694 2355 709 2401 2
729 2346 769 2409 είς
789 2343 885 2401 στάσιν
900 2347 929 2400 Μ
947 2348 977 2401 in
995 2364 1084 2417 marg.
1104 2349 1164 2403 cod.
1184 2370 1226 2417 γρ.
1246 2343 1293 2411 εἰς’
1306 2345 1399 2416 τάσιν;
1419 2351 1452 2405 cf.

306 2424 404 2493 Progr.
423 2425 448 2491 Ι,
469 2428 497 2486 7,
517 2427 541 2474 2.
565 2452 598 2460 —
625 2417 691 2473 3di
711 2419 798 2473 καὶΟ
823 2416 859 2486 δή
883 2439 946 2472 τινα
965 2419 1013 2471 καὶ
1032 2419 1098 2473 MA.
1123 2452 1156 2458 -
1184 2428 1261 2474 outo
1280 2417 1452 2475 κάτωθενῦ

305 2515 349 2548 πω
368 2490 399 2547 τὸ
420 2513 445 2548 κ,
464 2493 531 2547 MA.
552 2523 585 2531 —
611 2498 641 2546 11
663 2486 721 2543 ἐστὶ
744 2491 801 2543 τῶν
819 2490 848 2543 Μ
873 2485 931 2544 ἐστὶ
950 2491 999 2558 τῆς
1022 2491 1079 2543 τῶν
1104 2490 1163 2546 CA.
1183 2523 1216 2532 —
1244 2498 1276 2546 14
1298 2488 1395 2562 μόνοις
1415 2493 1451 2546 Μ.

307 2597 339 2605 -
362 2573 394 2620 16
412 2559 464 2618 ὑπ’
486 2558 646 2632 ἐγκεφάλου
666 2561 696 2616 C.
715 2591 749 2601 -

305 2773 391 2838 Nam
416 2775 449 2835 et
472 2771 615 2835 thoracis
639 2773 672 2833 et
695 2768 893 2852 abdominie,
916 2769 973 2833 ubi
997 2769 1117 2834 animal
1146 2793 1258 2836 vocem
1281 2772 1374 2836 edere
1398 2795 1453 2838 vo-

305 2879 412 2963 luerit,
431 2878 569 2943 musculi
589 2898 699 2941 omnes
719 2876 947 2939 distenduntur
965 2877 1105 2960 quodam
1124 2878 1220 2943 modo
1236 2882 1269 2942 et
1282 2882 1454 2943 moventur

305 2985 646 3070 ita,utcor11ullam
669 3006 788 3048 novam
813 2987 845 3045 et
864 2982 1081 3046 adventiciam
1106 2984 1267 3049 actionem
1292 2985 1452 3070 acquirat3

304 3115 408 3177 neque
428 3092 544 3176 magis,
567 3113 640 3155 cum
660 3091 702 3154 ab
725 3089 878 3153 inferiore
901 3088 973 3153 loeo
994 3112 1121 3154 sursum
1143 3092 1288 3156 ascendit
1311 3092 1453 3175 spirituo,

304 3201 369 3264 nisi
392 3198 482 3283 prius
510 3201 709 3281 temperetur
731 3196 951 3279 formeturque
975 3219 995 3259 a
1022 3197 1171 3281 laryngc,
1199 3199 1288 3263 vocis
1312 3198 1452 3282 speciem

306 3307 416 3389 habet,
440 3305 504 3388 scd,
528 3308 564 3368 ut
588 3304 830 3387 supradictum
855 3307 914 3384 est,
936 3296 1150 3386 ε’κφυσὴσεως
1172 3304 1286 3388 solino,
1310 3304 1395 3388 quod
1419 3305 1452 3368 in

305 3417 449 3477 tractatu
469 3413 507 3476 de
531 3433 609 3475 voce
637 3410 938 3475 demonstravimus
984 3410 1168 3474 Percutitur
1191 3411 1277 3475 enim
1305 3411 1451 3496 laryngis

306 3519 556 3604 cartilaginibus
586 3517 719 3600 perinde
748 3541 785 3582 ac
822 3516 946 3601 plectro
984 3516 1081 3580 huius
1113 3519 1241 3602 generis
1275 3519 1451 3602 exspiratio

307 3631 403 3710 atrpue
423 3627 471 3691 ita
489 3627 521 3689 in
543 3647 654 3689 vocem
674 3625 753 3688 abit.
790 3622 921 3707 Larynx
944 3623 1050 3707 ipseo
1070 3624 1175 3687 tribus
1195 3625 1452 3710 cartilaginibus

306 3755 388 3816 quae
412 3733 523 3797 multis
548 3732 703 3796 musculis
727 3735 910 3813 moventur,
934 3735 1071 3794 cunstat,
1118 3730 1206 3806 Quae
1234 3754 1298 3815 qua
1325 3732 1452 3797 ratione

306 3839 487 3905 consistant
513 3861 638 3923 (jusque
662 3838 799 3903 musculi
823 3842 1027 3921 moveantur,
1055 3841 1092 3901 ut
1116 3861 1135 3900 a
1158 3860 1208 3901 me
1232 3839 1267 3903 in
1293 3839 1387 3903 libris
1412 3838 1452 3902 ad

305 3947 338 4010 id
361 3946 470 4030 ipsum
493 3946 684 4029 compositis
709 3945 789 4009 satis
814 3945 1010 4029 explicatum
1039 3948 1103 4027 est,
1131 3944 1179 4008 ita
1203 3944 1244 4008 ab
1267 3945 1321 4029 iis,
1354 3945 1409 4029 qui
1433 3968 1452 4008 a

307 4055 372 4118 situ
395 4057 522 4117 tantum
548 4056 825 4137 argumentantur,
848 4051 932 4116 nihil
954 4053 1141 4137 percipitur.
1182 4052 1264 4115 Tum
1287 4074 1363 4117 vero
1387 4056 1452 4114 stu-

305 4165 398 4243 pent,
431 4183 504 4224 oum
535 4159 766 4243 necopinatum
797 4159 879 4222 illud
907 4160 1101 4242 audiverint,
1134 4181 1151 4222 e
1180 4159 1310 4224 cerebro
1338 4181 1451 4223 vocem

306 4267 417 4350 creari,
440 4272 537 4350 atquo
561 4267 666 4351 magis
691 4267 803 4348 etiam,
827 4288 899 4330 cum
923 4266 1099 4331 dixerimus
1124 4289 1234 4331 omncs
1265 4271 1372 4330 motus
1396 4289 1451 4330 vo·

305 4374 464 4438 huitarios
484 4375 702 4440 musculorum
723 4374 831 4438 officio
846 4375 1022 4458 procurari,
1045 4374 1206 4438 mirantur
1225 4377 1257 4436 ct
1280 4371 1451 4437 incredibi-
