<?xml version="1.0" encoding="UTF-8"?>
<!DOCTYPE html PUBLIC "-//W3C//DTD XHTML 1.0 Transitional//EN"
    "http://www.w3.org/TR/xhtml1/DTD/xhtml1-transitional.dtd">
<html xmlns="http://www.w3.org/1999/xhtml" xml:lang="en" lang="en">
 <head>
  <title>
</title>
<meta http-equiv="Content-Type" content="text/html;charset=utf-8" />
  <meta name='ocr-system' content='tesseract 3.04.00' />
  <meta name='ocr-capabilities' content='ocr_page ocr_carea ocr_par ocr_line ocrx_word'/>
</head>
<body>
  <div class='ocr_page' id='page_1' title='image "./claudiigalenide02mlgoog/claudiigalenide02mlgoog_0176.png"; bbox 0 0 3298 5136; ppageno 0'>
   <div class='ocr_carea' id='block_1_1' title="bbox 627 398 869 462">
    <p class='ocr_par' dir='ltr' id='par_1_1' title="bbox 627 398 869 462">
     <span class='ocr_line' id='line_1_1' title="bbox 627 398 869 462; baseline 0.004 -1"><span class='ocrx_word' id='word_1_1' title='bbox 627 398 869 462; x_wconf 78' lang='lat'>-159-</span> 
     </span>
    </p>
   </div>
   <div class='ocr_carea' id='block_1_2' title="bbox 167 552 1359 2138">
    <p class='ocr_par' dir='ltr' id='par_1_2' title="bbox 167 552 1359 2138">
     <span class='ocr_line' id='line_1_2' title="bbox 170 552 1318 642; baseline 0.004 -20"><span class='ocrx_word' id='word_1_2' title='bbox 170 557 207 623; x_wconf 82' lang='grc' dir='ltr'><strong><em>ἐκ</em></strong></span> <span class='ocrx_word' id='word_1_3' title='bbox 236 553 367 624; x_wconf 86' lang='grc' dir='ltr'><strong><em>τούτων</em></strong></span> <span class='ocrx_word' id='word_1_4' title='bbox 389 561 547 622; x_wconf 87' lang='grc' dir='ltr'><strong><em>τίθεσθαι</em></strong></span> <span class='ocrx_word' id='word_1_5' title='bbox 580 557 717 634; x_wconf 79' lang='grc' dir='ltr'><strong><em>δικαίως</em></strong></span> <span class='ocrx_word' id='word_1_6' title='bbox 743 552 850 642; x_wconf 78' lang='grc' dir='ltr'><strong><em>ἀρχὴν</em></strong></span> <span class='ocrx_word' id='word_1_7' title='bbox 878 552 1037 624; x_wconf 72' lang='grc' dir='ltr'><strong><em>ἁπάντων</em></strong></span> <span class='ocrx_word' id='word_1_8' title='bbox 1068 560 1136 626; x_wconf 89' lang='grc' dir='ltr'><strong><em>τῶν</em></strong></span> <span class='ocrx_word' id='word_1_9' title='bbox 1166 555 1249 625; x_wconf 81' lang='grc' dir='ltr'><strong><em>κατὰ</em></strong></span> <span class='ocrx_word' id='word_1_10' title='bbox 1280 556 1318 627; x_wconf 86' lang='grc' dir='ltr'><strong><em>τὸ</em></strong></span> 
     </span>
     <span class='ocr_line' id='line_1_3' title="bbox 169 658 1319 753; baseline 0.004 -26"><span class='ocrx_word' id='word_1_11' title='bbox 169 663 265 748; x_wconf 89' lang='grc' dir='ltr'><strong><em>σῶμα</em></strong></span> <span class='ocrx_word' id='word_1_12' title='bbox 293 665 353 729; x_wconf 89' lang='grc' dir='ltr'><strong><em>τοῦ</em></strong></span> <span class='ocrx_word' id='word_1_13' title='bbox 381 660 467 753; x_wconf 73' lang='grc' dir='ltr'><strong><em>ζῴου</em></strong></span> <span class='ocrx_word' id='word_1_14' title='bbox 499 660 640 747; x_wconf 88' lang='grc' dir='ltr'><strong><em>νεύρων.</em></strong></span> <span class='ocrx_word' id='word_1_15' title='bbox 695 661 764 728; x_wconf 77' lang='grc' dir='ltr'><strong><em>ἐπεὶ</em></strong></span> <span class='ocrx_word' id='word_1_16' title='bbox 796 659 834 728; x_wconf 71' lang='grc' dir='ltr'><strong><em>δὲ</em></strong></span> <span class='ocrx_word' id='word_1_17' title='bbox 861 658 942 730; x_wconf 68' lang='grc' dir='ltr'><strong><em>οὐδὲ</em></strong></span> <span class='ocrx_word' id='word_1_18' title='bbox 969 667 1034 750; x_wconf 81' lang='grc' dir='ltr'><strong><em>ἔχει</em></strong></span> <span class='ocrx_word' id='word_1_19' title='bbox 1066 666 1171 752; x_wconf 82' lang='grc' dir='ltr'><strong><em>νεῦρα</em></strong></span> <span class='ocrx_word' id='word_1_20' title='bbox 1201 663 1319 747; x_wconf 80' lang='grc' dir='ltr'><strong><em>πολλά,</em></strong></span> 
     </span>
     <span class='ocr_line' id='line_1_4' title="bbox 167 763 1317 859; baseline 0.003 -25"><span class='ocrx_word' id='word_1_21' title='bbox 167 773 283 854; x_wconf 78' lang='grc' dir='ltr'><strong><em>μεῖζον</em></strong></span> <span class='ocrx_word' id='word_1_22' title='bbox 297 763 341 834; x_wconf 83' lang='grc' dir='ltr'><strong><em>διν</em></strong></span> <span class='ocrx_word' id='word_1_23' title='bbox 359 773 405 836; x_wconf 80' lang='grc' dir='ltr'><strong><em>ἔτι</em></strong></span> <span class='ocrx_word' id='word_1_24' title='bbox 425 773 553 853; x_wconf 80' lang='grc' dir='ltr'><strong><em>γίνοιτο</em></strong></span> <span class='ocrx_word' id='word_1_25' title='bbox 571 772 616 859; x_wconf 79' lang='grc' dir='ltr'><strong><em>τῶ</em></strong></span> <span class='ocrx_word' id='word_1_26' title='bbox 634 764 848 853; x_wconf 73' lang='grc' dir='ltr'><strong><em>Ἀριστοτέλει</em></strong></span> <span class='ocrx_word' id='word_1_27' title='bbox 861 767 899 837; x_wconf 90' lang='grc' dir='ltr'><strong><em>τὸ</em></strong></span> <span class='ocrx_word' id='word_1_28' title='bbox 920 767 1054 837; x_wconf 77' lang='grc' dir='ltr'><strong><em>ἄτοπον.</em></strong></span> <span class='ocrx_word' id='word_1_29' title='bbox 1095 772 1158 837; x_wconf 84' lang='grc' dir='ltr'><strong><em>είσλ</em></strong></span> <span class='ocrx_word' id='word_1_30' title='bbox 1177 771 1239 858; x_wconf 72' lang='grc' dir='ltr'><strong><em>μὲν</em></strong></span> <span class='ocrx_word' id='word_1_31' title='bbox 1254 770 1317 857; x_wconf 80' lang='grc' dir='ltr'><strong><em>γάρ</em></strong></span> 
     </span>
     <span class='ocr_line' id='line_1_5' title="bbox 169 871 1320 963; baseline 0.005 -23"><span class='ocrx_word' id='word_1_32' title='bbox 169 900 260 954; x_wconf 81' lang='grc' dir='ltr'><strong><em>τινες</em></strong></span> <span class='ocrx_word' id='word_1_33' title='bbox 290 876 327 942; x_wconf 85' lang='grc' dir='ltr'><strong><em>έν</em></strong></span> <span class='ocrx_word' id='word_1_34' title='bbox 351 871 435 962; x_wconf 76' lang='grc' dir='ltr'><strong><em>αὐτῇ</em></strong></span> <span class='ocrx_word' id='word_1_35' title='bbox 463 874 643 962; x_wconf 83' lang='grc' dir='ltr'><strong><em>νενρῶδεις</em></strong></span> <span class='ocrx_word' id='word_1_36' title='bbox 667 873 856 960; x_wconf 77' lang='grc' dir='ltr'><em>διαφύσεις,</em></span> <span class='ocrx_word' id='word_1_37' title='bbox 880 871 921 943; x_wconf 89' lang='grc' dir='ltr'><strong><em>ού</em></strong></span> <span class='ocrx_word' id='word_1_38' title='bbox 943 873 1011 962; x_wconf 80' lang='grc' dir='ltr'><strong><em>μὴν</em></strong></span> <span class='ocrx_word' id='word_1_39' title='bbox 1034 874 1098 963; x_wconf 84' lang='grc' dir='ltr'><strong><em>ἥδη</em></strong></span> <span class='ocrx_word' id='word_1_40' title='bbox 1121 877 1163 963; x_wconf 87' lang='grc' dir='ltr'><strong><em>γέ</em></strong></span> <span class='ocrx_word' id='word_1_41' title='bbox 1190 902 1241 945; x_wconf 86' lang='grc' dir='ltr'><strong><em>πω</em></strong></span> <span class='ocrx_word' id='word_1_42' title='bbox 1264 879 1320 946; x_wconf 83' lang='grc' dir='ltr'><strong><em>καὶ</em></strong></span> 
     </span>
     <span class='ocr_line' id='line_1_6' title="bbox 169 975 1352 1069; baseline 0.005 -23"><span class='ocrx_word' id='word_1_43' title='bbox 169 983 284 1068; x_wconf 82' lang='grc' dir='ltr'><strong><em>νεῦρα.</em></strong></span> <span class='ocrx_word' id='word_1_44' title='bbox 335 985 483 1067; x_wconf 78' lang='grc' dir='ltr'><strong><em>δειχθείη</em></strong></span> <span class='ocrx_word' id='word_1_45' title='bbox 512 979 548 1048; x_wconf 72' lang='grc' dir='ltr'><strong><em>δὲ</em></strong></span> <span class='ocrx_word' id='word_1_46' title='bbox 581 975 625 1048; x_wconf 83' lang='grc' dir='ltr'><strong><em>διν</em></strong></span> <span class='ocrx_word' id='word_1_47' title='bbox 657 977 699 1048; x_wconf 87' lang='grc' dir='ltr'><strong><em>οὐ</em></strong></span> <span class='ocrx_word' id='word_1_48' title='bbox 726 979 783 1048; x_wconf 89' lang='grc' dir='ltr'><strong><em>διδι</em></strong></span> <span class='ocrx_word' id='word_1_49' title='bbox 811 985 950 1069; x_wconf 80' lang='grc' dir='ltr'><strong><em>μακρῶν</em></strong></span> <span class='ocrx_word' id='word_1_50' title='bbox 976 985 1075 1050; x_wconf 86' lang='grc' dir='ltr'><strong><em>τοῦτο</em></strong></span> <span class='ocrx_word' id='word_1_51' title='bbox 1104 983 1185 1051; x_wconf 79' lang='grc' dir='ltr'><strong><em>κατὰ</em></strong></span> <span class='ocrx_word' id='word_1_52' title='bbox 1213 981 1352 1052; x_wconf 74' lang='grc' dir='ltr'><strong><em>αι’πὸνσ</em></strong></span> 
     </span>
     <span class='ocr_line' id='line_1_7' title="bbox 168 1079 1320 1178; baseline 0.005 -25"><span class='ocrx_word' id='word_1_53' title='bbox 168 1085 232 1154; x_wconf 90' lang='grc' dir='ltr'><strong><em>τὸν</em></strong></span> <span class='ocrx_word' id='word_1_54' title='bbox 254 1083 491 1174; x_wconf 77' lang='grc' dir='ltr'><strong><em>Ἀριστοτέλην.</em></strong></span> <span class='ocrx_word' id='word_1_55' title='bbox 536 1079 636 1166; x_wconf 82' lang='grc' dir='ltr'><strong><em>οὗτος</em></strong></span> <span class='ocrx_word' id='word_1_56' title='bbox 657 1091 742 1173; x_wconf 82' lang='grc' dir='ltr'><strong><em>γοῦν</em></strong></span> <span class='ocrx_word' id='word_1_57' title='bbox 766 1089 856 1155; x_wconf 80' lang='grc' dir='ltr'><strong><em>ἐστιν</em></strong></span> <span class='ocrx_word' id='word_1_58' title='bbox 879 1085 897 1155; x_wconf 87' lang='grc' dir='ltr'>ὁ</span> <span class='ocrx_word' id='word_1_59' title='bbox 923 1087 1059 1169; x_wconf 77' lang='grc' dir='ltr'><strong><em>διδάξας</em></strong></span> <span class='ocrx_word' id='word_1_60' title='bbox 1080 1085 1167 1176; x_wconf 82' lang='grc' dir='ltr'><strong><em>ἡμᾶς</em></strong></span> <span class='ocrx_word' id='word_1_61' title='bbox 1190 1095 1237 1170; x_wconf 84' lang='grc' dir='ltr'><strong><em>είς</em></strong></span> <span class='ocrx_word' id='word_1_62' title='bbox 1258 1090 1320 1178; x_wconf 76' lang='grc' dir='ltr'><strong><em>τὴν</em></strong></span> 
     </span>
     <span class='ocr_line' id='line_1_8' title="bbox 170 1191 1319 1285; baseline 0.005 -25"><span class='ocrx_word' id='word_1_63' title='bbox 170 1193 344 1280; x_wconf 80' lang='grc' dir='ltr'><strong><em>ένίργιιιίν</em></strong></span> <span class='ocrx_word' id='word_1_64' title='bbox 371 1220 406 1261; x_wconf 86' lang='grc' dir='ltr'><strong><em>τε</em></strong></span> <span class='ocrx_word' id='word_1_65' title='bbox 433 1194 488 1261; x_wconf 80' lang='grc' dir='ltr'><strong><em>καὶ</em></strong></span> <span class='ocrx_word' id='word_1_66' title='bbox 516 1200 631 1282; x_wconf 83' lang='grc' dir='ltr'><strong><em>χρείαν</em></strong></span> <span class='ocrx_word' id='word_1_67' title='bbox 662 1191 861 1280; x_wconf 80' lang='grc' dir='ltr'><strong><em>ἀποβλέπειν</em></strong></span> <span class='ocrx_word' id='word_1_68' title='bbox 890 1195 1030 1264; x_wconf 81' lang='grc' dir='ltr'><strong><em>ἑκάστου</em></strong></span> <span class='ocrx_word' id='word_1_69' title='bbox 1057 1199 1125 1265; x_wconf 89' lang='grc' dir='ltr'><strong><em>τῶν</em></strong></span> <span class='ocrx_word' id='word_1_70' title='bbox 1153 1194 1319 1285; x_wconf 80' lang='grc' dir='ltr'><strong><em>ὀργάνων,</em></strong></span> 
     </span>
     <span class='ocr_line' id='line_1_9' title="bbox 170 1296 1317 1388; baseline 0.006 -22"><span class='ocrx_word' id='word_1_71' title='bbox 170 1296 234 1366; x_wconf 87' lang='grc' dir='ltr'><strong><em>ούκ</em></strong></span> <span class='ocrx_word' id='word_1_72' title='bbox 263 1305 310 1380; x_wconf 81' lang='grc' dir='ltr'><strong><em>είς</em></strong></span> <span class='ocrx_word' id='word_1_73' title='bbox 337 1299 399 1387; x_wconf 83' lang='grc' dir='ltr'><strong><em>τὴν</em></strong></span> <span class='ocrx_word' id='word_1_74' title='bbox 426 1299 649 1388; x_wconf 78' lang='grc' dir='ltr'><strong><em>κατασκευήν,</em></strong></span> <span class='ocrx_word' id='word_1_75' title='bbox 677 1300 827 1385; x_wconf 80' lang='grc' dir='ltr'><strong><em>ἐπειδὰν,</em></strong></span> <span class='ocrx_word' id='word_1_76' title='bbox 855 1298 875 1367; x_wconf 83' lang='grc' dir='ltr'>ὅ</span> <span class='ocrx_word' id='word_1_77' title='bbox 901 1328 932 1368; x_wconf 93' lang='grc' dir='ltr'><strong><em>τι</em></strong></span> <span class='ocrx_word' id='word_1_78' title='bbox 960 1302 1042 1370; x_wconf 89' lang='grc' dir='ltr'><strong><em>ποτέ</em></strong></span> <span class='ocrx_word' id='word_1_79' title='bbox 1062 1304 1153 1371; x_wconf 76' lang='grc' dir='ltr'><strong><em>ἐστιν</em></strong></span> <span class='ocrx_word' id='word_1_80' title='bbox 1175 1301 1256 1372; x_wconf 85' lang='grc' dir='ltr'><strong><em>αύτδ</em></strong></span> <span class='ocrx_word' id='word_1_81' title='bbox 1280 1303 1317 1373; x_wconf 82' lang='grc' dir='ltr'><strong><em>τὸ</em></strong></span> 
     </span>
     <span class='ocr_line' id='line_1_10' title="bbox 169 1402 1322 1500; baseline 0.005 -26"><span class='ocrx_word' id='word_1_82' title='bbox 169 1404 331 1493; x_wconf 78' lang='grc' dir='ltr'><strong><em>ὄργανον,</em></strong></span> <span class='ocrx_word' id='word_1_83' title='bbox 355 1406 565 1494; x_wconf 83' lang='grc' dir='ltr'><strong><em>σκοπῶμεθα.</em></strong></span> <span class='ocrx_word' id='word_1_84' title='bbox 611 1404 629 1475; x_wconf 86' lang='grc' dir='ltr'><strong><em>δ</em></strong></span> <span class='ocrx_word' id='word_1_85' title='bbox 657 1410 743 1493; x_wconf 76' lang='grc' dir='ltr'><strong><em>γοῦν</em></strong></span> <span class='ocrx_word' id='word_1_86' title='bbox 766 1403 954 1495; x_wconf 82' lang='grc' dir='ltr'><strong><em>ὀφθαλμός,</em></strong></span> <span class='ocrx_word' id='word_1_87' title='bbox 977 1411 1034 1477; x_wconf 81' lang='grc' dir='ltr'><strong><em>ἵνα</em></strong></span> <span class='ocrx_word' id='word_1_88' title='bbox 1056 1405 1101 1477; x_wconf 80' lang='grc' dir='ltr'><strong><em>δν</em></strong></span> <span class='ocrx_word' id='word_1_89' title='bbox 1123 1402 1159 1500; x_wconf 73' lang='grc' dir='ltr'><strong><em>ᾖ,</em></strong></span> <span class='ocrx_word' id='word_1_90' title='bbox 1186 1416 1222 1478; x_wconf 84' lang='grc' dir='ltr'><strong><em>τί</em></strong></span> <span class='ocrx_word' id='word_1_91' title='bbox 1240 1414 1322 1480; x_wconf 87' lang='grc' dir='ltr'><strong><em>ποτέ</em></strong></span> 
     </span>
     <span class='ocr_line' id='line_1_11' title="bbox 170 1509 1359 1603; baseline 0.007 -24"><span class='ocrx_word' id='word_1_92' title='bbox 170 1513 278 1598; x_wconf 74' lang='grc' dir='ltr'><strong><em>ἐστιν,</em></strong></span> <span class='ocrx_word' id='word_1_93' title='bbox 317 1515 541 1602; x_wconf 76' lang='grc' dir='ltr'><strong><em>ἐρωτηθέντες</em></strong></span> <span class='ocrx_word' id='word_1_94' title='bbox 576 1510 844 1603; x_wconf 79' lang='grc' dir='ltr'><strong><em>ἀποκριναίμεθα</em></strong></span> <span class='ocrx_word' id='word_1_95' title='bbox 883 1509 927 1582; x_wconf 75' lang='grc' dir='ltr'><strong><em>ἂν</em></strong></span> <span class='ocrx_word' id='word_1_96' title='bbox 963 1511 1128 1603; x_wconf 49' lang='grc' dir='ltr'><strong><em>(ὄργανον</em></strong></span> <span class='ocrx_word' id='word_1_97' title='bbox 1160 1515 1317 1586; x_wconf 86' lang='grc' dir='ltr'><strong><em>ὀπτικύν.’</em></strong></span> <span class='ocrx_word' id='word_1_98' title='bbox 1334 1539 1359 1577; x_wconf 84' lang='lat'><strong><em>¹⁰</em></strong></span> 
     </span>
     <span class='ocr_line' id='line_1_12' title="bbox 170 1614 1319 1713; baseline 0.007 -27"><span class='ocrx_word' id='word_1_99' title='bbox 170 1614 300 1706; x_wconf 76' lang='grc' dir='ltr'><strong><em>οὐγὰρ</em></strong></span> <span class='ocrx_word' id='word_1_100' title='bbox 325 1618 366 1707; x_wconf 78' lang='grc' dir='ltr'><strong><em>δὴ</em></strong></span> <span class='ocrx_word' id='word_1_101' title='bbox 389 1619 427 1688; x_wconf 86' lang='grc' dir='ltr'><strong><em>τό</em></strong></span> <span class='ocrx_word' id='word_1_102' title='bbox 455 1646 492 1706; x_wconf 79' lang='grc' dir='ltr'><strong><em>γε</em></strong></span> <span class='ocrx_word' id='word_1_103' title='bbox 516 1622 551 1688; x_wconf 86' lang='grc' dir='ltr'><strong><em>έκ</em></strong></span> <span class='ocrx_word' id='word_1_104' title='bbox 573 1619 745 1688; x_wconf 81' lang='grc' dir='ltr'><strong><em>τοσούτων</em></strong></span> <span class='ocrx_word' id='word_1_105' title='bbox 768 1647 802 1688; x_wconf 84' lang='grc' dir='ltr'><strong><em>τε</em></strong></span> <span class='ocrx_word' id='word_1_106' title='bbox 825 1622 880 1689; x_wconf 78' lang='grc' dir='ltr'><strong><em>καὶ</em></strong></span> <span class='ocrx_word' id='word_1_107' title='bbox 902 1620 1065 1691; x_wconf 85' lang='grc' dir='ltr'><strong><em>τοιούτων</em></strong></span> <span class='ocrx_word' id='word_1_108' title='bbox 1087 1620 1202 1713; x_wconf 75' lang='grc' dir='ltr'><strong><em>ὑγρῶν</em></strong></span> <span class='ocrx_word' id='word_1_109' title='bbox 1224 1625 1319 1712; x_wconf 82' lang='grc' dir='ltr'><strong><em>χιτῶ-Ι</em></strong></span> 
     </span>
     <span class='ocr_line' id='line_1_13' title="bbox 170 1724 1319 1817; baseline 0.008 -26"><span class='ocrx_word' id='word_1_110' title='bbox 170 1751 243 1792; x_wconf 90' lang='grc' dir='ltr'><strong><em>νων</em></strong></span> <span class='ocrx_word' id='word_1_111' title='bbox 268 1751 302 1794; x_wconf 88' lang='grc' dir='ltr'><strong><em>τε</em></strong></span> <span class='ocrx_word' id='word_1_112' title='bbox 330 1727 384 1793; x_wconf 81' lang='grc' dir='ltr'><strong><em>καί</em></strong></span> <span class='ocrx_word' id='word_1_113' title='bbox 412 1724 547 1814; x_wconf 81' lang='grc' dir='ltr'><strong><em>ὑμένων</em></strong></span> <span class='ocrx_word' id='word_1_114' title='bbox 574 1729 629 1795; x_wconf 83' lang='grc' dir='ltr'><strong><em>καὶ</em></strong></span> <span class='ocrx_word' id='word_1_115' title='bbox 656 1731 752 1816; x_wconf 88' lang='grc' dir='ltr'><strong><em>μνῶν</em></strong></span> <span class='ocrx_word' id='word_1_116' title='bbox 783 1724 850 1797; x_wconf 86' lang='grc' dir='ltr'><strong><em>ῶδί</em></strong></span> <span class='ocrx_word' id='word_1_117' title='bbox 877 1753 947 1808; x_wconf 82' lang='grc' dir='ltr'><strong><em>πως</em></strong></span> <span class='ocrx_word' id='word_1_118' title='bbox 974 1730 1201 1817; x_wconf 74' lang='grc' dir='ltr'><strong><em>συγκειμένων</em></strong></span> <span class='ocrx_word' id='word_1_119' title='bbox 1227 1758 1319 1800; x_wconf 84' lang='grc' dir='ltr'><strong><em>κατε-</em></strong></span> 
     </span>
     <span class='ocr_line' id='line_1_14' title="bbox 170 1830 1318 1926; baseline 0.008 -27"><span class='ocrx_word' id='word_1_120' title='bbox 170 1831 357 1900; x_wconf 80' lang='grc' dir='ltr'><strong><em>σκευάσθαι</em></strong></span> <span class='ocrx_word' id='word_1_121' title='bbox 380 1832 442 1920; x_wconf 80' lang='grc' dir='ltr'><strong><em>τὴν</em></strong></span> <span class='ocrx_word' id='word_1_122' title='bbox 470 1830 590 1903; x_wconf 91' lang='grc' dir='ltr'><strong><em>ούσίαν</em></strong></span> <span class='ocrx_word' id='word_1_123' title='bbox 614 1830 720 1921; x_wconf 76' lang='grc' dir='ltr'><strong><em>αὐτὴν</em></strong></span> <span class='ocrx_word' id='word_1_124' title='bbox 748 1831 833 1902; x_wconf 87' lang='grc' dir='ltr'><strong><em>εἶναι</em></strong></span> <span class='ocrx_word' id='word_1_125' title='bbox 856 1833 1010 1921; x_wconf 81' lang='grc' dir='ltr'><strong><em>βούλεται</em></strong></span> <span class='ocrx_word' id='word_1_126' title='bbox 1038 1839 1107 1904; x_wconf 88' lang='grc' dir='ltr'><strong><em>τῶν</em></strong></span> <span class='ocrx_word' id='word_1_127' title='bbox 1129 1834 1318 1926; x_wconf 76' lang='grc' dir='ltr'><strong><em>ὀφθαλμῶν</em></strong></span> 
     </span>
     <span class='ocr_line' id='line_1_15' title="bbox 169 1935 1318 2031; baseline 0.007 -26"><span class='ocrx_word' id='word_1_128' title='bbox 169 1935 450 2026; x_wconf 82' lang='grc' dir='ltr'><strong><em>δἈριστοτέλης,</em></strong></span> <span class='ocrx_word' id='word_1_129' title='bbox 478 1937 647 2028; x_wconf 87' lang='grc' dir='ltr'><strong><em>ὀρθότατα</em></strong></span> <span class='ocrx_word' id='word_1_130' title='bbox 675 1941 865 2028; x_wconf 76' lang='grc' dir='ltr'><strong><em>γινώσκων,</em></strong></span> <span class='ocrx_word' id='word_1_131' title='bbox 893 1939 939 2021; x_wconf 85' lang='grc' dir='ltr'><strong><em>ῶς</em></strong></span> <span class='ocrx_word' id='word_1_132' title='bbox 964 1942 1019 2010; x_wconf 80' lang='grc' dir='ltr'><strong><em>καὶ</em></strong></span> <span class='ocrx_word' id='word_1_133' title='bbox 1046 1941 1131 2030; x_wconf 85' lang='grc' dir='ltr'><strong><em>πρὸς</em></strong></span> <span class='ocrx_word' id='word_1_134' title='bbox 1156 1940 1252 2031; x_wconf 80' lang='grc' dir='ltr'><strong><em>ἡμῶν</em></strong></span> <span class='ocrx_word' id='word_1_135' title='bbox 1281 1947 1318 2014; x_wconf 84' lang='grc' dir='ltr'><strong><em>έν</em></strong></span> 
     </span>
     <span class='ocr_line' id='line_1_16' title="bbox 170 2045 1358 2138; baseline 0.007 -26"><span class='ocrx_word' id='word_1_136' title='bbox 170 2045 296 2133; x_wconf 82' lang='grc' dir='ltr'><strong><em>ἑτέροις</em></strong></span> <span class='ocrx_word' id='word_1_137' title='bbox 323 2047 549 2114; x_wconf 74' lang='grc' dir='ltr'><strong><em>ἐπιδέδεικται.</em></strong></span> <span class='ocrx_word' id='word_1_138' title='bbox 597 2048 676 2115; x_wconf 78' lang='grc' dir='ltr'><strong><em>νυνὶ</em></strong></span> <span class='ocrx_word' id='word_1_139' title='bbox 704 2047 741 2115; x_wconf 72' lang='grc' dir='ltr'><strong><em>δὲ</em></strong></span> <span class='ocrx_word' id='word_1_140' title='bbox 769 2045 830 2116; x_wconf 89' lang='grc' dir='ltr'><strong><em>ούκ</em></strong></span> <span class='ocrx_word' id='word_1_141' title='bbox 858 2047 950 2137; x_wconf 85' lang='grc' dir='ltr'><strong><em>οἶμαι</em></strong></span> <span class='ocrx_word' id='word_1_142' title='bbox 979 2053 1112 2117; x_wconf 79' lang='grc' dir='ltr'><strong><em>δεῖσθαι</em></strong></span> <span class='ocrx_word' id='word_1_143' title='bbox 1140 2059 1187 2130; x_wconf 78' lang='grc' dir='ltr'><strong><em>είς</em></strong></span> <span class='ocrx_word' id='word_1_144' title='bbox 1213 2077 1249 2138; x_wconf 85' lang='grc' dir='ltr'><strong><em>γε</em></strong></span> <span class='ocrx_word' id='word_1_145' title='bbox 1276 2051 1317 2120; x_wconf 90' lang='grc' dir='ltr'><strong><em>τδι</em></strong></span> <span class='ocrx_word' id='word_1_146' title='bbox 1332 2071 1358 2109; x_wconf 74' lang='lat'><strong><em>1⁵</em></strong></span> 
     </span>
    </p>
   </div>
   <div class='ocr_carea' id='block_1_3' title="bbox 170 2265 1317 2505">
    <p class='ocr_par' dir='ltr' id='par_1_3' title="bbox 170 2265 1317 2485">
     <span class='ocr_line' id='line_1_17' title="bbox 207 2265 1317 2344; baseline 0.004 -20"><span class='ocrx_word' id='word_1_147' title='bbox 207 2266 405 2334; x_wconf 75' lang='grc' dir='ltr'><strong><em>λδιαστύτεις</em></strong></span> <span class='ocrx_word' id='word_1_148' title='bbox 424 2270 445 2324; x_wconf 79' lang='lat' dir='ltr'>C</span> <span class='ocrx_word' id='word_1_149' title='bbox 464 2269 535 2339; x_wconf 79' lang='lat' dir='ltr'>Gai,</span> <span class='ocrx_word' id='word_1_150' title='bbox 561 2269 641 2324; x_wconf 87' lang='lat' dir='ltr'><strong><em>sed</em></strong></span> <span class='ocrx_word' id='word_1_151' title='bbox 633 2289 663 2324; x_wconf 86' lang='lat' dir='ltr'>m</span> <span class='ocrx_word' id='word_1_152' title='bbox 686 2269 743 2324; x_wconf 88' lang='lat' dir='ltr'>ind.</span> <span class='ocrx_word' id='word_1_153' title='bbox 768 2272 850 2325; x_wconf 73' lang='lat' dir='ltr'>errat.</span> <span class='ocrx_word' id='word_1_154' title='bbox 875 2265 1027 2340; x_wconf 78' lang='grc' dir='ltr'><strong><em>διαφύσεις</em></strong></span> <span class='ocrx_word' id='word_1_155' title='bbox 1050 2272 1094 2340; x_wconf 81' lang='lat' dir='ltr'>(ef.</span> <span class='ocrx_word' id='word_1_156' title='bbox 1118 2273 1202 2327; x_wconf 87' lang='lat' dir='ltr'>Proll.</span> <span class='ocrx_word' id='word_1_157' title='bbox 1226 2291 1253 2343; x_wconf 89' lang='lat' dir='ltr'><strong><em>p.</em></strong></span> <span class='ocrx_word' id='word_1_158' title='bbox 1272 2280 1317 2344; x_wconf 77' lang='lat'><strong><em>44)</em></strong></span> 
     </span>
     <span class='ocr_line' id='line_1_18' title="bbox 170 2313 1316 2428; baseline 0.004 -32"><span class='ocrx_word' id='word_1_159' title='bbox 170 2341 245 2396; x_wconf 88' lang='lat' dir='ltr'>idem</span> <span class='ocrx_word' id='word_1_160' title='bbox 265 2341 367 2398; x_wconf 82' lang='lat' dir='ltr'>Cb.-</span> <span class='ocrx_word' id='word_1_161' title='bbox 391 2313 542 2411; x_wconf 81' lang='grc' dir='ltr'><strong><em>σἈριστοι</em></strong></span> <span class='ocrx_word' id='word_1_162' title='bbox 544 2339 591 2409; x_wconf 78' lang='grc' dir='ltr'><strong><em>λλη</em></strong></span> <span class='ocrx_word' id='word_1_163' title='bbox 544 2339 631 2396; x_wconf 75' lang='grc' dir='ltr'><strong><em>λθ</em></strong></span> <span class='ocrx_word' id='word_1_164' title='bbox 650 2344 717 2397; x_wconf 83' lang='lat' dir='ltr'>cett.</span> <span class='ocrx_word' id='word_1_165' title='bbox 734 2335 930 2428; x_wconf 80' lang='grc' dir='ltr'><strong><em>Ἀριστοτέλην</em></strong></span> <span class='ocrx_word' id='word_1_166' title='bbox 936 2359 1049 2398; x_wconf 79' lang='lat' dir='ltr'>noa—</span> <span class='ocrx_word' id='word_1_167' title='bbox 1077 2341 1227 2398; x_wconf 74' lang='lat' dir='ltr'>aslvoeeC</span> <span class='ocrx_word' id='word_1_168' title='bbox 1251 2349 1316 2401; x_wconf 82' lang='lat' dir='ltr'>cett.</span> 
     </span>
     <span class='ocr_line' id='line_1_19' title="bbox 170 2407 1316 2505; baseline 0.003 -38"><span class='ocrx_word' id='word_1_169' title='bbox 170 2408 304 2500; x_wconf 78' lang='grc' dir='ltr'><strong><em>ὄργανον</em></strong></span> <span class='ocrx_word' id='word_1_170' title='bbox 314 2431 427 2470; x_wconf 76' lang='lat' dir='ltr'>noa-</span> <span class='ocrx_word' id='word_1_171' title='bbox 450 2413 487 2467; x_wconf 87' lang='grc' dir='ltr'><strong><em>τῶ</em></strong></span> <span class='ocrx_word' id='word_1_172' title='bbox 511 2413 582 2500; x_wconf 74' lang='grc' dir='ltr'><strong><em>γοῦν</em></strong></span> <span class='ocrx_word' id='word_1_173' title='bbox 605 2432 620 2467; x_wconf 93' lang='grc' dir='ltr'><strong><em>ο</em></strong></span> <span class='ocrx_word' id='word_1_174' title='bbox 671 2413 749 2482; x_wconf 83' lang='grc' dir='ltr'><strong><em>αλμῶ</em></strong></span> <span class='ocrx_word' id='word_1_175' title='bbox 769 2412 789 2466; x_wconf 86' lang='lat' dir='ltr'>C</span> <span class='ocrx_word' id='word_1_176' title='bbox 807 2413 845 2466; x_wconf 89' lang='grc' dir='ltr'><strong><em>τῶ</em></strong></span> <span class='ocrx_word' id='word_1_177' title='bbox 866 2432 890 2483; x_wconf 78' lang='grc' dir='ltr'><strong><em>γ.</em></strong></span> <span class='ocrx_word' id='word_1_178' title='bbox 914 2407 1057 2505; x_wconf 82' lang='grc' dir='ltr'><strong><em>δφθαλμῶ</em></strong></span> <span class='ocrx_word' id='word_1_179' title='bbox 1077 2415 1134 2469; x_wconf 79' lang='lat' dir='ltr'>cai.</span> <span class='ocrx_word' id='word_1_180' title='bbox 1154 2414 1193 2468; x_wconf 87' lang='lat' dir='ltr'><strong><em>Ch</em></strong></span> <span class='ocrx_word' id='word_1_181' title='bbox 1214 2411 1269 2469; x_wconf 89' lang='grc' dir='ltr'><strong><em>Κ</em></strong></span> <span class='ocrx_word' id='word_1_182' title='bbox 1256 2436 1272 2470; x_wconf 96' lang='grc' dir='ltr'><strong><em>ο</em></strong></span> <span class='ocrx_word' id='word_1_183' title='bbox 1292 2437 1316 2485; x_wconf 79' lang='grc' dir='ltr'><strong><em>η</em></strong></span> 
     </span>
    </p>
   </div>
   <div class='ocr_carea' id='block_1_4' title="bbox 169 2407 1318 2608">
    <p class='ocr_par' dir='ltr' id='par_1_4' title="bbox 169 2407 1318 2608">
     <span class='ocr_line' id='line_1_20' title="bbox 169 2407 1318 2608; baseline 0.003 -70"><span class='ocrx_word' id='word_1_184' title='bbox 169 2478 324 2571; x_wconf 81' lang='grc' dir='ltr'><strong><em>δφθοιλμδς</em></strong></span> <span class='ocrx_word' id='word_1_185' title='bbox 342 2501 455 2540; x_wconf 83' lang='lat' dir='ltr'>uos-</span> <span class='ocrx_word' id='word_1_186' title='bbox 479 2475 562 2537; x_wconf 77' lang='grc' dir='ltr'><strong><em>ἵνα</em></strong></span> <span class='ocrx_word' id='word_1_187' title='bbox 545 2504 562 2566; x_wconf 87' lang='grc' dir='ltr'><strong><em>η</em></strong></span> <span class='ocrx_word' id='word_1_188' title='bbox 583 2407 680 2539; x_wconf 37' lang='lat' dir='ltr'><strong>G’gg·</strong></span> <span class='ocrx_word' id='word_1_189' title='bbox 699 2484 784 2608; x_wconf 65' lang='grc' dir='ltr'><strong><em>λναρ</em></strong></span> <span class='ocrx_word' id='word_1_190' title='bbox 773 2457 922 2540; x_wconf 70' lang='lat' dir='ltr'><strong><em>&#39;ch&#39;</em></strong></span> <span class='ocrx_word' id='word_1_191' title='bbox 906 2505 953 2539; x_wconf 88' lang='grc' dir='ltr'><strong><em>ινα</em></strong></span> <span class='ocrx_word' id='word_1_192' title='bbox 971 2471 1045 2559; x_wconf 51' lang='lat' dir='ltr'>usp*</span> <span class='ocrx_word' id='word_1_193' title='bbox 1065 2503 1176 2541; x_wconf 85' lang='lat' dir='ltr'>nos.-</span> <span class='ocrx_word' id='word_1_194' title='bbox 1203 2493 1236 2540; x_wconf 80' lang='lat' dir='ltr'><strong><em>lo</em></strong></span> <span class='ocrx_word' id='word_1_195' title='bbox 1254 2495 1318 2557; x_wconf 85' lang='lat' dir='ltr'>post</span> 
     </span>
    </p>
   </div>
   <div class='ocr_carea' id='block_1_5' title="bbox 170 2504 1317 2859">
    <p class='ocr_par' dir='ltr' id='par_1_5' title="bbox 170 2504 1317 2840">
     <span class='ocr_line' id='line_1_21' title="bbox 170 2504 1317 2646; baseline 0.004 -38"><span class='ocrx_word' id='word_1_196' title='bbox 170 2549 404 2642; x_wconf 70' lang='grc' dir='ltr'><strong><em>ἀποκριναίμεθα</em></strong></span> <span class='ocrx_word' id='word_1_197' title='bbox 423 2572 473 2610; x_wconf 89' lang='lat' dir='ltr'>nos</span> <span class='ocrx_word' id='word_1_198' title='bbox 492 2548 530 2608; x_wconf 78' lang='grc' dir='ltr'><strong><em>ἂν</em></strong></span> <span class='ocrx_word' id='word_1_199' title='bbox 548 2555 728 2620; x_wconf 79' lang='lat' dir='ltr'>inseruimus3</span> <span class='ocrx_word' id='word_1_200' title='bbox 747 2571 783 2608; x_wconf 90' lang='grc' dir='ltr'><strong><em>ο.</em></strong></span> <span class='ocrx_word' id='word_1_201' title='bbox 762 2504 881 2639; x_wconf 67' lang='grc' dir='ltr'><strong><em>δΡτοῌ.</em></strong></span> <span class='ocrx_word' id='word_1_202' title='bbox 901 2575 928 2625; x_wconf 93' lang='lat' dir='ltr'>p.</span> <span class='ocrx_word' id='word_1_203' title='bbox 949 2562 1061 2610; x_wconf 74' lang='lat' dir='ltr'>lou—</span> <span class='ocrx_word' id='word_1_204' title='bbox 1028 2552 1191 2646; x_wconf 51' lang='grc' dir='ltr'><strong><em>-ηίρηάνω</em></strong></span> <span class='ocrx_word' id='word_1_205' title='bbox 1211 2552 1317 2613; x_wconf 85' lang='grc' dir='ltr'><strong><em>δπτικῶ</em></strong></span> 
     </span>
     <span class='ocr_line' id='line_1_22' title="bbox 170 2620 1316 2714; baseline 0.003 -34"><span class='ocrx_word' id='word_1_206' title='bbox 170 2621 319 2714; x_wconf 74' lang='grc' dir='ltr'><strong><em>Οόρηύνῳ</em></strong></span> <span class='ocrx_word' id='word_1_207' title='bbox 338 2621 445 2712; x_wconf 82' lang='grc' dir='ltr'><strong><em>διττιιιῳ</em></strong></span> <span class='ocrx_word' id='word_1_208' title='bbox 433 2625 517 2682; x_wconf 77' lang='lat' dir='ltr'>Oai.</span> <span class='ocrx_word' id='word_1_209' title='bbox 533 2623 573 2680; x_wconf 83' lang='lat' dir='ltr'><strong><em>Cb</em></strong></span> <span class='ocrx_word' id='word_1_210' title='bbox 588 2622 643 2680; x_wconf 79' lang='lat' dir='ltr'><strong><em>K&#39;</em></strong></span> <span class='ocrx_word' id='word_1_211' title='bbox 627 2645 750 2696; x_wconf 72' lang='grc' dir='ltr'><strong><em>ορηανον</em></strong></span> <span class='ocrx_word' id='word_1_212' title='bbox 764 2620 884 2680; x_wconf 86' lang='grc' dir='ltr'><strong><em>δπτιιιόν</em></strong></span> <span class='ocrx_word' id='word_1_213' title='bbox 896 2644 1003 2682; x_wconf 85' lang='lat' dir='ltr'>nos.</span> <span class='ocrx_word' id='word_1_214' title='bbox 1025 2636 1057 2683; x_wconf 80' lang='lat'><strong><em>12</em></strong></span> <span class='ocrx_word' id='word_1_215' title='bbox 1076 2623 1189 2699; x_wconf 75' lang='grc' dir='ltr'><strong><em>ὑμένων</em></strong></span> <span class='ocrx_word' id='word_1_216' title='bbox 1208 2647 1316 2699; x_wconf 77' lang='grc' dir='ltr'><strong><em>συγκει-</em></strong></span> 
     </span>
     <span class='ocr_line' id='line_1_23' title="bbox 170 2683 1315 2786; baseline 0.003 -34"><span class='ocrx_word' id='word_1_217' title='bbox 170 2695 263 2768; x_wconf 85' lang='grc' dir='ltr'><strong><em>μένων</em></strong></span> <span class='ocrx_word' id='word_1_218' title='bbox 287 2691 371 2754; x_wconf 68' lang='lat'>0¹17.</span> <span class='ocrx_word' id='word_1_219' title='bbox 395 2683 444 2752; x_wconf 75' lang='grc' dir='ltr'><strong><em>παλ</em></strong></span> <span class='ocrx_word' id='word_1_220' title='bbox 489 2697 549 2750; x_wconf 85' lang='grc' dir='ltr'><strong><em>νῶν</em></strong></span> <span class='ocrx_word' id='word_1_221' title='bbox 575 2693 630 2752; x_wconf 84' lang='grc' dir='ltr'><strong><em>ῶδί</em></strong></span> <span class='ocrx_word' id='word_1_222' title='bbox 651 2717 709 2760; x_wconf 81' lang='grc' dir='ltr'><strong><em>πως</em></strong></span> <span class='ocrx_word' id='word_1_223' title='bbox 734 2715 811 2768; x_wconf 74' lang='grc' dir='ltr'><strong><em>σοντι.</em></strong></span> <span class='ocrx_word' id='word_1_224' title='bbox 836 2696 870 2751; x_wconf 74' lang='lat'><strong><em>0⁹</em></strong></span> <span class='ocrx_word' id='word_1_225' title='bbox 898 2698 944 2765; x_wconf 84' lang='lat' dir='ltr'>(cf.</span> <span class='ocrx_word' id='word_1_226' title='bbox 967 2698 1051 2756; x_wconf 90' lang='lat' dir='ltr'>Proll.</span> <span class='ocrx_word' id='word_1_227' title='bbox 1075 2719 1102 2770; x_wconf 92' lang='lat' dir='ltr'><strong><em>p.</em></strong></span> <span class='ocrx_word' id='word_1_228' title='bbox 1126 2703 1180 2786; x_wconf 79' lang='lat'><strong><em>43)</em></strong></span> <span class='ocrx_word' id='word_1_229' title='bbox 1193 2702 1259 2756; x_wconf 72' lang='lat' dir='ltr'>cett.</span> <span class='ocrx_word' id='word_1_230' title='bbox 1283 2733 1315 2741; x_wconf 91' lang='lat'>-</span> 
     </span>
     <span class='ocr_line' id='line_1_24' title="bbox 170 2763 1316 2859; baseline 0.004 -37"><span class='ocrx_word' id='word_1_231' title='bbox 170 2767 440 2824; x_wconf 74' lang='grc' dir='ltr'><strong><em>ιαπεσιιεοιῖοθοιιῦ</em></strong></span> <span class='ocrx_word' id='word_1_232' title='bbox 483 2769 517 2824; x_wconf 86' lang='lat' dir='ltr'>ai.</span> <span class='ocrx_word' id='word_1_233' title='bbox 537 2763 884 2824; x_wconf 72' lang='grc' dir='ltr'><strong><em>κατεσιτνοίσθαιῦίι-</em></strong></span> <span class='ocrx_word' id='word_1_234' title='bbox 905 2777 938 2823; x_wconf 81' lang='lat'><strong><em>14</em></strong></span> <span class='ocrx_word' id='word_1_235' title='bbox 956 2763 1014 2838; x_wconf 83' lang='grc' dir='ltr'><strong><em>δρθ</em></strong></span> <span class='ocrx_word' id='word_1_236' title='bbox 1032 2771 1094 2840; x_wconf 85' lang='grc' dir='ltr'><strong><em>(εἰσ)</em></strong></span> <span class='ocrx_word' id='word_1_237' title='bbox 1113 2769 1147 2824; x_wconf 79' lang='lat'><strong><em>0¹</em></strong></span> <span class='ocrx_word' id='word_1_238' title='bbox 1165 2766 1316 2859; x_wconf 78' lang='grc' dir='ltr'><strong><em>ὀρθῶτιιτα</em></strong></span> 
     </span>
    </p>
   </div>
   <div class='ocr_carea' id='block_1_6' title="bbox 170 2833 1316 2982">
    <p class='ocr_par' dir='ltr' id='par_1_6' title="bbox 170 2833 1316 2982">
     <span class='ocr_line' id='line_1_25' title="bbox 170 2833 1316 2926; baseline 0.005 -33"><span class='ocrx_word' id='word_1_239' title='bbox 170 2833 1211 2926; x_wconf 73' lang='grc' dir='ltr'><strong><em>σ’σιί.οιιόροόιαια1(-ιτιυιιολοι’σλιλμαιοιιιισ’</em></strong></span> <span class='ocrx_word' id='word_1_240' title='bbox 1238 2840 1316 2914; x_wconf 81' lang='grc' dir='ltr'><strong><em>οἶμαι</em></strong></span> 
     </span>
     <span class='ocr_line' id='line_1_26' title="bbox 170 2905 1033 2982; baseline 0.002 -18"><span class='ocrx_word' id='word_1_241' title='bbox 170 2909 228 2966; x_wconf 79' lang='lat' dir='ltr'>Gai.</span> <span class='ocrx_word' id='word_1_242' title='bbox 248 2910 289 2966; x_wconf 83' lang='lat' dir='ltr'><strong><em>ch</em></strong></span> <span class='ocrx_word' id='word_1_243' title='bbox 307 2911 333 2966; x_wconf 87' lang='grc' dir='ltr'><strong>Κ</strong></span> <span class='ocrx_word' id='word_1_244' title='bbox 350 2911 415 2965; x_wconf 75' lang='lat' dir='ltr'><strong><em>mi</em></strong></span> <span class='ocrx_word' id='word_1_245' title='bbox 433 2908 465 2965; x_wconf 71' lang='grc' dir='ltr'><strong><em>δὲ</em></strong></span> <span class='ocrx_word' id='word_1_246' title='bbox 485 2905 539 2966; x_wconf 71' lang='lat' dir='ltr'>ouis</span> <span class='ocrx_word' id='word_1_247' title='bbox 558 2907 637 2982; x_wconf 77' lang='grc' dir='ltr'><strong><em>οἶμαι</em></strong></span> <span class='ocrx_word' id='word_1_248' title='bbox 656 2928 719 2978; x_wconf 78' lang='lat' dir='ltr'>nos3</span> <span class='ocrx_word' id='word_1_249' title='bbox 739 2911 772 2966; x_wconf 83' lang='lat' dir='ltr'><strong><em>of.</em></strong></span> <span class='ocrx_word' id='word_1_250' title='bbox 792 2910 876 2966; x_wconf 88' lang='lat' dir='ltr'>Proll.</span> <span class='ocrx_word' id='word_1_251' title='bbox 894 2929 921 2982; x_wconf 89' lang='lat' dir='ltr'><strong><em>p.</em></strong></span> <span class='ocrx_word' id='word_1_252' title='bbox 936 2918 1033 2968; x_wconf 79' lang='lat'>46.-</span> 
     </span>
    </p>
   </div>
   <div class='ocr_carea' id='block_1_7' title="bbox 167 3119 1316 4490">
    <p class='ocr_par' dir='ltr' id='par_1_7' title="bbox 167 3119 1316 4490">
     <span class='ocr_line' id='line_1_27' title="bbox 170 3119 1315 3206; baseline 0.004 -23"><span class='ocrx_word' id='word_1_253' title='bbox 170 3123 262 3204; x_wconf 89' lang='lat' dir='ltr'>suut,</span> <span class='ocrx_word' id='word_1_254' title='bbox 297 3141 471 3185; x_wconf 84' lang='lat' dir='ltr'>nervorum</span> <span class='ocrx_word' id='word_1_255' title='bbox 511 3119 708 3204; x_wconf 82' lang='lat' dir='ltr'>principium</span> <span class='ocrx_word' id='word_1_256' title='bbox 745 3119 778 3184; x_wconf 82' lang='lat' dir='ltr'><strong><em>id</em></strong></span> <span class='ocrx_word' id='word_1_257' title='bbox 815 3119 932 3186; x_wconf 84' lang='lat' dir='ltr'>merito</span> <span class='ocrx_word' id='word_1_258' title='bbox 969 3124 1102 3188; x_wconf 81' lang='lat' dir='ltr'>statuat.</span> <span class='ocrx_word' id='word_1_259' title='bbox 1155 3121 1315 3206; x_wconf 85' lang='lat' dir='ltr'>Quoniam</span> 
     </span>
     <span class='ocr_line' id='line_1_28' title="bbox 168 3225 1315 3314; baseline 0.004 -23"><span class='ocrx_word' id='word_1_260' title='bbox 168 3249 246 3292; x_wconf 84' lang='lat' dir='ltr'>vero</span> <span class='ocrx_word' id='word_1_261' title='bbox 270 3249 387 3292; x_wconf 85' lang='lat' dir='ltr'>corne</span> <span class='ocrx_word' id='word_1_262' title='bbox 416 3226 537 3292; x_wconf 90' lang='lat' dir='ltr'>multos</span> <span class='ocrx_word' id='word_1_263' title='bbox 565 3226 694 3311; x_wconf 92' lang='lat' dir='ltr'>quidem</span> <span class='ocrx_word' id='word_1_264' title='bbox 721 3247 839 3292; x_wconf 85' lang='lat' dir='ltr'>nervos</span> <span class='ocrx_word' id='word_1_265' title='bbox 862 3225 977 3313; x_wconf 89' lang='lat' dir='ltr'>habet,</span> <span class='ocrx_word' id='word_1_266' title='bbox 1005 3228 1176 3296; x_wconf 83' lang='lat' dir='ltr'>absurdior</span> <span class='ocrx_word' id='word_1_267' title='bbox 1205 3231 1315 3314; x_wconf 91' lang='lat' dir='ltr'>opinio</span> 
     </span>
     <span class='ocr_line' id='line_1_29' title="bbox 169 3331 1315 3419; baseline 0.003 -21"><span class='ocrx_word' id='word_1_268' title='bbox 169 3333 358 3399; x_wconf 80' lang='lat' dir='ltr'>Aristotelis</span> <span class='ocrx_word' id='word_1_269' title='bbox 382 3334 452 3398; x_wconf 83' lang='lat' dir='ltr'>erit</span> <span class='ocrx_word' id='word_1_270' title='bbox 499 3331 581 3398; x_wconf 84' lang='lat' dir='ltr'>Sunt</span> <span class='ocrx_word' id='word_1_271' title='bbox 608 3333 695 3398; x_wconf 88' lang='lat' dir='ltr'>enim</span> <span class='ocrx_word' id='word_1_272' title='bbox 718 3333 877 3419; x_wconf 81' lang='lat' dir='ltr'><strong>quaedam</strong></span> <span class='ocrx_word' id='word_1_273' title='bbox 906 3333 941 3396; x_wconf 92' lang='lat' dir='ltr'><strong><em>in</em></strong></span> <span class='ocrx_word' id='word_1_274' title='bbox 968 3335 1063 3400; x_wconf 86' lang='lat' dir='ltr'>eorde</span> <span class='ocrx_word' id='word_1_275' title='bbox 1085 3359 1224 3404; x_wconf 86' lang='lat' dir='ltr'>nervosa</span> <span class='ocrx_word' id='word_1_276' title='bbox 1247 3359 1315 3402; x_wconf 91' lang='lat' dir='ltr'>oor·</span> 
     </span>
     <span class='ocr_line' id='line_1_30' title="bbox 168 3440 1315 3528; baseline 0.003 -23"><span class='ocrx_word' id='word_1_277' title='bbox 168 3441 318 3526; x_wconf 88' lang='lat' dir='ltr'>pusoula,</span> <span class='ocrx_word' id='word_1_278' title='bbox 341 3463 406 3507; x_wconf 90' lang='lat' dir='ltr'><strong><em>uon</em></strong></span> <span class='ocrx_word' id='word_1_279' title='bbox 429 3444 541 3506; x_wconf 88' lang='lat' dir='ltr'>tamen</span> <span class='ocrx_word' id='word_1_280' title='bbox 563 3440 676 3506; x_wconf 87' lang='lat' dir='ltr'>statim</span> <span class='ocrx_word' id='word_1_281' title='bbox 699 3441 792 3506; x_wconf 87' lang='lat' dir='ltr'>nervi</span> <span class='ocrx_word' id='word_1_282' title='bbox 815 3442 906 3523; x_wconf 86' lang='lat' dir='ltr'>sunt,</span> <span class='ocrx_word' id='word_1_283' title='bbox 935 3441 968 3505; x_wconf 88' lang='lat' dir='ltr'><strong><em>id</em></strong></span> <span class='ocrx_word' id='word_1_284' title='bbox 998 3442 1084 3527; x_wconf 86' lang='lat' dir='ltr'>quod</span> <span class='ocrx_word' id='word_1_285' title='bbox 1107 3443 1157 3508; x_wconf 88' lang='lat' dir='ltr'>vel</span> <span class='ocrx_word' id='word_1_286' title='bbox 1181 3466 1220 3508; x_wconf 87' lang='lat' dir='ltr'>ex</span> <span class='ocrx_word' id='word_1_287' title='bbox 1241 3445 1315 3528; x_wconf 89' lang='lat' dir='ltr'>ipso</span> 
     </span>
     <span class='ocr_line' id='line_1_31' title="bbox 170 3531 1316 3634; baseline 0.003 -22"><span class='ocrx_word' id='word_1_288' title='bbox 170 3547 348 3615; x_wconf 77' lang='lat' dir='ltr'><strong>Aristotele</strong></span> <span class='ocrx_word' id='word_1_289' title='bbox 371 3547 588 3613; x_wconf 87' lang='lat' dir='ltr'>demonstrari</span> <span class='ocrx_word' id='word_1_290' title='bbox 611 3531 702 3612; x_wconf 73' lang='lat' dir='ltr'>brevi</span> <span class='ocrx_word' id='word_1_291' title='bbox 724 3549 842 3632; x_wconf 88' lang='lat' dir='ltr'>potest.</span> <span class='ocrx_word' id='word_1_292' title='bbox 887 3545 920 3610; x_wconf 89' lang='lat' dir='ltr'>Is</span> <span class='ocrx_word' id='word_1_293' title='bbox 948 3549 1078 3632; x_wconf 88' lang='lat' dir='ltr'>quidem</span> <span class='ocrx_word' id='word_1_294' title='bbox 1106 3573 1167 3616; x_wconf 89' lang='lat' dir='ltr'>nos</span> <span class='ocrx_word' id='word_1_295' title='bbox 1197 3551 1316 3634; x_wconf 84' lang='lat' dir='ltr'>docuit,</span> 
     </span>
     <span class='ocr_line' id='line_1_32' title="bbox 169 3653 1315 3740; baseline 0.003 -22"><span class='ocrx_word' id='word_1_296' title='bbox 169 3655 206 3739; x_wconf 90' lang='lat' dir='ltr'>si,</span> <span class='ocrx_word' id='word_1_297' title='bbox 229 3677 311 3739; x_wconf 86' lang='lat' dir='ltr'>quae</span> <span class='ocrx_word' id='word_1_298' title='bbox 334 3654 489 3740; x_wconf 85' lang='lat' dir='ltr'>cuiusque</span> <span class='ocrx_word' id='word_1_299' title='bbox 512 3653 722 3718; x_wconf 77' lang='lat' dir='ltr'>instrumenti</span> <span class='ocrx_word' id='word_1_300' title='bbox 744 3656 861 3720; x_wconf 86' lang='lat' dir='ltr'>natura</span> <span class='ocrx_word' id='word_1_301' title='bbox 883 3653 957 3738; x_wconf 88' lang='lat' dir='ltr'>ipsa</span> <span class='ocrx_word' id='word_1_302' title='bbox 986 3659 1085 3740; x_wconf 88' lang='lat' dir='ltr'>esset,</span> <span class='ocrx_word' id='word_1_303' title='bbox 1113 3657 1315 3723; x_wconf 85' lang='lat' dir='ltr'>considerare</span> 
     </span>
     <span class='ocr_line' id='line_1_33' title="bbox 169 3761 1315 3850; baseline 0.005 -25"><span class='ocrx_word' id='word_1_304' title='bbox 169 3762 339 3846; x_wconf 84' lang='lat' dir='ltr'>vellemus,</span> <span class='ocrx_word' id='word_1_305' title='bbox 372 3762 533 3828; x_wconf 83' lang='lat' dir='ltr'>actionem</span> <span class='ocrx_word' id='word_1_306' title='bbox 565 3761 635 3825; x_wconf 90' lang='lat' dir='ltr'>eius</span> <span class='ocrx_word' id='word_1_307' title='bbox 662 3781 833 3845; x_wconf 83' lang='lat' dir='ltr'>usumque,</span> <span class='ocrx_word' id='word_1_308' title='bbox 864 3782 930 3826; x_wconf 90' lang='lat' dir='ltr'><strong><em>uon</em></strong></span> <span class='ocrx_word' id='word_1_309' title='bbox 957 3761 1116 3828; x_wconf 80' lang='lat' dir='ltr'>fabricam</span> <span class='ocrx_word' id='word_1_310' title='bbox 1146 3766 1315 3850; x_wconf 80' lang='lat' dir='ltr'>respicere.</span> 
     </span>
     <span class='ocr_line' id='line_1_34' title="bbox 168 3864 1315 3956; baseline 0.002 -24"><span class='ocrx_word' id='word_1_311' title='bbox 168 3867 270 3934; x_wconf 88' lang='lat' dir='ltr'>Velut</span> <span class='ocrx_word' id='word_1_312' title='bbox 301 3870 429 3953; x_wconf 91' lang='lat' dir='ltr'>ooulus,</span> <span class='ocrx_word' id='word_1_313' title='bbox 463 3869 647 3953; x_wconf 86' lang='lat' dir='ltr'>ubieunque</span> <span class='ocrx_word' id='word_1_314' title='bbox 680 3871 743 3951; x_wconf 90' lang='lat' dir='ltr'>est,</span> <span class='ocrx_word' id='word_1_315' title='bbox 774 3864 851 3952; x_wconf 92' lang='lat' dir='ltr'>quid</span> <span class='ocrx_word' id='word_1_316' title='bbox 884 3867 940 3952; x_wconf 87' lang='lat' dir='ltr'>sit,</span> <span class='ocrx_word' id='word_1_317' title='bbox 975 3869 1003 3934; x_wconf 91' lang='lat' dir='ltr'>si</span> <span class='ocrx_word' id='word_1_318' title='bbox 1031 3869 1315 3956; x_wconf 81' lang='lat' dir='ltr'>interrogabimur,</span> 
     </span>
     <span class='ocr_line' id='line_1_35' title="bbox 168 3974 1315 4064; baseline 0.001 -24"><span class='ocrx_word' id='word_1_319' title='bbox 168 3977 420 4042; x_wconf 84' lang='lat' dir='ltr'><strong><em>instrumentum</em></strong></span> <span class='ocrx_word' id='word_1_320' title='bbox 443 3975 532 4040; x_wconf 86' lang='lat' dir='ltr'>visus</span> <span class='ocrx_word' id='word_1_321' title='bbox 556 3997 626 4040; x_wconf 86' lang='lat' dir='ltr'>esse</span> <span class='ocrx_word' id='word_1_322' title='bbox 650 3974 925 4059; x_wconf 79' lang='lat' dir='ltr'>respondebimus.</span> <span class='ocrx_word' id='word_1_323' title='bbox 969 3974 1046 4042; x_wconf 91' lang='lat' dir='ltr'><strong><em>Non</em></strong></span> <span class='ocrx_word' id='word_1_324' title='bbox 1069 3978 1171 4061; x_wconf 89' lang='lat' dir='ltr'>enim,</span> <span class='ocrx_word' id='word_1_325' title='bbox 1198 3979 1315 4064; x_wconf 90' lang='lat' dir='ltr'>quiae</span> 
     </span>
     <span class='ocr_line' id='line_1_36' title="bbox 167 4082 1314 4168; baseline 0.003 -22"><span class='ocrx_word' id='word_1_326' title='bbox 167 4087 217 4147; x_wconf 86' lang='lat' dir='ltr'><strong><em>tot</em></strong></span> <span class='ocrx_word' id='word_1_327' title='bbox 241 4106 280 4150; x_wconf 87' lang='lat' dir='ltr'><strong><em>ae</em></strong></span> <span class='ocrx_word' id='word_1_328' title='bbox 302 4083 422 4148; x_wconf 88' lang='lat' dir='ltr'>talibus</span> <span class='ocrx_word' id='word_1_329' title='bbox 446 4083 647 4168; x_wconf 89' lang='lat' dir='ltr'>humoribus,</span> <span class='ocrx_word' id='word_1_330' title='bbox 669 4082 799 4166; x_wconf 79' lang='lat' dir='ltr'>tunicis,</span> <span class='ocrx_word' id='word_1_331' title='bbox 822 4083 1031 4167; x_wconf 80' lang='lat' dir='ltr'>membranis,</span> <span class='ocrx_word' id='word_1_332' title='bbox 1053 4085 1208 4151; x_wconf 79' lang='lat' dir='ltr'>musculis</span> <span class='ocrx_word' id='word_1_333' title='bbox 1227 4089 1314 4150; x_wconf 86' lang='lat' dir='ltr'>certo</span> 
     </span>
     <span class='ocr_line' id='line_1_37' title="bbox 167 4189 1314 4275; baseline 0.002 -21"><span class='ocrx_word' id='word_1_334' title='bbox 167 4191 308 4275; x_wconf 86' lang='lat' dir='ltr'>quodam</span> <span class='ocrx_word' id='word_1_335' title='bbox 331 4190 427 4257; x_wconf 92' lang='lat' dir='ltr'>modo</span> <span class='ocrx_word' id='word_1_336' title='bbox 451 4190 642 4274; x_wconf 84' lang='lat' dir='ltr'>compositis</span> <span class='ocrx_word' id='word_1_337' title='bbox 662 4189 858 4254; x_wconf 83' lang='lat' dir='ltr'>constitutus</span> <span class='ocrx_word' id='word_1_338' title='bbox 882 4189 935 4274; x_wconf 91' lang='lat' dir='ltr'>sit,</span> <span class='ocrx_word' id='word_1_339' title='bbox 958 4213 1029 4255; x_wconf 88' lang='lat' dir='ltr'><strong><em>eam</em></strong></span> <span class='ocrx_word' id='word_1_340' title='bbox 1053 4191 1139 4256; x_wconf 83' lang='lat' dir='ltr'>oculi</span> <span class='ocrx_word' id='word_1_341' title='bbox 1161 4195 1314 4256; x_wconf 88' lang='lat' dir='ltr'>naturam</span> 
     </span>
     <span class='ocr_line' id='line_1_38' title="bbox 167 4296 1315 4382; baseline 0.002 -22"><span class='ocrx_word' id='word_1_342' title='bbox 167 4297 274 4380; x_wconf 88' lang='lat' dir='ltr'>ipsam</span> <span class='ocrx_word' id='word_1_343' title='bbox 298 4317 369 4362; x_wconf 87' lang='lat' dir='ltr'>esse</span> <span class='ocrx_word' id='word_1_344' title='bbox 392 4296 462 4360; x_wconf 83' lang='lat' dir='ltr'>vult</span> <span class='ocrx_word' id='word_1_345' title='bbox 486 4297 696 4381; x_wconf 87' lang='lat' dir='ltr'>Aristoteles,</span> <span class='ocrx_word' id='word_1_346' title='bbox 724 4297 904 4362; x_wconf 81' lang='lat' dir='ltr'>rectissime</span> <span class='ocrx_word' id='word_1_347' title='bbox 928 4299 1085 4382; x_wconf 86' lang='lat' dir='ltr'>sentiens,</span> <span class='ocrx_word' id='word_1_348' title='bbox 1113 4301 1149 4362; x_wconf 84' lang='lat' dir='ltr'><strong><em>ut</em></strong></span> <span class='ocrx_word' id='word_1_349' title='bbox 1171 4299 1271 4363; x_wconf 89' lang='lat' dir='ltr'>etiam</span> <span class='ocrx_word' id='word_1_350' title='bbox 1296 4321 1315 4362; x_wconf 87' lang='lat' dir='ltr'>a</span> 
     </span>
     <span class='ocr_line' id='line_1_39' title="bbox 167 4401 1315 4490; baseline 0.003 -24"><span class='ocrx_word' id='word_1_351' title='bbox 167 4403 263 4468; x_wconf 89' lang='lat' dir='ltr'>uobis</span> <span class='ocrx_word' id='word_1_352' title='bbox 287 4402 366 4467; x_wconf 90' lang='lat' dir='ltr'>alibi</span> <span class='ocrx_word' id='word_1_353' title='bbox 390 4401 646 4468; x_wconf 87' lang='lat' dir='ltr'>demonstratum</span> <span class='ocrx_word' id='word_1_354' title='bbox 671 4408 729 4468; x_wconf 86' lang='lat' dir='ltr'>est.</span> <span class='ocrx_word' id='word_1_355' title='bbox 769 4403 864 4468; x_wconf 85' lang='lat' dir='ltr'>Nune</span> <span class='ocrx_word' id='word_1_356' title='bbox 887 4426 973 4487; x_wconf 85' lang='lat' dir='ltr'>vero,</span> <span class='ocrx_word' id='word_1_357' title='bbox 995 4405 1149 4489; x_wconf 89' lang='lat' dir='ltr'>quoniam</span> <span class='ocrx_word' id='word_1_358' title='bbox 1173 4406 1243 4490; x_wconf 89' lang='lat' dir='ltr'>ipse</span> <span class='ocrx_word' id='word_1_359' title='bbox 1267 4405 1315 4470; x_wconf 91' lang='lat' dir='ltr'>ita</span> 
     </span>
    </p>
   </div>
   <div class='ocr_carea' id='block_1_8' title="bbox 0 0 1654 5136">
    <p class='ocr_par' dir='ltr' id='par_1_8' title="bbox 0 0 1654 5136">
     <span class='ocr_line' id='line_1_40' title="bbox 0 0 1654 5136; baseline 0 0"><span class='ocrx_word' id='word_1_360' title='bbox 0 0 1654 5136; x_wconf 95' lang='lat' dir='ltr'><strong><em> </em></strong></span> 
     </span>
    </p>
   </div>
  </div>
 </body>
</html>
