3246 5148
607 409 828 474 ...ssssffl

137 569 257 656 ἐφέηκε
280 563 479 655 πολύφρονά
503 591 563 654 περ
586 570 776 652 χαλεπῆναι.
822 567 899 632 καλ·
919 564 1012 634 Ὅστε
1035 564 1121 634 πολὺ
1145 569 1291 652 γλυκίων

136 676 270 762 με’λιτος
296 674 587 761 καταλειβομένοιο
615 700 644 740 κ.
666 698 693 740 τ.
716 680 758 750 la
790 698 867 740 nam
900 676 981 740 illud
1008 679 1066 740 καί
1091 680 1166 742 ente
1193 672 1291 760 χόλος

135 783 323 868 ponendum
347 785 431 866 erat,
455 782 726 867 quemadmodum
749 782 784 846 in
808 783 898 847 codd.
921 787 953 847 ct
977 782 1045 846 edd.
1064 782 1123 846 AB
1147 784 1290 867 positum

137 893 199 954 cst.
247 887 436 954 Chsrteriue
458 888 555 972 plane
579 888 748 970 omiserat,
776 887 945 954 Kuehnius
969 911 1035 954 non
1058 911 1117 958 suo
1145 888 1218 955 loco
1241 911 1290 954 re·

138 997 260 1060 stituit.
305 995 339 1060 P.
363 994 428 1060 305
451 993 498 1058 K:
528 995 559 1058 εί
585 989 629 1078 μῆ
659 994 774 1076 σαφῶς
801 992 838 1058 ἐν
864 990 996 1071 τούτοις
1014 990 1157 1080 Ὅμηρος
1184 992 1291 1078 ἐκδιη-

137 1113 246 1186 γεῐται
271 1096 381 1186 μάχην
406 1100 522 1184 θυμοῦ
544 1096 627 1185 πρὸς
649 1096 812 1185 λογισμόν
833 1137 893 1182 -,
921 1095 994 1166 οὐδ’
1021 1094 1093 1164 ἀλλ’
1120 1095 1222 1165 οὐδὲν
1248 1095 1291 1164 ἀν

139 1233 192 1284 τις
214 1201 296 1291 ἡμῖν
319 1202 564 1292 συγχωρήσειεν
587 1203 854 1290 ἐκμανθάνειν
879 1207 939 1273 τοῦ
962 1207 1112 1291 ποιητοῦ.
1153 1206 1219 1271 Cur
1242 1206 1291 1271 ἐκ·

139 1311 332 1398 μανθάνειν
347 1311 489 1378 Galenus
508 1313 647 1377 dixerit?
666 1311 768 1377 MAB
776 1311 825 1377 (lh
840 1313 1048 1397 suppeditant
1062 1309 1290 1398 συγχωρήσει

140 1417 393 1505 ἐκμανθάνειν,
415 1419 511 1484 Lsur.
531 1415 780 1503 συγχωρήσειε
803 1414 1020 1503 μανθάνειν,
1043 1419 1129 1503 quod
1149 1419 1290 1484 restitui·
1375 1449 1379 1458 ·

140 1549 215 1592 mus
244 1527 333 1591 illum
358 1526 531 1591 lectionem
560 1547 598 1590 cx
625 1549 728 1610 prava
753 1547 869 1591 vocum
897 1526 1102 1609 separatione
1129 1525 1291 1610 proficisci

141 1633 334 1698 iudicantes.
352 1669 397 1679 -
415 1631 449 1695 P.
473 1631 537 1697 329
562 1631 604 1695 in.
628 1631 672 1697 K:
700 1624 741 1696 ού
764 1626 828 1716 γὰρ
852 1627 966 1716 ἀρχειν
989 1626 1070 1697 αύτὸ
1095 1630 1149 1696 καλ
1174 1628 1289 1696 δεσπό-

141 1743 211 1818 ζειν
234 1740 302 1804 τῶν
319 1733 431 1804 ἄλλων
449 1731 469 1822 ῆ
489 1735 590 1820 φύσις
612 1740 757 1822 ἔνειμεν,
780 1733 862 1802 ὅταν
880 1761 916 1822 γε
935 1735 1169 1823 προσηκόντως
1192 1739 1212 1802 δ
1218 1763 1291 1803 ιοι-

141 1843 259 1930 κήσαι
287 1839 326 1910 τά
354 1841 436 1908 κατὰ
464 1839 525 1909 τὸν
552 1839 752 1930 άνθρωπον,
779 1838 851 1910 ἀλλ’
878 1843 1047 1936 ἐγκεφάλῳ
1074 1841 1136 1929 μὲν
1165 1839 1290 1927 ἀρχειν,

140 1946 327 2016 ὑπακούειν
349 1947 386 2014 δὲ
412 1952 452 2036 τῆ
476 1952 606 2037 καρδίᾳ.
649 1949 696 2015 Ac
723 1951 809 2016 enim
836 1947 919 2017 ὅταν
945 1975 1019 2016 cum
1042 1951 1197 2036 Optativo
1224 1973 1291 2017 nou

141 2059 281 2123 struitur
304 2057 389 2143 apud
413 2055 580 2122 (telenum.
616 2055 719 2121 MAB
727 2054 776 2121 Ch
799 2059 958 2141 praebent
980 2052 1061 2122 ὅταν
1083 2080 1120 2141 γε
1142 2095 1187 2103 -
1209 2058 1291 2122 διοι-

141 2167 258 2250 κῆσαι,
285 2165 340 2251 qui
363 2163 547 2228 Infinitivus
575 2162 720 2227 indicere
747 2164 829 2228 mihi
855 2163 983 2228 videtur
1009 2165 1158 2248 verbum,
1186 2187 1290 2248 equo

141 2273 297 2356 pendeat,
315 2269 487 2354 excidisse,
510 2269 609 2354 quod,
629 2269 657 2333 si
676 2271 855 2334 sententiae
874 2271 1035 2336 rationem
1049 2273 1188 2354 spectes,
1206 2270 1291 2334 nihil

142 2377 233 2444 aliud
256 2378 321 2442 nisi
344 2375 445 2462 με’λλη
469 2377 541 2442 crit.
586 2374 805 2452 Quamobrem
833 2375 991 2440 edidimus
1019 2371 1101 2441 ὅταν
1127 2399 1164 2458 γε
1191 2393 1291 2462 προσ-

141 2481 293 2568 ηκόντως
324 2481 441 2568 μέλλη
475 2483 694 2567 διοικῆσαι,
727 2480 840 2567 ‘neque
872 2483 958 2548 enim
987 2483 1021 2546 id
1051 2486 1170 2547 nutura
1201 2484 1291 2549 cordi

142 2592 275 2676 tribuit,
303 2595 340 2654 ut
366 2590 550 2656 dominetur
578 2589 715 2672 aliisque
744 2590 893 2673 pertibus
923 2590 1073 2672 imperet,
1104 2590 1131 2652 si
1161 2590 1290 2674 quidem

141 2721 195 2762 res
218 2697 388 2763 hominum
412 2696 639 2762 convenienter
661 2697 920 2760 administratura
943 2701 994 2760 est.
1025 2695 1060 2760 P.
1079 2695 1144 2760 353
1163 2699 1242 2760 extr.
1259 2696 1290 2760 K

142 2827 200 2868 cur
223 2803 410 2870 Articulum
431 2803 493 2867 τοῦ
516 2807 591 2867 cute
611 2799 696 2878 Διός
714 2803 857 2886 eiecerit,
880 2802 1028 2886 equidem
1049 2801 1174 2867 nullam
1196 2802 1291 2868 video

143 2933 286 2976 causum.
335 2907 494 2976 MABch
525 2907 559 2973 ἐκ
589 2910 646 2992 τῆς
677 2909 747 2973 τοῦ
777 2904 862 2984 Διὸς
891 2909 1036 2992 κεφαλῆς
1067 2910 1290 2993 γεγεννῆσθαι

142 3013 207 3102 τῆν
231 3012 379 3101 Ἀθηνᾶν
406 3017 600 3100 rectissime,
633 3016 672 3080 cf.
699 3038 730 3099 p.
754 3015 818 3080 348
842 3019 920 3080 extr.
948 3009 1011 3080 άπο
1039 3016 1097 3099 τῆς
1122 3017 1183 3080 τοῦ
1207 3011 1292 3092 Διὸς

143 3125 305 3210 κεφαλῆς,
333 3128 366 3188 et
392 3123 427 3187 in
453 3123 525 3188 loco
550 3120 728 3206 Chrysippi
751 3144 781 3205 p.
805 3123 870 3186 349
898 3119 933 3185 ἐκ
954 3121 1013 3204 τῆς
1035 3123 1179 3208 κεφαλῆς
1201 3120 1291 3205 γενέ-

144 3237 227 3296 σθαι
255 3230 316 3296 τοῦ
345 3225 429 3306 Διός
456 3233 489 3293 et
516 3227 551 3293 ἐκ
579 3230 639 3312 τῆς
664 3227 725 3292 τοῦ
753 3223 838 3303 Διὸς
864 3227 1017 3311 κεφαλῆς.
1062 3227 1097 3294 Ρ.
1122 3229 1188 3293 400
1214 3231 1292 3312 post

145 3337 227 3402 med.
251 3335 418 3402 Posidonii
443 3333 546 3400 Stoici
573 3335 680 3400 locum
703 3334 734 3398 K
763 3335 809 3399 sic
836 3333 974 3398 effinxit:
1004 3331 1222 3418 λωφήσαντος
1254 3332 1291 3399 δὲ

143 3443 207 3508 τοῦ
229 3440 375 3522 πάθους,
402 3445 519 3527 καίπερ
546 3441 604 3524 τῆς
630 3443 698 3507 τῶν
720 3437 978 3525 συμβεβηκότων
1004 3435 1201 3524 ὑπολήψεως
1223 3436 1291 3524 ἅμα

145 3547 208 3614 καλ
242 3549 310 3632 τῆς
340 3549 408 3614 τῶν
438 3550 606 3634 λογισμῶν
638 3542 849 3624 ἀσθενείας
881 3543 1104 3630 διαμενούσης
1138 3542 1293 3633 ούδαμῶς

147 3651 321 3740 ῆσυχάζειν
344 3653 536 3739 ἐδοκίμαζεν
558 3653 615 3741 (sc.
639 3651 657 3721 ὁ
679 3650 916 3741 Ἀγαμέμνων).
950 3651 1121 3720 MABOh:
1145 3650 1212 3738 ἅμα
1234 3656 1292 3739 τῆς

145 3755 404 3842 -ἀσθενείας,
431 3763 513 3825 unde
541 3763 776 3828 restituendum
804 3764 875 3824 erat
901 3755 968 3844 ἅμα
995 3761 1035 3846 τῆ
1062 3798 1105 3808 -
1133 3755 1292 3850 ἀσθενείᾳ

145 3867 201 3955 (cf.
224 3891 323 3953 supra
345 3877 376 3954 p'.
400 3867 471 3954 31),
493 3891 559 3933 non
582 3872 640 3932 καί
660 3868 873 3934 inserendum.
907 3867 942 3932 P.
965 3868 1030 3932 416
1055 3873 1130 3932 ante
1152 3869 1234 3933 med.
1257 3870 1292 3934 iu

147 3963 486 4060 MABCh'seriptum
510 3977 561 4040 est
582 3969 600 4040 ό
624 3975 708 4058 γοῦν
731 3969 810 4058 ὅρος
833 3963 946 4057 οὗτος,
973 3978 1079 4058 φησίν
1101 3973 1159 4062 (se.
1181 3970 1199 4040 ὁ
1223 3979 1290 4039 Πο-

146 4079 348 4168 σειδιόνιος),
374 4076 392 4147 ὁ
417 4082 475 4165 τῆς
502 4077 609 4164 ἀτης,
640 4077 751 4168 ὥσπερ
782 4071 846 4147 οὖν
875 4079 929 4146 καλ
953 4077 1048 4146 ἄλλοι
1076 4080 1192 4146 πολλοὶ
1225 4082 1291 4144 τῶν

146 4189 267 4252 παθῶν
289 4225 333 4234 -
357 4187 561 4270 ἐξελίγχουσι
584 4183 646 4272 τήν
668 4184 805 4273 γνώμην
829 4182 944 4253 αὐτοῦ.
988 4189 1019 4252 Κ
1042 4210 1102 4272 pro
1125 4183 1204 4271 άτης
1227 4187 1291 4252 exi·

146 4294 294 4359 stimavit
311 4294 496 4377 ponendum
515 4317 584 4358 esse
604 4289 713 4378 ἀσης,
736 4317 800 4379 quc
817 4317 897 4362 voce
915 4295 998 4359 nihil
1017 4293 1154 4359 alienius
1174 4293 1291 4360 abhoc

145 4401 218 4466 loco
238 4404 297 4466 est.
327 4399 426 4486 Num,
450 4404 486 4465 ut
503 4401 625 4466 Bekius
644 4399 697 4489 (de
716 4401 867 4468 Posidon.
885 4401 990 4467 Rhod.
1004 4400 1085 4466 ltell.
1099 4423 1130 4487 p.
1145 4402 1219 4490 202,
1234 4400 1290 4496 52)
