3296 5150
647 464 887 530 -355-

199 645 261 688 νον
284 617 319 688 di
345 617 386 706 τλῆ
412 623 481 700 πῶς
504 621 637 706 λέγουσι
662 619 716 687 καὶ
739 616 942 708 άτράχηλον;
970 618 1145 708 ἀναγκάζει
1173 621 1237 713 γάρ
1261 621 1346 712 ῆηὶάς

198 724 237 795 τά
262 726 391 816 ῥήματα
415 723 434 815 ῆ
459 733 681 814 Χρυσίππειος
705 727 861 816 ἑρμηνεία
885 730 940 797 καὶ
958 732 1061 797 ταῦτα
1081 730 1280 817 ἐξηγεῖσθαι.
1306 731 1344 800 τὸ

197 836 274 922 μέν,
298 831 402 922 οἶμαι,
425 832 574 921 στερήσει
598 837 715 922 φωνῆς
737 830 758 922 ῆ
782 834 964 924 τραχήλου,
994 834 1031 904 τὸ
1061 835 1097 904 δὲ
1121 837 1271 908 κακώσει.
1316 845 1348 908 εἰ

198 941 260 1030 μὲν
291 940 356 1029 γάρ
389 968 438 1021 τις
473 939 596 1028 φάσκοι
629 940 708 1022 τοὺς
740 945 839 1029 ἰχθῦς
870 939 1030 1030 άφάνους
1062 941 1223 1033 ὑπάρχειν
1257 941 1276 1033 ῆ
1306 945 1345 1015 τὰ

199 1047 299 1135 φυτά,
322 1051 367 1141 τῷ
392 1047 475 1136 μηδὲ
499 1045 584 1128 ὅλως
607 1053 695 1136 ἔχειν
713 1047 833 1178 φωνῆν
857 1047 962 1130 οὕτως
985 1045 1068 1120 αὐτὰ
1086 1052 1379 1182 προσαγορεύων

197 1160 228 1224 ει’
250 1157 291 1223 δι’
310 1182 360 1236 τις
387 1182 527 1242 αφωνον
551 1153 636 1223 εἶναι
666 1157 755 1242 λε’γοι
779 1155 839 1224 τὸν
852 1154 1100 1282 γιθαρφδὸν”
1080 1187 1100 1246 η
1124 1157 1184 1227 τὸν
1206 1159 1346 1248 κήρυκα,

197 1261 345 1332 κάκωσίν
368 1289 444 1330 τινα
464 1263 727 1332 ἐνδειῌκνυται
689 1289 746 1350 της
769 1267 885 1351 φωνῆς
907 1259 1167 1354 renovatum-'¹
1147 1293 1166 1352 η
1182 1264 1254 1390 γὰρ
1273 1286 1346 1356 σμι·

197 1367 377 1456 ιιρόφωνον
397 1365 442 1460 1
423 1399 442 1458 η
465 1369 689 1498 τραχύφωνον
714 1365 733 1458 ἢ
757 1369 1026 1460 μελάμφωνον”
1006 1398 1025 1459 η
1049 1397 1079 1439 τι
1103 1375 1259 1442 τοιοῦτον
1281 1399 1345 1442 ετε-
1355 1389 1412 1447 384

199 1503 262 1562 ρον
294 1473 383 1544 εἶναί
411 1497 517 1564 φησιν
554 1473 673 1562 αὐτόν,
707 1475 748 1545 οὗ
779 1476 847 1585 pipp
879 1482 1046 1558 παντελῶς
1078 1505 1114 1565 γε
1148 1481 1345 1569 ἐστερῆσθαι

198 1586 321 1670 φωνῆς.
367 1581 455 1652 οὕτω
480 1581 516 1652 δε
540 1583 594 1652 καὶ
623 1565 838 1711 άτραχῆλους
851 1583 944 1666 τινάς
966 1612 1008 1654 οι
1010 1583 1189 1674 ομαζουσιν
1211 1583 1345 1676 άνθριά-
1361 1611 1385 1648 ¹0

196 1715 290 1776 πους,
314 1687 355 1759 οὐ
378 1719 423 1778 μα
443 1696 512 1758 Διά
535 1687 644 1780 ωσπερ
666 1689 746 1772 τοὺς
769 1695 867 1780 ι’χθῦς
886 1689 1135 1782 άτραχῆλους”
1114 1720 1158 1761 αν
1179 1721 1229 1774 τις
1247 1701 1345 1778 εἴποι,

197 1795 282 1865 διότι
314 1795 397 1885 μηδὲ
425 1795 512 1878 ὅλως
539 1795 653 1879 αὐτοῖς
681 1797 819 1886 ὑπάρχει
852 1799 1029 1888 τράχηλος,
1063 1797 1174 1882 οὐδεὶς
1205 1800 1269 1890 γὰρ
1302 1797 1345 1871 dv

197 1901 284 1972 οὕτω
309 1929 344 1991 γε
368 1902 549 1993 ἄνθρωπος
567 1901 751 1994 άτράχηλος
775 1915 836 1993 εἴη,
859 1904 904 1987 ὡς
927 1907 1124 1995 ἐστερῆσθαι
1147 1906 1184 1978 τὸ
1208 1905 1345 1996 πάμπαν

196 2009 378 2098 τραχήλου,
401 2009 484 2080 ἀλλά
507 2015 552 2105 τῷ
576 2011 718 2102 σμικρὸν
741 2017 829 2100 ἔχειν
851 2011 911 2082 τὸν
934 2013 1100 2102 τράχηλον
1124 2011 1349 2104 ὀνομάζονταί

196 2143 283 2198 τινες
306 2115 393 2186 οὕτω
417 2117 472 2187 καὶ
495 2119 587 2206 με’νει
606 2116 781 2188 κάνταῦθα
804 2119 843 2188 τά
867 2121 1078 2208 παραπλήσια
1103 2119 1166 2190 δύο
1185 2120 1344 2209 σημαινό-
1360 2130 1384 2182 ¹⁵

196 2251 296 2313 μενα,
324 2223 476 2314 καθάπερ
504 2227 556 2294 ἐπὶ
583 2230 641 2315 τῆς
668 2225 804 2315 άφωνος
830 2233 1064 2316 προσηγορίας.
1109 2225 1196 2297 οὕτω
1225 2227 1262 2296 δὲ
1289 2229 1344 2296 καὶ

196 2332 301 2414 άπους
323 2334 378 2472 καὶ
403 2329 542 2421 άσιιελῆς
568 2336 622 2403 καλ
647 2330 795 2414 άκοίλιος
822 2335 876 2402 καὶ
905 2333 1068 2424 άπλευρος
1094 2336 1150 2404 καὶ
1173 2333 1265 2424 άχειρ
1288 2337 1342 2404 καὶ

235 2467 318 2582 Ιὸῆ
324 2533 382 2577 πως
406 2512 486 2568 codd.
505 2512 566 2568 edd.
591 2509 626 2582 τλῆ
651 2513 710 2576 πῶς
733 2529 843 2568 nos-
870 2507 1010 2582 λφάσιιει
1033 2511 1175 2582 ΔΒΟΚΚς
1200 2515 1235 2570 cf.
1259 2513 1342 2568 Prolt.

199 2605 226 2654 p.
246 2591 342 2639 21.-
367 2577 658 2652 ἵάνθράπσυο,-
683 2591 699 2640 8
723 2579 912 2654 μελάμφωνον
930 2601 993 2639 cum
1016 2587 1149 2640 asterisco
1167 2555 1192 2640 it
1211 2579 1342 2656 μεγάφω-

199 2675 250 2710 νον
272 2654 412 2712 Corn.-
438 2663 454 2712 9
497 2655 689 2742 εστερῆσθαι
711 2655 806 2710 M.-
833 2663 865 2710 10
883 2656 970 2710 verba
992 2651 1070 2718 τινάς
1093 2651 1281 2742 ὀνομάζουσιν
1310 2685 1341 2696 -

195 2721 371 2810 ατραχηλους
390 2744 443 2783 om
459 2675 548 2781 ni-
571 2735 600 2782 11
622 2747 660 2798 μα
681 2721 817 2782 oc
840 2722 1148 2798 ΙλτομικρονΜ
1172 2723 1343 2782 latitante

195 2793 376 2867 παραπλήσια
394 2815 448 2852 orn.
468 2798 504 2852 M.
526 2830 558 2838 —

197 2917 408 2927 .--u-...—

195 2979 324 3066 quidem
364 2983 395 3043 et
382 2977 626 3045 tdeeoilatum
661 2955 738 3065 qnid
772 2979 987 3065 intellegunt?
1024 2977 1136 3065 (Cogit
1166 2979 1251 3046 enim
1281 3002 1341 3046 nos

195 3085 372 3172 Chrysippi
397 3086 624 3172 interpretatio
648 3087 746 3151 etiam
769 3085 850 3154 haee
878 3086 977 3152 verba
1001 3085 1198 3174 explanare.)
1243 3085 1341 3152 Modo

195 3195 412 3280 privat-ionem
441 3192 531 3259 vocis
555 3193 605 3258 vel
634 3193 724 3278 colli,
752 3194 848 3261 modo
875 3194 1140 3280 depravationem
1165 3193 1342 3278 significari

195 3301 315 3366 cohmt.
362 3299 444 3366 Cum
468 3301 555 3366 enim
578 3301 683 3386 pisces
708 3301 826 3388 aliquis
853 3325 918 3368 non
941 3301 1070 3367 vocales
1095 3323 1165 3366 esso
1189 3301 1268 3367 dicit
1289 3302 1341 3367 vel

195 3409 329 3494 stirpes,
359 3408 406 3473 ito
434 3405 592 3492 appeunt,
619 3409 773 3493 quoniam
801 3411 890 3476 vocis
918 3431 1051 3494 prorsus
1076 3413 1224 3494 expertes
1252 3412 1340 3494 sunt3

195 3537 267 3578 eum
292 3515 360 3578 sine
385 3537 461 3580 voce
481 3515 702 3580 citharoedum
727 3515 777 3582 vel
801 3537 1004 3602 praeconem,
1027 3517 1115 3582 vocis
1139 3513 1342 3600 depravatio-

196 3643 268 3684 nem
293 3643 329 3684 πο
353 3621 470 3685 vitium
495 3621 670 3706 significat3
699 3627 755 3687 aut
778 3623 863 3689 enim
889 3645 1001 3689 vocem
1029 3622 1145 3689 exilem
1170 3625 1227 3687 aut
1249 3643 1341 3706 aspe-

196 3749 264 3791 ram
290 3731 346 3792 aut
369 3727 493 3792 fuscam
519 3731 575 3792 aut
598 3727 662 3792 tole
682 3727 849 3814 quidpiam
868 3729 999 3816 habere,
1021 3753 1086 3796 non
1110 3751 1188 3796 voce
1207 3751 1339 3814 prorsus

195 3856 303 3900 carere
326 3833 492 3900 hominem
510 3833 598 3898 dicit.
636 3832 688 3900 Sic
707 3859 834 3922 qnoque
853 3835 1032 3904 decollatos
1055 3837 1212 3922 quosdam
1232 3835 1341 3921 appel·

194 3943 264 4008 lani
286 3963 352 4008 non
370 3962 429 4026 por
446 3939 562 4005 Jovern
586 3940 668 4026 ideo,
690 3945 785 4028 quod,
809 3943 904 4011 sicuti
926 3943 1031 4030 pisces
1050 3943 1174 4009 nullum
1198 3942 1340 4027 omnino,

194 4050 249 4114 sed
273 4049 359 4134 quod
387 4067 522 4132 parvum
551 4045 674 4113 habent
696 4047 829 4138 collum3
859 4051 928 4116 fieri
955 4049 1043 4116 enim
1066 4073 1130 4116 non
1154 4052 1277 4135 potest,
1304 4052 1341 4113 ut

193 4157 241 4222 ita
263 4155 442 4222 decollatus
466 4155 564 4221 homo
590 4155 642 4239 sit,
666 4160 702 4220 ut
725 4157 809 4223 collo
832 4157 962 4243 penitus
987 4159 1104 4241 careat,
1128 4157 1210 4222 unde
1234 4157 1280 4240 fit,
1303 4159 1340 4221 ut

193 4265 246 4329 hic
270 4284 397 4348 quoque
420 4262 502 4327 duae
526 4261 602 4328 illae
630 4261 901 4350 significationes,
928 4266 1012 4331 sieut
1042 4265 1074 4330 in
1103 4263 1205 4328 altero
1231 4262 1340 4348 verb0‚

193 4373 369 4435 serventur.
392 4367 466 4436 Non
482 4369 577 4434 aliter
587 4369 744 4436 voeabula
759 4365 874 4454 ἄπους,
889 4364 1038 4454 άσκελής,
1052 4363 1208 4452 άκοίλιος,
1222 4363 1338 4434 άπλευ-

194 4501 263 4560 ρος,
286 4472 379 4562 ἄχειρ
403 4481 498 4562 atquo
518 4475 551 4542 id
570 4495 672 4562 genus
692 4477 765 4561 alia,
788 4500 870 4562 qnae
889 4479 936 4543 ita
956 4501 989 4542 se
1008 4477 1140 4562 habent,
1164 4475 1297 4542 utillud
1317 4481 1337 4540 ῐι

1071 4599 1131 4666 w,
