3376 5144
620 318 864 382 -797-

151 473 328 545 κάπειδὰν
359 479 406 565 φῇ
438 502 487 556 τις
519 472 584 543 ἀπο
622 478 693 543 τῶν
724 478 850 543 κοινῶν
883 477 1028 544 ἐννοιῶν
1059 474 1226 564 ἄρχεσθαι
1263 476 1319 544 καὶ

152 582 287 664 ταύτας
327 589 485 652 τίθεσθαι
525 586 660 671 πρῶτον
704 578 867 650 ἁπάντων
907 581 1082 671 κριτίριον
1123 583 1157 664 ἐξ
1200 583 1324 652 ἑαυτοῦ

153 689 296 758 πιστόν.
346 687 397 758 ὅτι
424 689 486 777 μὲν
517 691 580 777 γὰρ
613 686 650 756 τὸ
689 691 824 776 πρῶτον
861 687 1037 777 κριτήριον
1075 685 1326 769 ἀναποδείκτως

155 795 257 864 εἶναι
281 800 335 864 δεί
354 795 484 882 πιστόν,
508 794 717 883 ὡμολόγηται
741 798 861 880 πᾶσιν,
885 793 928 862 οὐ
951 794 1020 882 μὴν
1043 792 1094 863 ὅτι
1117 822 1155 882 γε
1178 796 1327 882 φυσικὸν

157 901 256 971 εἶναι
281 907 335 972 δεῖ
354 907 453 972 τοῦτο
480 903 535 970 καὶ
559 901 696 971 πάντων
723 897 920 991 ἀνθρώπων
948 900 1084 986 κοινόν,
1117 900 1352 990 δμονοοῦσινῡ

159 1009 314 1090 ἅπαντες
350 1009 405 1077 καὶ
442 1013 478 1078 ol
514 1016 661 1078 πλεῖστοι
698 1016 944 1098 προκρίνουσιν
982 1011 1088 1079 ε’νίοτε
1129 1013 1191 1078 τοῦ
1227 1013 1325 1100 κοινῇ

159 1121 272 1185 πᾶσιν
300 1114 493 1204 ἀνθρώποις
521 1118 670 1204 ἐναργῶς
702 1118 915 1204 φαινομένου
946 1115 985 1185 τὸ
1013 1121 1054 1206 τῇ
1089 1116 1218 1186 ἑαυτῶν
1245 1115 1325 1186 ὑπο·

160 1224 268 1311 λήψει
294 1225 446 1311 ἐμμένειν
482 1223 538 1290 καὶ
575 1227 841 1312 προσποιοῦνται
870 1225 1125 1292 πεπιστευκέναι
1153 1219 1324 1314 βεβαίωςλ

163 1324 221 1410 οἷς
250 1327 344 1399 αὐτοὶ
375 1332 531 1416 λέγουσιν
559 1333 630 1418 είκῆ
659 1333 755 1398 ἕνεκα
782 1335 844 1399 τοῦ
873 1330 1131 1413 κατασκευάζειν
1156 1359 1188 1399 τι
1217 1330 1393 1420 δόγμαῖῖθ

163 1440 241 1504 τῶν
263 1433 327 1504 ἀπὸ
353 1440 409 1523 τῆς
434 1437 561 1504 ἑαυτῶν
584 1438 757 1525 αίρίσεως,
781 1437 892 1526 ῶσπερ
916 1465 954 1524 γε
982 1438 1085 1506 πάλιν
1109 1439 1219 1526 ἕτεροί
1239 1465 1328 1518 τινες
1342 1461 1368 1498 10

165 1548 219 1624 είς
241 1540 278 1611 τὸ
303 1541 498 1629 διαβάλλειν
519 1571 550 1610 τι
578 1547 647 1612 τῶν
676 1543 880 1632 ἑτεροδόξων
907 1542 1139 1632 ὑπομένουσιν
1167 1545 1328 1624 ἑκουσίως

168 1648 367 1730 ψεύδεσθαι.
411 1665 481 1730 τοῖς
503 1649 567 1740 γάρ
591 1651 731 1732 ἑαυτοὺς
755 1648 820 1720 ἀπό
845 1679 938 1730 τινος
960 1651 1120 1738 αἱρέσεως
1142 1649 1328 1740 ἀναγορεύ-

167 1777 273 1824 σασιν
303 1753 525 1844 ἀγωνίζεσθαι
557 1757 727 1846 πρόκειται
760 1760 835 1846 περὶ
874 1757 1011 1827 πάντων
1047 1762 1116 1826 τῶν
1152 1758 1235 1826 κατὰ
1265 1757 1328 1846 τὴν

168 1867 318 1948 αἵρεσιν,
347 1869 377 1930 εί
406 1865 461 1931 καὶ
490 1869 656 1952 μηδεμίαν
689 1862 879 1952 ἀναγκαίαν
912 1861 1125 1934 ἀκολουθίαν
1153 1871 1218 1952 ἔχει
1246 1865 1330 1954 πρὸς

166 1971 234 2058 τὴν
256 1978 475 2057 στοιχείωσιν,
498 1970 607 2060 ῶσπερ
631 1969 743 2059 ἀμέλει
766 1970 843 2040 κάπὶ
867 1975 930 2040 τοῦ
951 1973 1028 2058 περὶ
1052 1975 1114 2039 τοῦ
1136 1976 1195 2058 τῆς
1218 1976 1328 2060 ψυχῆς
1344 1995 1368 2034 15

169 2076 376 2165 ἡγεμονικοί
400 2079 573 2168 δόγματος.
617 2083 716 2148 τοῦτο
744 2077 808 2166 γὰρ
836 2083 963 2166 ἰατροῖς
991 2081 1191 2146 ἐπίστασθαι
1215 2081 1328 2166 χρήσι-

211 2335 224 2382 1
249 2329 290 2396 φῆ
314 2326 344 2382 Μ
371 2329 442 2398 φησί
465 2327 606 2396 ascum
633 2329 668 2383 cf.
694 2328 778 2384 Proll.
802 2346 830 2399 p.
855 2334 898 2383 33.
924 2359 956 2368 -
985 2335 1002 2381 4
1025 2323 1060 2396 δὴ
1085 2345 1137 2398 pro
1161 2329 1211 2383 δεῖ
1229 2329 1266 2384 Μ.
1293 2361 1325 2369 ——

171 2407 188 2451 5
210 2395 357 2454 ἐννοοῦσιν
382 2398 460 2454 codd.
487 2400 549 2456 edd.
574 2395 744 2470 ὁμονοοῦσιν
768 2416 826 2455 nos.
851 2431 885 2440 —
910 2405 925 2453 'l
945 2396 976 2453 τὸ
996 2402 1061 2454 ante
1081 2399 1114 2471 τῇ
1138 2417 1189 2455 nos
1209 2398 1326 2456 incerni-

171 2489 243 2527 mus.
264 2501 296 2510 —
316 2477 351 2551 ,¹⁶
370 2472 419 2525 τοῦ
438 2471 487 2540 τῆς
505 2471 599 2541 ψυχῆς
618 2472 697 2527 codd.
717 2471 780 2526 edd.
800 2471 851 2526 τοῦ
870 2471 1004 2539 περὶτοῦ
1025 2471 1075 2538 τῆς
1093 2483 1125 2539 ψ,
1144 2488 1202 2527 nos.
1224 2503 1257 2512 -

186 2617 389 2627 -.Ἦ

173 2725 234 2788 bus
262 2724 363 2789 animi
386 2724 575 2789 notionibus
604 2722 722 2787 dixerit
750 2723 984 2790 exordiendum
1014 2747 1085 2790 esse
1114 2745 1234 2811 easque
1263 2730 1328 2792 sta·

172 2832 274 2896 tuerit
298 2853 368 2895 esse
392 2830 532 2914 primum
556 2831 701 2895 omnium
721 2831 877 2895 iudicium
896 2853 935 2895 ex
955 2853 989 2895 ee
1008 2832 1082 2915 ipso
1101 2832 1164 2896 fide
1183 2831 1328 2917 dignum.

172 2937 304 3002 Etenim
345 2938 487 3021 primum
529 2936 684 3001 iudicium
727 2939 798 3002 sine
838 2937 907 3002 nlla
942 2937 1223 3002 demonstratione
1265 2939 1328 3002 fide

172 3043 308 3130 dignum
336 3066 407 3108 esse
434 3044 550 3109 debere
578 3044 664 3108 inter
690 3066 804 3108 omnes
833 3047 976 3126 constat,
1011 3066 1078 3108 non
1111 3046 1223 3108 tamen
1252 3066 1327 3110 con·

172 3150 319 3216 sentiunt
358 3151 507 3215 naturale
550 3151 765 3235 omnibusque
810 3151 1000 3216 hominibus
1042 3171 1214 3215 commune
1256 3172 1327 3214 esse

173 3261 323 3340 oportere
357 3279 393 3321 ao
430 3258 576 3341 plerique
610 3280 675 3322 non
710 3280 784 3323 raro
818 3258 853 3322 in
887 3281 946 3323 sua
983 3262 1129 3343 perstare
1163 3257 1328 3321 sententia·

174 3365 302 3430 malunt
337 3385 434 3448 quam
476 3365 524 3448 id,
565 3363 651 3450 quod
693 3363 846 3429 omnibus
884 3366 1101 3430 communiter
1135 3362 1326 3428 hominibus

173 3472 305 3536 evidens
334 3471 606 3557 manifestumque
640 3475 704 3554 cst,
741 3470 833 3555 sequi
873 3471 1092 3556 simulantque
1130 3491 1164 3534 ae
1202 3474 1325 3535 certam

172 3577 239 3642 illis
266 3578 363 3643 fidem
391 3577 523 3662 habere,
552 3599 633 3663 quae
661 3576 726 3661 ipsi
756 3576 1027 3661 emendicant,
1056 3581 1092 3642 ut
1116 3599 1194 3641 suae
1218 3581 1326 3642 sectae

174 3683 337 3749 decretum
366 3684 497 3769 aliquod
520 3683 725 3766 confirment,
751 3684 877 3747 sicute
907 3684 1074 3748 contrario
1103 3683 1160 3748 alii
1183 3684 1326 3769 quidam,

174 3793 211 3853 ut
234 3791 331 3855 aliter
353 3791 561 3856 sentientium
589 3790 754 3854 decretum
777 3788 985 3874 impugnent,
1013 3793 1132 3874 sponte
1156 3811 1215 3854 sua
1239 3811 1325 3854 men-

175 3895 229 3962 tiri
257 3919 324 3962 uon
350 3899 509 3962 verentur.
557 3897 616 3973 Qui
652 3897 737 3960 enim
762 3895 906 3981 aliquam
930 3899 1054 3961 sectam
1077 3895 1216 3980 professi
1240 3901 1325 3979 sunt,

176 4003 214 4067 iis
237 4004 443 4087 propositum
471 4007 520 4068 est
544 4007 728 4068 concertare
752 4003 790 4066 de
815 4002 982 4087 omnibus,
1009 4025 1092 4087 qnae
1116 4005 1223 4066 sectae
1248 4023 1324 4066 suae

175 4113 263 4194 sunt,
286 4110 416 4174 etiamsi
439 4111 562 4175 nullam
586 4131 660 4174 oum
683 4109 855 4192 principiis
883 4109 1117 4193 elementisque
1150 4107 1323 4172 cohaeren-

176 4217 239 4284 tiae
262 4217 489 4282 necessitatem
508 4217 661 4300 habeant,
683 4215 783 4280 veluti
806 4215 841 4279 in
864 4215 927 4280 hoo
949 4214 989 4278 de
1011 4215 1198 4299 principatu
1221 4213 1324 4278 animi

176 4323 303 4389 decreto
327 4347 387 4389 usu
418 4324 515 4389 venit.
563 4321 655 4399 Quod
687 4343 783 4386 nosse
807 4321 941 4386 medicis
974 4321 1054 4384 utile
1078 4323 1141 4404 est,
1178 4323 1228 4404 ut,
1265 4321 1323 4386 ubi
