3296 5150
597 428 839 493 -409-

146 591 207 657 τοῦ
244 587 409 675 στόματος·
448 583 563 674 ἀπαθῆ
599 587 662 676 μέν
700 616 765 676 γαρ
801 593 957 674 γίνεσθαι
991 588 1102 673 ψυχὴν
1133 611 1197 672 την
1230 585 1293 652 τοῦ

147 699 258 784 σοφοῦ
294 695 467 783 δηλονότι,
506 699 600 783 σῶμα
632 695 669 765 δὲ
707 693 808 766 οὐδὲν
839 694 1001 784 ὑπάρχειν
1032 692 1172 775 ἀπαθές·
1209 691 1292 762 ἀλλὰ

148 803 356 891 δικαιότερον
379 801 465 872 εἶναι
488 804 715 892 προσεικάζειν
742 803 799 884 τὰς
824 808 894 872 τῶν
920 802 1061 891 φαύλων
1089 802 1196 889 ψυχὰς
1218 801 1292 890 ἦτοι

146 915 186 1001 τῇ
209 913 377 1000 σωματικῇ
400 907 509 1000 ὑγιείᾳ
536 912 657 1002 ἐχούσῃ
680 911 718 980 τὸ
746 907 956 998 εὐέμπτειτον
983 915 1030 988 είς
1058 908 1176 994 νόσον,
1204 907 1291 978 οὕτω

148 1017 211 1106 γὰρ
234 1015 410 1106 ὠνόμασεν
433 1015 451 1087 6
477 1019 721 1104 Ποσειδώνιος,
753 1015 773 1106 ἢ
801 1017 885 1108 αὑτῇ
911 1021 951 1107 τῇ
981 1017 1087 1108 νόσῳ,
1115 1015 1200 1086 εἶναι
1228 1015 1319 1104 γίιρ5

148 1125 222 1214 ἤτοι
246 1125 380 1212 υοσιόδη
403 1124 479 1193 τινὰ
507 1127 576 1208 ἕξιν
598 1123 618 1214 ἢ
642 1124 707 1214 ἤδη
731 1132 910 1195 νοσοῦσαν.
955 1125 1156 1213 συμφέρεται
1179 1126 1292 1212 μέντοι

147 1237 192 1323 τῷ
221 1237 403 1323 Χρυσίππῳ
436 1233 489 1300 καὶ
523 1231 637 1313 αὐτός,
671 1231 715 1314 ὡς
741 1249 856 1304 νοσεῖν
884 1261 918 1302 τε
951 1233 1060 1320 λέγειν
1090 1230 1153 1320 τὴν
1182 1229 1294 1318 ψυχὴν

149 1337 295 1418 ἅπαντας
321 1337 400 1420 τοὺς
431 1338 582 1425 φαύλους
613 1341 756 1409 ἐοικέναι
787 1369 821 1409 τε
855 1341 918 1429 τὴν
944 1341 1049 1410 νόσον
1081 1337 1192 1408 αὐτόν
1222 1353 1294 1416 ταῖς

149 1447 337 1532 εἰρημέναις
358 1449 420 1514 τοῦ
442 1446 593 1576 σώματος
619 1448 845 1517 καταστάσεσι.
889 1449 975 1536 λέγει
1003 1451 1087 1533 γοῦν
1118 1439 1183 1514 ὦδε
1210 1444 1293 1513 κατὰ

150 1553 251 1632 λέξιν·
281 1549 352 1619 διὸ
375 1551 470 1620 uat‘
453 1583 473 1641 η
502 1553 604 1635 νόσος
628 1561 687 1644 τῆς
716 1561 823 1643 ψυχῆς
845 1561 954 1623 ἔοικεν
985 1551 1061 1642 οὐχ,
1089 1553 1133 1633 ὡς
1161 1550 1179 1621 6
1206 1552 1292 1640 Χρὺ-
1308 1565 1333 1603 ¹⁰

149 1661 279 1738 ῠίππῠς
302 1655 472 1747 ὖπειληφε,
495 1665 535 1750 τῇ
559 1663 700 1731 νοσώδει
723 1666 854 1752 καχεξίᾳ
876 1665 938 1731 τοῦ
961 1661 1123 1748 στόματος,
1146 1656 1223 1727 καθ’
1251 1655 1293 1746 ἣν

148 1763 360 1854 ὑποφέρεται
392 1767 613 1856 ῥεμβόόεσιν,
649 1767 723 1858 οὐχὶ
750 1775 953 1857 περιοδικοῑς
981 1762 1045 1852 [οἷς
1071 1763 1100 1834 τ’
1130 1768 1291 1853 ἐμπίπτει]

149 1875 323 1960 πυρετοῖς,
346 1871 429 1942 ἀλλὰ
457 1881 585 1964 μᾶλλον
612 1881 719 1944 ἔοικεν
742 1874 762 1963 ἡ
790 1874 911 1963 ψυχικὴ
938 1874 1038 1954 νόσος
1064 1872 1136 1961 ἤτοι
1163 1877 1203 1962 τῇ
1230 1894 1293 1942 σεο-

149 1981 280 2068 ’ματικῇ
301 1981 305 2068 Ι
330 1977 439 2072 ὑγιείᾳ
463 1983 583 2072 ἐχούσῃ
606 1983 643 2052 τὸ
668 1981 876 2073 εὑέμπτωτον
903 1988 950 2060 είς
976 1981 1080 2050 νόσον
1103 1977 1123 2069 ἢ
1147 1977 1230 2068 αὑτῇ
1253 1984 1360 2072 τῇλδλ

150 2085 261 2176 ρνόσῳ.
311 2091 377 2154 ἔστι
405 2087 469 2176 γὰρ
498 2086 604 2178 ἡμὲν
631 2091 799 2180 σωματικὴ
828 2090 928 2169 νόσος
949 2089 1022 2180 Ιέξις
1046 2087 1110 2175 ἤδη
1133 2091 1293 2174 νοσοῦσα,
1309 2099 1333 2140 ¹⁵

187 2335 284 2430 θῆτρι
308 2337 418 2408 νοσώδη
446 2341 580 2396 MABCh
604 2342 708 2411 μᾶλλον
731 2359 789 2396 νοσ.
814 2341 890 2395 Bake
914 2338 1117 2408 (1.1.ρ’,217
1138 2345 1181 2407 73)
1206 2341 1239 2396 Κ.
1259 2372 1292 2381 -

152 2419 215 2467 ἴτε
235 2411 327 2482 λέγειν
346 2411 374 2466 Μ
394 2431 422 2466 τε
443 2412 492 2466 καὶ
510 2411 602 2480 λέγειν
604 2363 763 2476 μςΑΒΟῘιΚ
782 2413 816 2498 of
832 2413 1079 2480 Ρτο]1.ρ.,-37
1099 2419 1131 2464 1⁶2
1151 2406 1292 2482 ὅομβτόδε-

151 2503 195 2538 σιν
213 2483 378 2540 MABchK
397 2478 571 2574 όεμβόδεσιν
591 2485 724 2538 Corn.-
692 2484 787 2537 -οἴτ
791 2477 860 2536 ’Μ1
881 2431 953 2538 oiorp
971 2482 1013 2537 Μ’
1031 2483 1076 2546 (of
1096 2483 1181 2538 Proll
1200 2502 1228 2553 p.
1249 2486 1293 2550 ⁷2)

151 2549 237 2640 οίς.τ’
258 2552 436 2610 ABChK
406 2574 480 2617 οιςτ
485 2549 644 2642 ἐμπίπτει
663 2553 740 2609 uncis
763 2555 984 2644 ἰορλοείιοοε-
1014 2561 1044 2609 13
1062 2553 1097 2638 τῇ
1117 2557 1183 2610 ants
1202 2572 1294 2623 σωμα-

151 2627 213 2696 τιτιῇ
233 2626 451 2682 addidimus-
479 2633 511 2680 14
529 2621 616 2695 ὑγιήα
635 2625 725 2682 M.
749 2620 908 2682 εὑέπτοιτοκ
927 2627 1016 2682 Μ.-
1040 2621 1092 2696 τὴν
1110 2620 1195 2681 νόσον
1214 2625 1293 2681 codd.

152 2697 213 2754 edd.
233 2717 284 2768 τιμ
303 2699 368 2752 unte
386 2691 472 2752 νότον
490 2697 735 2768 expunximus.—

153 2953 231 3040 reri3
253 2975 331 3018 nem
353 2951 511 3036 sapientis
530 2950 674 3018 animum
692 2953 806 3019 morbo
825 2945 948 3018 tentari
967 2975 1033 3018 non
1050 2975 1156 3036 posse,
1179 2975 1296 3036 eorpus

152 3083 263 3144 posse;
287 3061 342 3126 sed
366 3042 608 3124 convenientius
632 3083 702 3125 esse
726 3061 899 3126 stultorum
924 3060 1048 3124 animos
1076 3060 1126 3122 vel
1150 3059 1296 3142 corporis

153 3167 330 3232 valetudini
354 3167 397 3250 ci,
425 3188 507 3250 quae
534 3167 777 3250 proclivitatem
804 3169 838 3232 in
866 3170 1015 3232 morbum
1039 3165 1225 3231 habeat-
1249 3165 1297 3230 ita

155 3274 240 3339 enim
268 3273 462 3339 Posidonius
495 3273 674 3357 appellavit
700 3311 745 3322 -
772 3275 823 3340 vel
851 3273 965 3339 morbo
997 3274 1060 3358 ipsi
1094 3273 1298 3355 adsimulare,

155 3380 273 3464 quippe
297 3401 370 3444 eum
394 3379 438 3444 sit
460 3378 611 3445 valetudo
630 3381 681 3464 vel
703 3381 832 3446 infirma
852 3380 903 3445 vel
931 3381 998 3446 iam
1022 3385 1129 3464 aegra.
1173 3379 1212 3444 In
1234 3379 1297 3444 boe

155 3489 265 3550 tamen
289 3488 358 3570 ipse
381 3507 507 3570 quoque
531 3509 603 3551 eum
624 3485 808 3572 Chrysippo
833 3489 1003 3570 consentit,
1025 3485 1110 3571 quod
1130 3489 1163 3550 et
1186 3507 1297 3569 aegro·

156 3595 225 3656 tere
249 3593 393 3658 omnium
412 3593 587 3659 stultorum
607 3593 732 3659 animos
755 3593 834 3658 dicit
852 3597 885 3658 et
907 3594 1055 3658 morbum
1074 3615 1185 3658 eorum
1208 3592 1298 3656 simi·
1389 3623 1391 3629 ⁸

156 3698 220 3762 lem
244 3721 313 3762 esse
342 3701 486 3782 corporis
515 3699 817 3784 constitutionibus,
840 3701 878 3765 de
906 3700 1022 3785 quibus
1050 3722 1149 3784 supra
1176 3699 1298 3763 dictum

158 3807 215 3869 est.
259 3803 312 3868 Ita
335 3805 421 3870 enim
445 3807 485 3870 ad
508 3807 642 3872 verbum
665 3807 792 3872 scribit:
834 3806 1040 3888 ‘Quocirca
1063 3809 1179 3870 etiam
1203 3829 1298 3871 mor-

157 3913 227 3976 bus
252 3911 372 3975 animi
396 3933 484 3995 non,
512 3917 553 3978 ut
576 3911 795 3998 Chrysippo
824 3915 989 3998 plecuit,
1016 3914 1194 3978 morboso
1218 3935 1298 3978 eor·

157 4017 265 4102 poris
306 4017 463 4082 habitui
505 4019 619 4102 malo,
660 4042 732 4103 quo
770 4020 959 4103 efficitur,
1000 4025 1041 4084 ut
1082 4001 1299 4085 subiciatur

158 4125 354 4209 erraticis,
391 4147 465 4190 nou
503 4127 608 4189 certo
644 4126 807 4210 quodam
840 4127 1007 4192 circuitu
1044 4127 1299 4192 redeuntibus

156 4230 350 4313 febribus,
373 4231 516 4296 similis
536 4235 606 4314 est,
629 4231 692 4295 sed
716 4233 846 4315 potius
870 4228 928 4294 vel
948 4233 1125 4312 eorporis
1149 4234 1298 4298 valetu-

158 4337 255 4421 dini,
278 4359 373 4421 quee
396 4335 690 4420 proclivitatem
715 4336 760 4400 ad
784 4337 955 4402 morbum
978 4335 1110 4421 habet,
1137 4336 1197 4400 vel
1221 4337 1299 4422 ipsi

158 4443 297 4509 morbo.
348 4441 533 4528 Corporis
566 4443 668 4508 enim
700 4444 854 4508 morbus
886 4441 1045 4508 habitus
1077 4443 1152 4508 iam
1186 4467 1298 4532 aeger
