3296 5150
593 455 836 520 -401-

141 615 250 680 αίτίαν
278 611 383 700 ἐρωτᾷ
411 608 586 679 κάνταῦθα
614 611 632 678 ὁ
656 611 897 699 Ποσειδώνιος,
931 611 986 680 διὰ
1019 639 1061 700 ην
1093 615 1209 682 πολλοὶ
1238 614 1284 701 μὴ

141 717 339 806 βουλόμενοι
371 717 529 798 πολλάκις
564 725 736 788 κλαίουσιν
768 722 915 804 ἐπισχεῖν
950 719 995 808 μὴ
1029 720 1210 807 δυνάμενοι
1244 721 1284 788 τὰ

141 823 269 911 δάκρυα
297 825 351 894 καὶ
379 823 474 893 ἄλλοι
501 831 628 892 κλαίειν
651 830 698 892 ἔτι
722 825 923 913 βουλόμενοι
946 827 1119 913 φθάνουσι
1142 828 1284 915 παυόμε-

141 953 206 999 νοι·
231 937 386 1018 γίνεσθαι
411 933 450 1000 de‘
471 953 553 1019 φησι
577 930 633 998 διὰ
656 929 714 1011 τὰς
732 933 919 1020 παθητικὰς
940 932 1086 1020 κινήσεις
1108 929 1128 1020 ἢ
1152 934 1285 1023 σφόδρα

141 1039 337 1126 ἐγκειμίνας,
359 1035 405 1119 ὡς
426 1037 470 1126 μί,
494 1047 689 1127 κρατεῖσθαι
712 1038 796 1126 πρὸς
817 1044 875 1127 τῆς
897 1039 1100 1134 βουλήσεως,
1125 1035 1145 1128 ἢ
1168 1061 1310 1109 παντε-(ι

140 1149 204 1224 λῶς
226 1146 449 1232 πεπαυμένας,
473 1142 518 1224 ὡς
539 1146 653 1232 μηκίτι
677 1147 904 1234 ἐπεγείρεσθαι
929 1145 1098 1214 δύνασθαι
1121 1147 1205 1235 πρὸς
1227 1146 1284 1216 αὐ-

140 1256 215 1320 τῶν.
261 1250 348 1320 οὕτω
372 1249 436 1339 γὰρ
463 1250 484 1338 ἦ
506 1279 540 1319 τε
563 1255 625 1320 τοῦ
648 1250 752 1337 λόγου
778 1251 865 1340 μάχη
889 1253 943 1320 καὶ
968 1252 1113 1340 διαφορὰ
1141 1255 1224 1342 πρὸς
1246 1255 1283 1324 τὸ

141 1357 249 1437 πάθος
271 1355 487 1445 εὑρεθήσεται
510 1360 565 1426 καὶ
592 1363 650 1444 τῆς
679 1364 785 1446 ψυχῆς
808 1364 845 1426 αί
866 1359 1025 1446 δυνάμεις
1052 1361 1199 1448 ἐναργῶς
1221 1383 1284 1430 σω-

141 1463 316 1550 θήσονται,
339 1461 381 1532 οὐ
402 1463 448 1551 μὰ
473 1471 554 1552 Δία,
577 1462 622 1544 ὡς
645 1465 837 1552 Χρύσιππός
860 1487 957 1553 φησι,
985 1466 1041 1533 dui
1064 1493 1156 1546 τινας
1179 1472 1286 1548 αἰτίας

141 1566 400 1657 ἆσνλλογίστονς
430 1570 559 1639 τούτων
590 1575 793 1659 γινομένων,
826 1570 909 1640 ἀλλὰ
942 1571 997 1640 διὰ
1029 1571 1087 1651 τὰς
1118 1570 1183 1641 ὑπὸ
1215 1578 1284 1643 τῶν
1299 1595 1324 1634 1⁰

140 1681 290 1746 παλαιῶν
320 1679 502 1765 εἰρημένας.
552 1674 593 1745 οὐ
616 1675 684 1766 ,γὰρ
704 1676 928 1767 Ἀριστοτέλης
955 1677 1063 1766 μόνον
1090 1674 1110 1765 ή
1141 1679 1285 1749 Πλάτων

141 1782 296 1865 ἐδόξαζον
328 1781 446 1864 οὕτως,
482 1781 565 1852 ἀλλὰ
603 1789 649 1852 ε”τι
682 1785 832 1874 πρόσθεν
863 1783 958 1853 ἄλλοι
990 1786 1028 1852 τί
1060 1813 1148 1864 τινες
1179 1788 1233 1854 καὶ
1265 1784 1283 1856 ὁ

140 1889 360 1978 Πυθαγόρας,
393 1889 437 1970 ὡς
469 1892 523 1958 καὶ
556 1890 574 1959 ὁ
603 1892 832 1972 Ποσειδώνιός
863 1911 967 1979 φησιν
995 1893 1124 1960 ἐκείνου
1151 1893 1286 1981 προίτον

139 1996 201 2084 μὲν
227 1995 314 2066 εἶναι
341 1999 449 2084 λέγων
474 1997 513 2067 τὸ
546 1998 668 2088 δόγμα,
701 1999 867 2068 Πλάτωνα
896 1999 932 2067 dt
960 1998 1201 2086 ἐξεργάσασθαι
1229 2001 1284 2068 καί

139 2103 379 2173 κατασκευάσαι
410 2104 608 2192 τελεώτερον
640 2105 731 2176 αὐτό.
786 2113 842 2175 δια
873 2110 971 2174 τοῦτο
1003 2112 1122 2230 τοίνυν
1153 2108 1208 2174 καὶ
1239 2107 1280 2176 τὰ
1296 2131 1321 2171 ιε

176 2307 189 2354 1
214 2301 263 2356 καλ
287 2298 316 2356 οἵ
338 2301 434 2356 πολλοὶ
457 2302 535 2358 codd.
559 2302 621 2357 edd.
644 2303 693 2357 καὶ
716 2299 746 2356 οἱ
767 2301 935 2366 deterrimum
963 2301 996 2356 of.
1020 2303 1105 2358 Proll.
1130 2322 1157 2387 p
1182 2311 1225 2360 64.
1251 2337 1284 2344 -

140 2367 375 2456 3φθοὶκοοσιν
359 2391 401 2428 ετι
418 2373 497 2428 codd.
517 2373 579 2428 edd
600 2371 640 2428 ἔτι
660 2373 852 2429 eiecimus-
876 2367 1034 2442 παυόμενοι
1053 2368 1102 2427 διὰ
1121 2369 1172 2436 τὰς
1190 2379 1283 2444 παθη

139 2439 218 2506 τικίις
236 2443 369 2499 dasch
388 2440 556 2514 ααοόμενοις
568 2440 684 2512 ἤτοιδ.
704 2467 725 2501 τ,
745 2465 774 2498 π
794 2443 879 2508 Bake,
898 2443 971 2498 idem
991 2444 1071 2514 signo
1090 2445 1283 2516 interrogatio-

140 2515 183 2569 nis
202 2515 315 2570 sublato
332 2515 358 2569 K
376 2535 405 2570 π
424 2515 573 2570 καὶτοῦτο
593 2517 725 2584 γίνεσθαι
745 2517 813 2586 φησὶ
832 2511 880 2569 διὰ
905 2535 928 2569 τ.
948 2534 976 2570 π.
996 2514 1076 2569 Corn
1096 2532 1133 2570 π.
1152 2518 1284 2604 γίνεσθαι

140 2584 172 2639 δι’
192 2605 262 2654 φησι
280 2581 369 2642 διὰτ.
390 2605 418 2640 π.
438 2604 501 2652 nos·
520 2585 554 2641 cl.
574 2586 657 2642 Proll.
678 2588 698 2642 l
716 2587 787 2641 1.-
813 2589 911 2656 lpost
929 2580 1063 2670 κινήσεις
1072 2586 1238 2642 inseruimus
1257 2583 1297 2658 ii.-

140 2687 173 2696 —
198 2665 213 2712 ὅ
233 2653 286 2740 πρὸ
306 2627 501 2743 τῆςΜΑΒΟλιἱ
519 2677 589 2726 προς
607 2659 655 2727 τῆς
674 2659 751 2712 Bake
771 2659 855 2712 K.-
882 2663 896 2712 7
916 2649 1063 2712 Verba
1028 2677 1101 2711 οντα
1121 2678 1174 2728 γαρ
1159 2677 1284 2730 qusque

140 2727 176 2781 nd
194 2723 363 2812 τελεώτερον
381 2724 451 2783 αὐτὸ
477 2729 641 2784 continuata
659 2729 802 2784 continent
804 2747 836 2783 ur
854 2731 986 2798 excerpto
1005 2727 1057 2782 XII
1081 2729 1208 2816 codicum
1226 2731 1283 2786 FP.

141 2819 268 2924 -μαηη
286 2819 315 2854 τε
336 2799 414 2854 codd.
434 2799 496 2855 edd.
515 2819 544 2854 τε
564 2801 708 2866 eiecimus3
727 2799 761 2855 of.
781 2799 911 2870 Prollp
933 2806 1044 2854 113.-
1072 2805 1104 2854 13
1123 2797 1235 2869 πρώτον
1254 2821 1283 2856 τε

140 2870 230 2924 ΜΑΒ
258 2871 341 2938 hap.
360 2869 413 2940 μὲν
431 2871 494 2939 FP;
514 2871 548 2925 cf.
567 2870 651 2926 Proll
671 2889 717 2941 pp.
738 2877 770 2928 '16
789 2875 818 2926 et
838 2877 950 2926 loo.-

140 3075 191 3156 et,
214 3071 278 3156 qui
300 3070 398 3136 flere
416 3071 567 3154 nolunt,
586 3070 698 3154 flent,
721 3093 803 3136 oum
823 3072 967 3137 similis
987 3093 1114 3135 rerum
1134 3073 1284 3157 species

140 3177 296 3242 obiecta
323 3176 401 3261 sit’,
428 3200 559 3256 causam
588 3179 717 3262 quaerit
738 3178 945 3260 Posidonius,
975 3177 1051 3262 quid
1079 3178 1209 3244 tandem
1232 3180 1285 3262 sit,

140 3306 197 3348 cur
230 3283 340 3368 multi,
376 3307 448 3350 cum
478 3285 600 3368 nolint,
635 3305 730 3368 saepe
762 3284 861 3348 fleant
892 3285 1107 3368 lacrimasque
1136 3284 1284 3350 inhibere

139 3393 310 3474 nequeant,
333 3392 390 3456 alii
409 3395 528 3476 eutem,
551 3414 623 3456 cum
648 3391 724 3454 flere
743 3389 846 3454 adhuc
865 3391 975 3474 velint,
997 3391 1088 3474 prius
1112 3390 1286 3481 desistant;

142 3497 270 3559 evenire
304 3499 412 3568 vetem
440 3499 474 3563 id
507 3499 554 3564 ait
584 3521 622 3561 ex
653 3497 798 3562 motibus
830 3497 971 3561 turbatis
1004 3497 1104 3560 animi
1136 3501 1205 3562 tum
1236 3500 1285 3562 ita

140 3600 348 3668 vehementer
383 3605 588 3690 urgentibus,
624 3609 661 3668 ut
693 3627 713 3668 a
744 3604 910 3670 voluntate
943 3603 1082 3668 coerceri
1114 3609 1284 3688 nequeant,

140 3711 210 3772 tum
238 3730 370 3792 prorsus
394 3711 514 3776 sedatis
538 3733 575 3776 ac
599 3711 737 3795 pacatis,
766 3713 803 3776 ut
828 3733 894 3775 non
917 3708 1057 3794 amplius
1086 3710 1217 3776 excitari
1242 3712 1283 3775 ab

140 3814 207 3880 illis
238 3814 374 3900 possint.
430 3816 536 3901 Atque
568 3817 615 3882 ite
648 3817 784 3882 rationis
816 3837 927 3901 pugna
959 3814 1181 3901 dissensioque
1211 3839 1284 3881 cum

139 3923 258 3986 effectu
281 3921 463 3986 invenietur
481 3924 644 4008 animique
667 3924 841 3988 facultates
865 3923 1037 3987 manifesto
1061 3923 1284 4007 servabuntur,

140 4052 214 4094 cum
236 4051 304 4094 non
326 4050 384 4112 per
405 4027 531 4112 Jovem,
553 4033 591 4093 ut
613 4031 661 4094 ait
683 4027 900 4114 Chrysippus,
924 4029 965 4093 ob
990 4051 1104 4094 causas
1128 4028 1284 4112 quasdam

140 4136 309 4202 abstrusas
340 4135 403 4202 hoc
426 4137 495 4220 fiat,
525 4136 581 4200 sed
606 4137 647 4202 ob
671 4158 741 4218 ees,
768 4157 851 4220 quae
875 4159 895 4199 a
917 4136 1079 4200 veteribus
1103 4135 1184 4199 satis
1208 4139 1285 4199 sunt

139 4243 330 4328 explicatae.
365 4241 397 4306 N
400 4265 442 4308 on
465 4243 549 4308 euim
574 4241 768 4307 Aristoteles
793 4242 898 4307 solum
922 4241 973 4304 vel
992 4240 1085 4306 Plato
1109 4241 1155 4305 ita
1178 4263 1285 4306 sense-

139 4353 225 4434 runt,
247 4351 302 4414 sed
326 4350 430 4415 multo
455 4354 530 4416 ante
554 4368 626 4414 cum
650 4348 717 4430 elii,
739 4351 809 4412 tum
832 4347 1052 4432 Pythagoras,
1079 4369 1174 4431 quem
1199 4348 1284 4412 idem

139 4457 333 4523 Posidonius
366 4457 464 4522 refert
495 4459 658 4522 auctorem
692 4455 781 4518 illius
814 4454 992 4519 sententiae
1024 4453 1139 4536 fuisse,
1170 4458 1285 4537 postea

194 4571 274 4614 dalem
289 4573 317 4612 de
330 4571 392 4612 Plac.
405 4573 463 4612 Plat.
476 4575 499 4612 et
513 4573 620 4620 Hippocr.
635 4569 696 4608 librl
1038 4564 1071 4612 26
