3376 5144
643 399 887 462 -823—

174 552 301 634 ‘imae
322 555 516 644 θορυβήσῃ,
546 551 591 634 ὡς
615 551 726 635 οὐδεὶς
748 558 854 623 ποτοῦ
882 555 1052 642 ἐπιθυμεῖ,
1081 551 1164 648 ἀλλὰ
1191 557 1339 642 χρηστοῦ

175 665 319 746 ”ποτοῦ,
355 662 410 730 καί
452 658 494 730 οὐ
521 667 628 748 σίτου,
665 658 748 731 ἀλλὰ
789 665 935 751 χρηστοῦ
971 668 1074 730 σίτου.
1119 659 1239 740 πάντες
1276 661 1341 750 γὰρ

175 765 265 854 εἄρα
297 771 365 835 τῶν
394 765 535 854 ἀγαθῶν
572 770 810 856 ἐπιθυμοῦσιν·
855 774 885 836 εί
920 760 983 836 οὖν
1015 765 1034 856 ἡ
1066 772 1149 850 δίψα
1177 769 1340 856 ἐπιθυμία

176 875 285 958 (ἐστί,
326 878 472 962 χρηστοῦ
512 871 556 943 ἂν
596 885 647 962 είη
685 885 748 942 elta
786 875 941 963 πώματος
985 885 1048 943 εἴτε
1094 872 1213 961 ἄλλον,
1259 871 1339 942 ὅτου

178 981 291 1048 εἐστὶν
337 982 514 1069 ἐπιθυμία,
560 983 615 1049 καί
662 987 700 1049 ul
742 979 839 1050 ἄλλαι
886 981 982 1052 οῦτω.
1050 992 1129 1062 ίσως
1173 979 1238 1069 yolo
1283 980 1363 1068 iiras

179 1091 280 1174 Ἥρη,
318 1091 415 1157 δοκοῖ
448 1115 480 1156 τι
517 1089 627 1175 λέγειν
663 1086 680 1157 ὁ
718 1092 821 1156 ταῦτα
858 1091 974 1176 λέγων.
1019 1087 1102 1158 ἀλλὰ
1130 1089 1259 1176 μέντοι,
1295 1079 1338 1176 ἦν

180 1190 232 1261 ‘d'
272 1194 352 1281 ἐγώ,
398 1193 461 1264 ὅσα
503 1192 529 1282 γ’
570 1197 637 1264 ἐστὶ
675 1199 815 1264 τοιαῦτα
854 1191 909 1264 οἶα
950 1194 1039 1265 είναί
1076 1224 1152 1282 του,
1192 1195 1233 1264 τδι
1276 1195 1337 1284 μὲν

181 1300 279 1369 ‘urard
308 1300 400 1390 ¹i'rrru
439 1307 539 1372 ποιοῦ
581 1302 673 1383 τινός
714 1305 819 1388 ἐστιν,
865 1301 911 1384 ὡς
957 1303 1029 1391 ἐμοὶ
1072 1308 1177 1388 δοκεῖ,
1222 1301 1262 1370 τὰ
1304 1299 1334 1370 δ’

181 1404 283 1476 ‘aricii
325 1410 444 1477 ἕκαστα
480 1406 586 1479 αὐτοῦ
623 1409 763 1479 ἑκάστου
803 1409 931 1498 μόνον’
990 1408 1134 1496 εῦδηλον
1171 1403 1249 1496 οὖν,
1286 1408 1337 1479 ὅτι

181 1517 348 1602 προσθεὶς
374 1515 456 1584 κατὰ
479 1517 540 1586 τὸν
569 1517 671 1604 λόγον
695 1514 800 1596 εὐθὺς
823 1519 860 1584 ἐν
883 1514 967 1605 ἀρχῇ
996 1516 1108 1604 εμήτοι
1136 1545 1201 1602 τις,
1230 1509 1272 1604 ἦν
1300 1514 1331 1585 δ’
1351 1539 1374 1576 1⁰

185 1620 265 1710 ἐγώ,
296 1619 478 1705 ἀσκέπτους
510 1622 595 1713 ἡμᾶς
632 1623 731 1705 ὄντας
766 1623 959 1713 θορυβήση’
993 1622 1048 1692 διὰ
1083 1627 1181 1692 τοῦτο
1218 1625 1336 1712 προσέ·

183 1737 270 1815 θηκε
293 1729 330 1798 τὸ
355 1727 547 1817 ἀσκέπτους,
571 1732 668 1811 είδώς
691 1730 741 1800 ὅτι
764 1732 837 1816 περὶ
863 1733 1002 1800 ἕκαστον
1021 1731 1151 1800 τούτων
1173 1732 1336 1816 ἐσκέφθαι

183 1835 242 1923 χρδ
273 1841 493 1925 διατρίψαντα
512 1840 566 1906 καὶ
586 1838 847 1927 γυμνασάμενον
865 1842 1058 1918 πολυειδῶς.
1093 1837 1229 1924 τοιαύτη
1248 1837 1332 1928 yolo}

184 1969 235 2021 τις
267 1939 286 2031 ἡ
319 1947 567 2033 περιωδευμένη
600 1953 769 2033 φαντασία
801 1944 891 2034 παρὰ
914 1961 984 2025 τοῖς
1010 1945 1091 2033 μετὰ
1114 1941 1219 2013 αῦτδν
1245 1941 1402 2018 ’Ana-802

186 2053 360 2136 δημοτικοῖς
388 2048 582 2139 οδνομοίσθη.
627 2054 682 2120 καί
705 2053 905 2139 θαυμαστὸν
933 2049 1035 2121 οὐδέν
1063 2054 1098 2118 ἐκ
1125 2054 1183 2138 τῆς
1214 2054 1337 2138 πολλῆς
1352 2073 1376 2110 1⁵

185 2158 243 2242 τῆς
278 2158 352 2245 περὶ
393 2158 430 2226 τὸ
473 2166 693 2246 προκείμενον
734 2163 869 2247 πρᾶγμα
911 2159 1057 2238 σκέψεως
1097 2154 1335 2246 ἀκριβεστέραν

223 2376 238 2423 2
257 2373 377 2440 χρηστοῦ
397 2374 483 2442 σίτου,
502 2367 580 2427 τὰδ’
602 2337 939 2442 atramentarium)
958 2371 1073 2438 omissis,
1093 2388 1166 2441 qnae
1185 2371 1332 2428 interiecta

186 2444 259 2510 sunt,
278 2444 371 2498 verbis
391 2444 469 2500 codd.
485 2443 561 2509 edd.;
581 2445 615 2499 of.
631 2444 714 2499 Proll.
734 2463 780 2514 pp.
798 2450 828 2497 17
849 2445 878 2498 et
898 2451 955 2497 120.
976 2473 1010 2482 —-
1030 2451 1045 2498 9
1065 2439 1155 2512 μόνον
1174 2443 1252 2498 codd.
1268 2443 1332 2498 edd.

186 2542 221 2550 -
241 2521 274 2567 14
291 2515 514 2584 περιοδευομένη
534 2515 613 2570 οοδδ.
633 2515 695 2571 edd.
715 2514 926 2586 περιωδευμὲνη
947 2532 1008 2579 δοες
1029 2514 1063 2569 cf.
1079 2515 1173 2585 Progr.
1190 2515 1223 2584 11,
1239 2521 1280 2570 1³.
1297 2545 1329 2554 -

186 2578 414 2655 ᾰκαδδημαικοίς
433 2587 469 2642 Μ.
490 2615 522 2626 -

185 2823 272 2867 num
295 2807 440 2888 potum,
463 2826 539 2870 non
563 2804 704 2888 eibum,
727 2803 790 2868 scd
814 2803 953 2869 bonum
981 2804 1124 2890 cibum;
1152 2805 1332 2871 nimirum

187 2930 315 2976 omues
352 2911 453 2976 bona
490 2916 685 2996 expetam
727 2911 865 2996 quodsi
901 2911 993 2974 sitis
1031 2913 1226 2994 appetitio
1264 2913 1332 2997 sit,

187 3015 276 3080 boni
301 3039 383 3082 esse
407 3018 487 3082 sive
511 3019 643 3102 poculi
663 3018 743 3082 sive
767 3017 884 3099 alius,
908 3016 1015 3081 cuins
1045 3016 1098 3080 sit
1121 3017 1332 3101 appetitio,

188 3121 449 3208 similiterque
473 3147 511 3188 se
535 3125 677 3190 habere
701 3128 858 3211 ceteras.
904 3121 1037 3187 Possit
1060 3143 1165 3200 sanc,
1188 3122 1331 3208 inquit,

188 3229 335 3314 aliquid
358 3229 484 3296 dicere
508 3231 646 3314 videri,
675 3231 738 3316 qui
761 3230 855 3295 haec
879 3229 993 3294 dicat.
1043 3227 1331 3314 Verumtamen,

187 3335 354 3421 inquam,
392 3359 641 3423 quaecunque
678 3339 735 3402 ita
772 3341 998 3423 comparata
1035 3339 1138 3420 sunt,
1178 3341 1221 3401 ut
1257 3335 1338 3400 ali--

188 3442 292 3505 ouius
334 3442 424 3524 sint,
458 3445 557 3510 talia
585 3444 769 3529 quaedam
802 3445 897 3510 talis
925 3442 1122 3509 cuiusdam
1152 3445 1253 3526 sunt,
1291 3447 1331 3508 ut

188 3548 367 3634 arbitror,
395 3551 479 3633 ipsa
507 3555 634 3615 autem
652 3573 833 3636 quaeque
860 3551 987 3635 ipsius
1012 3550 1199 3635 cuiusque
1227 3549 1330 3614 dum-

187 3655 314 3719 taxat?
362 3655 432 3721 Hac
464 3657 498 3721 in
530 3657 676 3722 oratione
710 3679 782 3722 oum
814 3657 926 3721 statim
953 3656 987 3720 in
1011 3657 1108 3722 initio
1132 3655 1257 3721 addidit
1279 3655 1330 3721 ‘ne

188 3761 256 3844 quis
275 3784 335 3827 nos
349 3761 604 3829 inconsideratos
627 3761 760 3847 turbet',
782 3763 863 3828 illud
885 3762 1141 3828 inconsideratos
1169 3762 1331 3828 addidisse

188 3889 257 3932 eum
280 3874 372 3952 patet
394 3873 577 3954 propterea,
600 3870 686 3955 quod
710 3872 773 3936 scit
794 3869 875 3934 haec
898 3870 1029 3954 singula
1047 3891 1107 3934 nos
1127 3869 1329 3934 considerare

188 3979 332 4057 oportere
360 3976 464 4042 multo
497 3976 605 4042 studio
638 3977 876 4061 multiplicique
910 3977 1139 4042 exercitatione
1170 3975 1329 4041 instituta.

187 4079 274 4146 Haec
293 4086 344 4146 est
360 4082 420 4147 illa
438 4082 529 4168 visio,
548 4105 643 4167 quam
664 4083 859 4168 Academici,
878 4085 933 4167 qui
948 4084 1080 4150 Platoni
1099 4087 1327 4158 successerunt,

187 4209 203 4250 e
225 4189 513 4273 circumspectione
535 4193 647 4254 natam
666 4189 822 4254 dixerunt.
868 4175 938 4254 Nee
961 4192 1079 4256 mirum
1107 4193 1157 4253 est
1184 4211 1201 4252 s
1225 4189 1329 4254 multa

186 4296 369 4379 propositae
407 4297 454 4360 rci
483 4297 739 4362 consideratione
770 4297 966 4362 exactiorem
998 4298 1069 4362 fieri
1097 4295 1328 4382 cognitionem,

187 4402 442 4488 quandoquidem
466 4404 565 4468 etiam
589 4425 636 4486 ea,
659 4425 740 4488 quae
764 4403 913 4468 sensibus
936 4405 1179 4490 dignoscuntur,
1203 4404 1328 4490 siquis
