3212 5146
590 433 834 496 -623-

137 592 206 657 τῶν
233 587 345 656 ἀλλων
372 586 527 677 ὀργάνων
555 587 632 658 οῦτε
664 587 746 657 κατά
778 588 836 667 τάς
867 596 1009 676 κοιλίας,
1041 588 1086 670 ὠς
1119 592 1156 659 ἐν
1187 589 1287 685 αὐτῷ,

138 694 325 782 πνεύματος
348 699 492 784 ψυχικοῦ
513 700 677 764 τοσοῦτον
699 700 838 783 πλῆθος.
883 695 1017 776 εἰκότως
1040 697 1092 782 δέ,
1121 695 1166 778 ὥς
1189 703 1286 787 ἔφην,

139 801 226 871 οῦτα
249 798 498 890 κατεσκευάσθη
517 801 676 890 δεόμενος
698 799 831 894 ὀργάνῳ
850 807 995 890 χρῆσθαι
1018 807 1063 896 τῷ
1087 805 1181 890 τιέριξ
1204 803 1287 892 ἀέρι.

138 909 193 976 καὶ
216 916 343 995 γίνεται
367 909 403 977 δὲ
426 913 581 978 τοιοῦτον
603 907 751 995 ὄργανον
769 905 859 1000 αὐτῷ
882 909 965 998 πρὸς
982 909 1045 997 την
1066 913 1135 978 τῶν
1152 915 1287 980 οἰκείων

139 1021 312 1102 αἰσθητῶν
340 1015 541 1102 διάγνωσιν,
572 1011 647 1085 οἷον
679 1015 849 1108 ἐγκεφάλῳ
877 1016 914 1084 τὸ
949 1027 1087 1104 νεῦρον,
1117 1013 1216 1104 ὥσθ’,
1245 1014 1313 1091 δνιῡ

139 1127 204 1209 ἔχει
232 1122 335 1209 λόγον
363 1123 543 1208 ἐγκέφαλος
574 1121 657 1211 πρὸς
689 1123 726 1191 τὸ
759 1127 898 1210 νεῦρον,
926 1126 1082 1192 τοιοῦτον
1109 1121 1287 1212 ὀφθαλμὸς

141 1234 206 1316 ἔχει
235 1230 318 1318 πρὸς
345 1229 405 1298 τὸν
433 1225 523 1316 ἀέρα.
576 1229 614 1298 τὸ
631 1229 681 1310 1δὲ
710 1234 836 1298 οἰκεῖον
863 1227 1029 1315 αἰσθητὸν
1053 1227 1176 1316 ὄψεως,
1205 1228 1286 1318 ὅπερ

140 1337 194 1404 καὶ
227 1341 360 1424 πρῶτον
395 1333 497 1421 αὐτῆς
531 1335 696 1424 αἰσθητὸν
728 1333 902 1421 ἀνόμασα,
934 1335 971 1403 τὸ
1004 1339 1072 1404 τιῦν
1103 1337 1287 1425 χρωμάτων

141 1445 208 1511 ἐστὶ
236 1445 342 1530 γένος.
392 1445 522 1512 ἐκείνου
549 1441 610 1529 μίν
637 1443 701 1530 γὰρ
733 1441 866 1530 πρώτου
897 1443 952 1510 καὶ
984 1441 1063 1511 καθ’
1093 1440 1200 1532 αὑτὴν
1232 1443 1286 1511 καί

140 1549 226 1637 μόνη
249 1554 318 1618 τῶν
340 1548 452 1618 ἄλλων
475 1549 687 1636 αἰσθάνεται,
710 1547 861 1635 καθάπερ
884 1547 904 1636 ἡ
928 1553 1041 1635 γεῦσις
1066 1553 1135 1618 τῶν
1163 1553 1286 1638 χυμῶν.
1302 1572 1327 1611 ¹0

141 1657 419 1742 συνδιαγινοίσκει
444 1657 480 1725 δὲ
509 1654 597 1748 αὐτῷ
620 1655 658 1724 τὸ
686 1656 919 1743 κεχρωσμένον
947 1660 1055 1742 σῶμα,
1084 1655 1235 1744 καθάαερ
1265 1654 1285 1744 ἡ

141 1768 254 1849 γεῦσις
275 1763 312 1832 τὸ
336 1764 416 1844 τοὺς
438 1763 564 1851 χυμοὺς
587 1769 677 1849 ἔχον·
701 1757 784 1828 dul&
808 1757 828 1847 ἡ
852 1764 914 1850 μέν
936 1767 1050 1849 γεῦσις
1072 1759 1194 1850 ὁμοίως
1216 1778 1288 1842 ταῖς
1326 1817 1333 1827 .

141 1869 257 1949 ἄλλαις
286 1869 486 1958 αἰσθήσεσιν
513 1871 566 1938 ε’τιί
596 1868 633 1938 τὸ
661 1872 723 1936 τοῦ
756 1866 841 1960 ζῴον
868 1873 963 1957 σῶμα
990 1871 1157 1957 περιμένει
1183 1894 1287 1956 ταρα-

142 1979 300 2064 γενέσθαι
324 1977 362 2045 τὸ
390 1976 571 2064 αἰσθητόν,
598 1975 619 2063 ἡ
648 1975 684 2043 δὲ
713 1973 790 2054 ὄψις
817 1977 993 2044 ἐκτείνεται
1022 1976 1077 2044 διὰ
1101 1977 1204 2064 μέσον
1226 1979 1287 2044 τοῦ

142 2081 239 2172 ἀέρος
271 2085 322 2151 ἐπὶ
355 2082 392 2152 τὸ
425 2085 664 2171 κεχρωσμένον.
714 2081 798 2150 ὅθεν
831 2080 914 2172 αὐτῇ
947 2083 1033 2172 μόνη
1067 2082 1287 2168 συνδιαγινοέ-
1303 2103 1328 2144 1⁵

142 2211 234 2258 σκειν
254 2191 259 2280 Ι
280 2188 419 2278 ῦαάρχει
437 2195 476 2279 τῇ
496 2195 591 2280 χροιᾷ
609 2193 671 2257 τοῦ
688 2190 896 2275 βλεπομένου
913 2188 952 2256 τό
969 2215 1004 2257 τε
1022 2191 1165 2276 μέγεθος
1183 2187 1353 2264 αῦτοῦσεσ

141 2301 196 2364 καὶ
224 2297 261 2365 τὸ
291 2299 399 2384 σχῆμα
426 2296 509 2384 μηδὲ
538 2295 660 2364 τοῦτον
693 2297 881 2382 δυναμένης
913 2295 1139 2363 αἰσθάνεσθαι
1167 2295 1286 2382 αἰσθή·

142 2445 354 2452 ——--—·---...-

177 2517 195 2564 4
217 2511 273 2564 τῶν
296 2507 442 2578 αἰσθητῶν
466 2509 575 2566 οἰκείαν
598 2503 677 2565 οῦδδ.
697 2509 759 2564 edd.
784 2507 840 2562 τῶν
863 2507 978 2564 οἰκείων
1001 2506 1146 2578 αἰσθητῶν
1165 2526 1227 2574 οοες
1251 2507 1286 2564 es.

72 2643 80 2658 ι
143 2581 227 2636 Proll.
248 2599 275 2650 p.
295 2587 337 2636 83.
358 2612 391 2620 -
416 2577 611 2650 exquirente
631 2579 778 2650 νμίοοδδ.
798 2579 908 2635 εδδτε
929 2581 1091 2636 delevimus.
1112 2611 1144 2622 -
1170 2588 1201 2635 ll
1222 2579 1305 2636 uus?

142 2647 359 2722 διαγιγνώσκειν
377 2652 472 2706 ΜΑΒ.
493 2685 525 2694 -
547 2659 579 2708 15
598 2647 815 2724 διαγιγνώσκειν
833 2651 871 2706 Μ.
891 2683 924 2692 -

143 2836 269 2900 trieulis
293 2837 419 2899 lunium
444 2833 597 2898 animalis
620 2833 770 2918 spiritus,
793 2837 947 2918 queniam
971 2835 1006 2898 in
1030 2835 1137 2918 oculo,
1160 2835 1288 2920 copiam

144 2942 294 3008 invenies.
354 2940 416 3016 Qui
448 2941 580 3022 merito,
612 2945 649 3005 ul
684 2940 764 3024 dixi,
797 2940 844 3005 sie
881 2945 1085 3006 constructus
1119 2943 1182 3022 esi,
1215 2965 1288 3006 eum

144 3048 308 3113 ambiente
341 3052 414 3112 ubre
447 3051 534 3112 essel
564 3069 681 3112 usurus
713 3047 940 3112 instrumento.
999 3045 1077 3112 Tale
1110 3049 1148 3111 fil
1180 3053 1287 3112 sulem

143 3156 173 3219 ei
201 3156 453 3219 instrumentum
481 3160 536 3218 eds
563 3154 601 3218 sd
629 3153 810 3236 sensibilia,
838 3173 919 3236 quse
948 3152 1017 3215 eius
1041 3153 1175 3237 proprie
1203 3159 1288 3236 sunl,

144 3259 372 3346 dignoscenda,
394 3261 489 3344 quale
508 3283 625 3324 nervus
650 3260 791 3342 cerebro,
814 3262 859 3341 ub,
882 3280 979 3342 quam
1003 3257 1104 3323 hebel
1126 3259 1288 3324 salionem

144 3367 311 3432 cerebrum
349 3366 390 3431 ad
425 3388 573 3448 nervum,
615 3365 748 3432 eundem
786 3365 898 3431 oculus
935 3364 976 3429 sd
1013 3371 1120 3430 adrem
1158 3365 1288 3432 habeat.

144 3474 316 3558 Proprium
345 3476 453 3538 aulem
482 3472 633 3537 sensibile
662 3473 763 3550 visus,
795 3471 880 3556 quod
912 3472 1053 3555 primum
1086 3473 1185 3538 eliam
1219 3474 1288 3538 eius

145 3581 297 3646 sensibile
320 3579 492 3664 appellavi,
516 3579 659 3644 colorum
677 3599 780 3663 genus
799 3583 858 3642 esi.
895 3577 987 3653 Quod
1011 3578 1152 3662 primum
1176 3584 1209 3645 el
1230 3603 1289 3665 per

145 3709 178 3751 se
199 3693 232 3751 ei
255 3687 344 3752 solus
364 3707 401 3750 ex
422 3685 571 3751 omnibus
591 3685 739 3750 sensibus
758 3684 907 3768 percipit,
930 3685 1015 3749 sicul
1032 3689 1147 3770 gustus
1166 3710 1288 3754 suecos.

145 3791 225 3858 Cum
249 3793 412 3859 coloribus
442 3795 549 3856 unbem
578 3792 674 3856 simul
699 3791 879 3858 coloratum
902 3812 1034 3875 eorpus,
1062 3793 1146 3859 sicul
1173 3799 1288 3880 gustus

145 3900 191 3984 id,
219 3899 305 3986 quod
329 3921 442 3965 suecos
465 3898 500 3964 in
523 3921 557 3963 se
580 3899 694 3981 habet,
716 3897 892 3984 dignoscit,
920 3898 956 3964 in
978 3921 1015 3964 eo
1039 3901 1149 3965 lemen
1172 3901 1289 3984 differi,

145 4005 230 4092 quod
263 4009 392 4092 gustus,
424 4006 694 4092 quemadmodum
723 4005 779 4070 ulii
813 4028 938 4090 sensus,
971 4009 1152 4091 exspectet,
1184 4011 1220 4072 ut
1248 4009 1288 4072 ed

145 4113 295 4178 animalis
323 4135 440 4197 eorpus
467 4113 591 4177 feretur
614 4111 782 4196 sensibile,
809 4113 898 4177 visus
927 4134 986 4197 per
1013 4113 1153 4178 medium
1182 4119 1288 4180 adrem

146 4219 186 4282 ud
210 4219 390 4284 coloratum
415 4219 605 4285 exlendilur.
652 4217 722 4294 Quo
746 4219 796 4302 fil,
823 4223 861 4283 ul
884 4220 972 4286 solus
995 4243 1061 4285 unu
1084 4242 1158 4285 cum
1181 4221 1288 4287 colore

146 4326 193 4390 rei
216 4325 305 4390 visse
329 4329 363 4389 el
384 4326 641 4411 magnitudinem
660 4328 693 4389 et
715 4325 855 4391 formem
878 4326 1048 4410 pereipiat,
1070 4327 1156 4412 quod
1180 4327 1288 4392 nullus

146 4431 229 4496 elius
263 4454 375 4496 sensus
408 4437 530 4517 potest,
561 4433 627 4497 nisi
654 4454 712 4516 per
739 4433 887 4497 accidens
915 4455 1144 4518 nonnunquam
1173 4437 1289 4502 laeuus.
