3376 5144
664 368 906 463 -aress

201 555 333 642 ’λόγων
362 553 425 642 ἐρῶ
453 552 547 642 ὑμεῖς
573 581 608 622 τε
638 556 674 622 ολ
702 553 811 642 κριταὶ
843 551 948 641 φύσιν
980 550 1204 643 ἀνθρωπίνην
1232 562 1364 645 ἔχομεν·

205 660 311 730 ‘dicte
334 662 409 750 περὶ
437 661 567 731 τοῦτον
589 659 651 730 τὸν
678 660 789 730 εἰκότα
811 664 925 748 μῦθον
953 658 1219 750 ἀποδεχομένους
1246 665 1364 753 πρέπει

204 768 333 855 εμηδὲν
357 775 403 836 ἔτι
426 771 509 857 πέρα
533 771 660 855 ζητεῖν]
706 766 793 837 οὕτω
822 766 859 836 dt
889 771 943 836 καὶ
971 767 1011 837 τὰ
1038 769 1113 858 περὶ
1136 773 1243 858 ψυχῆς
1271 768 1361 864 αὐτῷ

205 877 425 963 γεγραμμένα
447 877 508 944 τοῦ
526 879 677 943 πιθανοῦ
699 874 754 943 καὶ
773 874 899 955 εἰκότος
922 881 1061 963 ἔχεσθαί
1076 897 1181 965 φησιν
1204 868 1273 945 ῶόό
1292 900 1389 958 πωςι

208 980 330 1049 εἰπῶν·
355 981 406 1049 ‘cd
429 981 491 1070 μὲν
514 973 601 1072 οῦνΙ
626 982 700 1069 περὶ
723 985 830 1070 ψυχῆς
853 979 936 1052 ὅσον
958 983 1089 1072 θνητὸν
1113 983 1254 1074 ἔχεικαὶ
1279 983 1361 1054 ὅσον
1373 1003 1429 1059 ῒθθ

211 1089 325 1174 *θετον
351 1088 406 1156 καὶ
426 1087 503 1177 ’ὅπη
530 1089 585 1157 καὶ
617 1086 695 1176 μεθ’
727 1079 775 1156 ῶν
807 1089 862 1157 καὶ
895 1087 940 1158 δι’
970 1086 992 1158 d
1018 1093 1119 1180 χωρὶς
1146 1089 1291 1184 ᾠκίσθη,
1323 1091 1361 1162 τὸ

213 1195 289 1281 ’μὲν
316 1191 441 1283 ἄληθες
467 1193 513 1275 ῶς
545 1205 686 1284 εἴρηται,
719 1199 805 1264 θεοῦ
838 1196 1072 1284 ξυμφήσαντος
1098 1195 1166 1266 τότ’
1199 1195 1240 1267 ἂν
1275 1197 1361 1269 οὕτω

215 1301 340 1388 μόνοις
363 1306 661 1391 θιισχυριζοίμεθα·
687 1302 726 1371 τό
742 1329 787 1390 ,με
815 1302 882 1391 μὴν
910 1303 997 1384 εἰκὸς
1019 1301 1101 1393 ἡμῖν
1128 1307 1362 1393 εἰρῆσθαικαὶ

216 1409 294 1476 ‘voa
316 1409 370 1476 καὶ
395 1413 442 1478 ἔτι
465 1414 594 1497 μᾶλλον
621 1407 849 1479 ἆνασκοποῦσι
873 1412 1168 1481 θιακινθυνειπεόν
1190 1411 1228 1482 τὸ
1256 1413 1361 1502 φάναι

216 1515 271 1582 καὶ
293 1515 479 1602 πεφόσθω.’
515 1514 626 1605 ῶσπερ
651 1509 713 1586 οῦν
735 1521 838 1585 ταῦτα
862 1517 934 1605 περὶ
958 1521 1065 1607 ψυχῆς
1088 1516 1179 1587 εἶπεν
1202 1517 1278 1609 ἄχρι
1301 1525 1362 1591 τοῦ
1377 1541 1403 1580 1⁰

216 1626 366 1692 πιθανοῦ
392 1625 447 1692 καὶ
476 1623 602 1705 εἰκότος
626 1622 719 1713 [ἡμῖν
742 1624 1001 1712 γιγνώσκεσθαι]
1031 1625 1276 1714 προερχόμενα,
1305 1625 1362 1698 διὰ

216 1734 313 1799 τοῦτο
346 1727 435 1818 adyti
463 1735 635 1820 τολμηρῶς
665 1729 905 1819 ἀποφήνασθαι
931 1731 1006 1819 περὶ
1039 1728 1150 1800 αὐτῶν
1179 1730 1220 1803 οὐ
1247 1737 1362 1824 πειρῶ,

216 1835 298 1904 κατὰ
322 1837 358 1905 δὲ
381 1836 582 1908 τούναντίον
606 1835 685 1907 οὐδὲ
708 1842 841 1927 θεωρῶ·
866 1836 915 1907 ὅτι
940 1837 977 1907 δὲ
995 1846 1096 1909 πλείω
1118 1839 1158 1908 τὰ
1176 1844 1235 1928 τῆς
1256 1846 1363 1931 ψυχῆς

255 2023 267 2070 1
289 2011 343 2086 lyd
363 2033 418 2071 om.
437 2017 517 2071 codd.
532 2015 594 2071 edd.
615 2047 647 2057 -
668 2023 683 2071 2
703 2011 805 2072 τοῦτον
820 2017 899 2071 codd.
915 2017 977 2071 edd.
997 2013 1105 2072 τοῦτον
1119 2018 1199 2075 Corn.
1215 2051 1247 2062 -
1267 2028 1284 2076 ³
1303 2041 1362 2092 μεε-

217 2085 266 2141 etv
287 2088 316 2142 P.
338 2119 365 2126 -
396 2087 465 2142 διὰ
485 2085 537 2158 μὲν
556 2080 609 2142 οῦν
632 2109 657 2142 ιι.
676 2109 697 2144 τ.
718 2088 878 2158 l.'1¹im.p.
900 2093 933 2142 72
953 2089 985 2143 D.
1009 2118 1044 2128 —
1069 2097 1084 2144 6
1103 2094 1200 2145 θεῖον·
1223 2087 1289 2161 ἄχρι
1312 2093 1362 2148 τοῦ

217 2157 466 2214 ότακινθννεντέον
485 2179 510 2213 κ.
529 2180 551 2214 τ.
572 2164 594 2214 λ,
617 2159 676 2214 FP.
705 2191 731 2197 -
763 2165 778 2212 ’λ
803 2152 893 2221 οῦτως
910 2158 947 2213 Μ.
972 2189 1005 2198 -
1029 2165 1045 2214 8
1069 2161 1118 2214 καλ
1140 2162 1194 2215 νῦν
1217 2161 1258 2216 ἔτι
1282 2165 1361 2218 codd.

217 2229 271 2284 edd
293 2261 328 2270 -
348 2236 364 2284 9
379 2231 644 2285 διακινδυνενταῖον
658 2229 729 2295 ΜΑς
746 2230 779 2285 cf.
794 2229 878 2284 Proll.
893 2248 920 2299 p.
934 2236 978 2284 40.
994 2261 1026 2270 -
1041 2249 1070 2284 τε
1086 2248 1136 2300 pro
1151 2227 1182 2286 τό
1198 2231 1362 2289 MABchK

216 2295 248 2354 τὸ
268 2317 320 2355 om.
344 2301 402 2357 FP.
429 2333 461 2342 -—
485 2300 515 2355 in
534 2303 618 2356 verbo
642 2299 733 2370 φάναι
756 2301 842 2356 desin.
867 2303 988 2370 excerpt.
1007 2301 1177 2356 xxxxvln
1199 2303 1279 2360 codd.
1302 2305 1361 2364 FP.

218 2401 251 2411 -
277 2379 310 2426 10
333 2366 448 2441 πεφῶση
472 2375 503 2426 Α.
528 2405 559 2412 -
587 2378 616 2426 11
643 2369 758 2434 εἰκότας
781 2371 915 2427 MABch
939 2368 1047 2435 εἰκότος
1071 2371 1150 2428 Corn.
1174 2375 1208 2428 K.
1233 2405 1263 2414 ·—
1294 2369 1362 2446 ἡμῖν

217 2438 424 2511 ηιηνῶσκεσθοιι
446 2443 524 2497 uncis
548 2443 719 2498 seclusimus.
742 2474 777 2482 -
804 2463 859 2510 προ
884 2447 956 2569 eset.
980 2461 1039 2500 voc.
1063 2447 1170 2513 septem
1193 2443 1251 2500 fere
1274 2445 1360 2502 litter.

218 2513 289 2582 μένα
313 2513 399 2568 MAB
423 2514 611 2584 προειρημένα
635 2514 707 2569 chi(
730 2517 891 2586 προβεβλημ
908 2534 945 2568 νοι
968 2514 1048 2570 Corn.
1079 2510 1274 2586 προερχόμενα
1296 2534 1361 2583 nos3

218 2585 251 2640 ol.
270 2585 355 2640 Proll.
375 2603 402 2654 p.
417 2591 460 2641 53.
480 2616 512 2625 -
531 2585 580 2640 aul
599 2583 646 2639 διὰ
661 2586 744 2639 τοῦτο
764 2586 843 2640 oodd.
860 2585 922 2643 edd.
942 2579 1015 2640 οῦτα
1030 2588 1056 2642 d.
1075 2607 1098 2641 τ.
1113 2586 1193 2641 Corn.
1212 2588 1260 2642 ιιαλ
1278 2589 1360 2644 eieci·

218 2674 292 2723 mus;
312 2656 347 2711 cf.
366 2655 450 2711 Proll.
461 2674 500 2742 μ
521 2662 581 2712 115.
606 2687 638 2696 -
667 2661 698 2710 12
718 2651 752 2710 ου’
779 2657 880 2745 θεωρῶ
903 2656 983 2713 codd.
1003 2657 1064 2714 edd
1089 2651 1123 2712 οό
1139 2659 1225 2726 πειρῶ
1249 2676 1307 2715 nos.
1326 2690 1360 2700 -

220 2735 251 2783 13
271 2723 437 2783 τοῦναντίον
459 2747 503 2783 οτι
522 2730 607 2782 πλείω
627 2727 706 2784 codd.
726 2728 789 2783 edd.
808 2747 885 2785 τανν.
904 2723 973 2784 οῦδὲ
992 2729 1106 2799 θεωρῶ·
1126 2722 1172 2785 ὅτι
1191 2728 1223 2786 dt
1246 2747 1304 2787 noe.
1328 2761 1360 2774 ·-

218 2911 281 2995 qui
309 2909 447 2994 dicem,
477 2915 516 2976 et
536 2932 617 2994 voe,
640 2908 706 2995 qui
729 2907 926 2993 iudicetis,
955 2908 1158 2976 humanam
1182 2917 1362 2980 ueturem

217 3016 371 3102 hebere3
414 3018 595 3102 quocirca
629 3016 690 3081 his
727 3016 771 3081 de
802 3015 916 3081 rebus
952 3015 991 3081 in
1026 3015 1187 3083 fabulae
1225 3018 1362 3084 verisi-

218 3123 441 3189 militudine
486 3124 732 3209 acquiescere
775 3145 843 3189 nec
878 3124 983 3188 ultre
1023 3122 1113 3208 quid
1156 3124 1361 3209 anquirere

218 3228 425 3299 convenit’.
472 3227 526 3296 Sic
548 3251 683 3315 quoque,
706 3251 788 3315 quae
812 3229 850 3296 de
875 3229 984 3296 animo
1012 3229 1157 3315 scripsit,
1184 3230 1361 3314 probabili·

218 3341 319 3404 tatem
355 3341 483 3402 tantum
519 3340 553 3400 et
587 3336 905 3403 verisimilitudinem
937 3337 1059 3404 habere
1095 3335 1251 3422 affirmat,
1288 3359 1362 3404 oum

218 3444 417 3511 haecdicit:
468 3441 537 3508 ‘De
565 3444 692 3508 animo
721 3443 859 3530 igitur,
893 3449 1075 3530 quantum
1104 3445 1268 3510 mortale
1294 3443 1360 3510 ha·

218 3552 308 3617 beat
349 3555 387 3616 et
431 3553 611 3636 quantum
652 3549 826 3616 divinum
868 3555 906 3616 et
956 3550 1145 3636 quomodo
1190 3555 1229 3617 et
1275 3551 1360 3637 qui-

220 3659 375 3727 buscum
408 3660 446 3722 et
477 3656 523 3722 ob
560 3679 654 3742 quae
683 3656 893 3742 separatim
921 3657 1138 3724 collocatus
1172 3657 1235 3742 sit,
1272 3679 1360 3723 vere

220 3785 303 3830 esse
344 3765 488 3829 dictum
527 3767 608 3830 tum
649 3764 810 3848 demum,
852 3785 934 3829 cum
974 3763 1066 3830 deus
1103 3765 1361 3850 consenserit,

220 3870 505 3957 contendemus3
547 3875 808 3937 verumtamen
848 3870 1070 3936 verisimile
1106 3893 1176 3937 nos
1212 3869 1360 3936 dixisse

203 3987 317 4044 'nuno
354 3999 500 4063 quoque
538 3981 577 4042 et
613 3978 739 4064 magis
777 3978 890 4044 etiam
931 3978 1073 4044 iterum
1111 3975 1359 4044 consideren-

219 4086 325 4151 tibus
353 4084 566 4151 audendum
594 4088 653 4149 est
680 4084 883 4150 affirmare
912 4084 1231 4170 affirmatumque
1255 4083 1359 4150 esto?

218 4191 265 4258 Ut
288 4193 390 4277 igitur
412 4191 507 4257 Plato
531 4191 612 4256 haec
634 4191 673 4256 de
697 4190 806 4257 animo
829 4192 877 4257 ita
900 4189 994 4273 dixit,
1017 4194 1054 4256 ut
1076 4191 1163 4256 ultra
1185 4190 1360 4276 probabili-

218 4301 322 4364 tatem
354 4303 387 4364 et
420 4297 733 4364 verisimilitudinem
766 4319 832 4363 non
863 4296 1041 4381 excederet,
1080 4297 1129 4362 ita
1161 4297 1260 4362 etiam
1298 4317 1359 4384 ego

218 4405 338 4472 ideirco
369 4402 521 4470 audacter
552 4405 591 4470 de
617 4404 669 4470 his
698 4405 909 4490 pronuntiare
935 4425 1001 4469 non
1038 4425 1151 4490 conor,
1186 4404 1287 4470 immo
1320 4425 1360 4470 ne
