3212 5146
594 439 835 508 -669-

148 597 260 668 ‘viatim
282 595 303 686 ἢ
326 597 480 684 προσιόν,
503 595 717 684 άλλοιότητας
739 602 959 684 παμποικίλας
982 596 1036 662 καλ
1060 595 1182 675 νόσους
1205 605 1291 682 φθο-

147 705 218 792 “ράς
240 733 274 773 τε
298 703 456 791 ἀπείρους
478 706 670 791 παρέξεταιῖ
717 703 765 771 ὅτι
794 703 855 790 μὲν
883 696 946 770 οὖν
970 705 1005 770 ἐκ
1028 705 1088 788 γῆς
1110 703 1164 770 καλ
1188 700 1293 788 πυρὸς

147 810 243 897 ἀέρος
264 839 299 880 τε
322 813 376 878 καὶ
400 809 565 896 delatori]
593 815 654 878 τοῦ
678 808 828 896 σώματος
851 807 946 896 ἡμῶν
969 811 1036 876 ἐστι
1060 807 1218 886 σύστασις
1241 805 1291 875 ότι

146 945 179 986 τε
210 917 266 986 διὰ
293 918 356 1005 τὴν
383 917 512 986 τούτων
541 923 674 984 ε”νὸειαν
708 912 727 1002 ἢ
761 919 955 998 πλεονεξίαν
982 912 1002 1002 ἢ
1031 913 1229 1003 μετάστασιν
1257 917 1295 980 αι’

146 1025 241 1094 νόσοι
266 1033 430 1112 γίνονται,
453 1027 569 1110 σαφῶς
592 1023 746 1110 ἐδήλωσε.
1303 1041 1316 1082 ι

237 1131 335 1212 Δόξει
364 1133 401 1199 δὲ
429 1133 466 1198 έν
493 1135 537 1222 τῷ
566 1130 610 1218 μὴ
639 1139 753 1198 καλεῖν
785 1127 869 1198 αὐτὰ
898 1143 1042 1215 στοιχεῖα
1070 1129 1291 1215 διαφέρεσθαι

145 1238 228 1326 πρὸς
251 1236 479 1326 Ἱπποκράτην.
528 1244 635 1306 καίτοι
667 1264 704 1324 γε
735 1233 813 1304 οὐδὲ
846 1238 972 1315 ἐκεῖνος
1003 1232 1178 1322 ὠνόμασεν
1208 1231 1290 1302 αὐτὰ

145 1359 302 1432 στοιχεῖα,
325 1345 432 1433 μόνον
452 1346 499 1428 δέ,
524 1343 574 1412 ότι
598 1343 727 1412 τούτων
747 1341 935 1412 συνιόντων
958 1343 1011 1409 καὶ
1035 1343 1291 1430 κεραννυμένων

144 1451 184 1519 τά
209 1452 334 1539 φυσικὰ
361 1458 487 1538 γίνεται
517 1450 660 1538 στόματα.
705 1449 759 1516 καὶ
789 1449 918 1518 τούτων
945 1449 1143 1535 προσωτέρω
1172 1463 1292 1536 χωρεῖν

146 1556 163 1626 ὁ
187 1558 250 1647 μέν
268 1556 483 1647 Ἱπποκράτης
507 1556 668 1646 οὐδεμίαν
695 1553 845 1643 άνάγκην
869 1554 958 1624 εἶναί
978 1575 1077 1642 φησι,
1098 1554 1291 1642 πρακτικήν,
1308 1575 1331 1614 10

146 1663 188 1733 οὐ
218 1664 430 1752 θεωρητικὴν
460 1665 697 1752 μετερχόμενος
723 1665 856 1750 τέχνην·
890 1661 907 1730 ὁ
941 1661 977 1730 δέ
1006 1659 1151 1728 Πλάτων
1178 1659 1222 1740 ὡς
1249 1657 1292 1728 civ

144 1770 207 1858 τὴν
230 1773 439 1861 θεωρητικὴν
461 1778 668 1859 φιλοσοφίαν
691 1768 877 1858 ἡγούμενος
899 1767 985 1837 εἶναι
1008 1767 1207 1856 τιμιωτάτην
1231 1763 1292 1836 οὐκ

143 1876 294 1966 ἠρκέσθη
314 1879 432 1967 μόναις
450 1893 521 1957 ταῖς
534 1879 754 1965 φαινομέναις
772 1879 809 1945 ἐν
822 1892 892 1955 τοῖς
911 1882 1084 1962 στοιχείοις
1099 1873 1292 1962 δυνάμεσιν,

143 1983 229 2054 άλλᾶ
253 1987 307 2053 καὶ
330 1985 393 2073 τὴν
416 1989 526 2052 αἰτίαν
551 1986 693 2070 ἐπιζητεῖ
712 1987 770 2071 τῆς
793 1983 953 2070 γενέσεως
976 1978 1104 2066 αὐτῶν,
1127 1979 1292 2070 άχρηστον

143 2095 247 2183 ἰατρῷ
272 2093 408 2180 σκέμμα.
454 2091 510 2158 διὰ
538 2097 573 2160 τί
592 2090 656 2179 γάρ
684 2089 835 2177 ὑγραίνει
863 2089 925 2177 μὲν
948 2087 985 2156 τὸ
1009 2086 1118 2175 ὕδωρ,
1146 2094 1231 2156 καίει
1255 2088 1291 2156 δὲ
1307 2108 1331 2148 1⁵

136 2197 180 2267 τὸ
205 2201 274 2285 πῦρ
298 2194 318 2284 ἢ
343 2199 457 2266 διὰτί
481 2200 534 2284 ῥεῖ
554 2198 616 2285 μὲν
638 2197 675 2264 τὸ
700 2195 809 2282 ὕδωρ,
837 2193 906 2264 άνω
935 2195 972 2262 dl
995 2195 1128 2281 φέρεται
1152 2193 1189 2261 τὸ
1213 2197 1291 2281 πῦρ,

180 2419 194 2466 1
222 2407 402 2481 η’λλοιότητας
426 2413 462 2466 Μ.
488 2445 517 2452 -
545 2419 560 2466 2
585 2411 753 2479 παρέξαιται
779 2410 814 2478 Ρ;
842 2411 871 2466 in
900 2410 985 2464 verbo
1008 2405 1160 2477 παρέξεται
1188 2405 1292 2460 desinit

143 2488 268 2572 ercerpt.
282 2483 399 2567 XXlllll
419 2483 498 2566 codd.
513 2483 571 2537 FP.
591 2515 623 2523 -
644 2491 660 2538 6
679 2479 748 2551 δόξη
763 2483 800 2537 M.
821 2513 850 2521 —
873 2489 889 2536 9
909 2481 964 2534 τῶν
979 2479 1010 2535 δὲ
1026 2480 1169 2548 στοιχείων
1183 2496 1291 2566 προσω-

141 2577 231 2626 τερως
260 2556 296 2611 ab
324 2556 368 2610 his
392 2555 484 2610 verbis
507 2573 591 2624 incip.
616 2557 737 2624 excerpt.
761 2552 875 2608 nxxlv
905 2552 984 2608 codd.
1008 2550 1066 2606 FP.
1091 2581 1123 2590 -—
1150 2556 1182 2604 14
1205 2568 1289 2619 αχρη·

142 2646 185 2682 στι
205 2627 237 2682 P.
257 2659 292 2667 -

142 2851 314 2933 maneat3
339 2845 437 2933 quod
461 2849 587 2910 autem
607 2842 755 2910 modum
778 2864 855 2910 non
873 2841 1048 2908 tenuerit
1067 2845 1176 2906 extra
1198 2840 1292 2905 haec

143 2955 335 3023 decedens
364 2957 430 3018 aut
457 2953 656 3036 accedens,
684 2950 923 3016 mutationes
951 2969 1134 3033 perquam
1162 2946 1292 3012 varias

143 3068 181 3128 ct
215 3063 371 3130 morbos
408 3059 756 3143 corruptionesquc
787 3054 1095 3142 innumerabiles
1130 3050 1292 3116 afferet?

143 3169 255 3253 Atque
275 3189 292 3231 c
315 3170 402 3230 terra
420 3167 602 3250 quidem-et
624 3167 699 3252 igne
719 3171 752 3230 et
770 3170 842 3230 aiire
866 3167 899 3229 et
922 3185 1006 3247 aqua
1024 3182 1162 3244 corpora
1180 3163 1293 3224 nostra

143 3271 325 3340 consistere
348 3272 489 3356 itemque
513 3295 552 3336 ex
575 3271 690 3338 horum
713 3273 765 3336 vel
793 3271 920 3335 defectu
943 3270 995 3334 vel
1019 3266 1218 3333 abundantia
1240 3265 1293 3330 vel

143 3378 363 3445 translatione
388 3380 519 3445 morbos
544 3379 636 3464 gigni
658 3377 834 3444 manifesto
858 3376 1044 3442 declaravit.

238 3485 300 3550 Sed
323 3486 486 3550 videbitur
508 3484 657 3566 fortasse,
681 3485 757 3569 quia
780 3485 940 3549 elementa
964 3505 1003 3547 ea
1024 3504 1091 3546 non
1113 3483 1223 3562 vocat,
1251 3479 1292 3544 ab

144 3594 351 3679 Hippocrate
374 3592 555 3660 dissentire.
601 3591 647 3656 At
669 3613 709 3656 ne
736 3591 792 3656 ille
816 3591 944 3674 quidem
969 3590 1128 3654 elementa
1151 3587 1292 3671 appella-

144 3702 209 3784 vit,
244 3700 298 3764 sed
328 3703 457 3764 tantum
490 3721 528 3762 ex
561 3721 672 3764 eorum
706 3720 864 3764 concursu
896 3700 929 3760 ct
962 3696 1100 3760 mistura
1129 3693 1294 3760 naturalia

144 3828 285 3892 corpora
319 3806 411 3870 nasci
448 3807 503 3869 ait.
560 3805 657 3872 Ultra
693 3805 774 3870 haec
810 3803 1036 3888 progrediendi
1068 3801 1191 3866 nullam
1224 3821 1293 3865 esse

144 3912 377 3978 necessitatem
402 3911 493 3996 dicit,
516 3911 636 3997 quippe
660 3914 715 3998 qui
744 3915 849 3978 artem
877 3910 1032 3993 activam,
1058 3930 1124 3974 non
1152 3909 1300 3974 contem·-

143 4019 307 4104 plativam
330 4023 588 4103 persequeretu13
612 4019 707 4084 Plato
727 4023 845 4102 autem,
869 4017 983 4101 utqui
1006 4014 1294 4098 contemplativam

143 4123 392 4210 philosophiam
416 4125 591 4209 praecipuo
620 4125 743 4190 honore
766 4125 916 4208 haberet,
944 4144 1010 4188 non
1033 4123 1067 4186 in
1091 4122 1183 4205 solis,
1211 4143 1293 4205 quae

143 4234 180 4298 in
212 4232 379 4296 clementis
409 4235 582 4317 apparent,
609 4231 820 4296 facultatibus
854 4230 1094 4296 considerandis
1123 4226 1294 4312 acquievit,

143 4339 203 4404 sed
228 4359 359 4403 causam
383 4340 481 4403 etiam
501 4337 722 4423 generationis
741 4359 851 4402 eorum
871 4336 1047 4421 anquisivit
1070 4333 1293 4418 quaestionem

144 4447 278 4512 secutus
310 4443 435 4511 medico
465 4445 622 4510 inutilem.
673 4441 739 4508 Cur
771 4443 856 4508 enim
889 4441 1059 4506 humescat
1090 4462 1188 4526 aqua,
1218 4441 1295 4504 urat
