3296 5150
614 451 860 516 -405-

161 603 229 670 loca
255 601 294 670 τό
322 629 356 670 τε
383 603 603 692 θυμούμενον
630 603 717 673 εἶναι
746 607 800 674 καὶ
832 606 877 675 τὸ’
901 607 1116 697 λογιζόμενον
1143 609 1220 680 οὔδ’
1256 611 1306 681 ῦτι

160 713 237 797 μιᾶς
260 709 435 797 δυνάμεώς
457 712 555 780 ίστον
578 717 658 800 ἔργα
682 717 935 801 συγχωροῦμεν,
963 711 1046 782 ἀλλά
1074 713 1307 788 ἀποδεικνύειν

161 811 284 896 αὐτοὺς
306 813 475 904 ἀξιοῦμεν,
499 817 609 907 ὥσπερ
632 809 734 886 τάλλα
757 817 797 886 τὰ
820 819 902 888 κατά
921 820 981 889 τὸν
1003 821 1117 908 λόγον,
1141 823 1228 892 οὕτω
1252 827 1305 894 καὶ

160 919 211 989 ὅτι
237 920 300 1009 την
328 919 434 1011 αὐτὴν
462 921 569 1012 ἀρχὴν
596 922 781 1012 ἀναγκαῖόν
810 927 899 994 ἐστιν
927 926 1011 995 εἶναι
1040 933 1108 996 τῶν
1130 957 1163 998 τε
1186 935 1308 999 παθῶν

159 1029 300 1097 καὶτοῦ
327 1035 499 1118 λογισμοῦ.
544 1031 738 1120 Χρύσιππος
765 1031 826 1120 μδν
854 1025 918 1101 οῦν
945 1035 982 1102 ἐν
1009 1039 1054 1126 τῷ
1086 1036 1205 1127 πρώτῳ
1232 1040 1333 1126 areola

159 1137 281 1202 παθῶν
308 1133 547 1205 ἀποδεικνύναι
571 1143 721 1226 πειρᾶται
751 1145 875 1226 κρίσεις
902 1139 995 1220 τινάς
1023 1139 1109 1210 εἶναι
1132 1147 1192 1212 τοῦ
1218 1152 1307 1231 λογι-

159 1245 274 1308 στικοῦ
297 1240 336 1310 τά
359 1243 468 1331 πάθη,
498 1245 619 1332 Ζήνων
642 1246 677 1314 δὲ
702 1243 744 1314 οῦ
766 1243 825 1326 τὰς
848 1253 972 1334 κρίσεις
994 1245 1111 1333 αῦτάς,
1143 1247 1226 1319 ἀλλὰ
1249 1251 1307 1332 τάς

160 1348 392 1434 ε’πιγινομίνας
415 1347 530 1432 αύταῖς
558 1361 721 1432 συστολας
743 1353 797 1421 καὶ
826 1353 994 1440 διαχύσεις
1021 1354 1172 1443 ἑπάρσεις
1193 1383 1227 1424 τε
1250 1359 1304 1426 καὶ

159 1452 298 1534 πτώσεις
320 1460 378 1542 τῆς
400 1457 506 1545 ψυχῆς
537 1457 686 1545 ἐνόμιζεν
709 1457 794 1528 εἶναι
818 1458 857 1527 τά
886 1460 988 1548 πάθη.
1034 1458 1052 1528 ό
1077 1463 1306 1545 Ποσειδώνιος

159 1559 196 1627 δὲ
224 1557 423 1654 ἀμφοτέροις
450 1565 633 1650 διενεχθεὶς
665 1567 793 1634 ἐπαινεῖ
817 1592 851 1634 τε
882 1565 948 1654 ἅμα
980 1567 1034 1636 καὶ
1064 1576 1234 1656 προσίεται
1265 1569 1304 1639 λδ
1320 1597 1345 1636 ιι

159 1665 341 1748 Πλάτωνος
364 1669 471 1758 δόγμα
494 1671 548 1739 καὶ
568 1668 729 1758 ἀντιλέγει
748 1687 818 1751 τοῖς
836 1674 910 1761 περὶ
928 1672 989 1742 τὸν
1008 1673 1205 1761 Χρύσιππον
1228 1675 1303 1744 οῦτε

157 1779 281 1860 κρίσεις
308 1772 457 1844 εἶναιτὰ
484 1777 577 1866 πάθη
606 1777 773 1846 δεικνύων
799 1777 876 1848 οῦτε
904 1780 1117 1868 ἐπιγινόμενα
1144 1787 1303 1869 κρίσεσιν,

157 1875 240 1948 ἀλλὰ
262 1881 409 1969 κινήσεις
435 1882 528 1964 τινάς
555 1885 677 1972 ἑτέρων
701 1893 706 1968 Ι
732 1885 909 1974 δυνάμεων
931 1885 1080 1974 ἀλόγων,
1108 1884 1147 1967 ἃς
1170 1885 1188 1954 ὁ
1213 1890 1370 1970 litei-430

156 2013 223 2054 των
252 1985 428 2076 ὠνόμασεν
461 1991 703 2078 ἐπιθυμητικόν
735 2019 768 2060 τε
796 1993 850 2060 καὶ
882 1998 1058 2081 θυμοειδῆ.
1103 1997 1236 2063 πολλῶν
1266 1995 1302 2064 δὲ
1373 2075 1376 2082 ,

156 2095 338 2181 είρημίνων
365 2093 453 2188 αύτῷ
485 2096 569 2184 πρὸς
601 2094 771 2180 ἀπόδειξιν
802 2103 865 2167 τοῦ
893 2104 1039 2168 παλαιοῦ
1070 2099 1249 2186 δόγματος,
1281 2098 1343 2172 iiia

155 2201 218 2287 μίν
241 2202 331 2268 ἐστιν
355 2203 517 2290 ἐπίκαιρα,
540 2207 643 2272 ταῦτα
667 2205 703 2272 ἐν
725 2215 771 2296 τῷ
793 2205 857 2294 πρὸ
881 2205 1004 2273 τούτου
1027 2205 1130 2296 λόγῳ,
1157 2206 1301 2298 τετάρτῳ

155 2309 212 2392 τίς
241 2305 320 2396 ὅλης
347 2307 417 2377 ὄντι
446 2317 685 2397 πραγματείας,
718 2310 901 2398 ἐπειράθην
928 2316 1034 2379 εἰπεῖν
1067 2311 1122 2379 διά
1150 2315 1302 2400 βραχέων

191 2533 207 2580 4
228 2523 315 2580 ἔστων
330 2525 425 2578 ΜΑΒ.
441 2557 473 2566 -
494 2531 510 2578 8
525 2519 618 2588 λύσεις
631 2524 759 2580 ABCbK
775 2519 869 2594 χύσεις
883 2523 911 2578 Μ
926 2519 1070 2594 διαχύσεις
1085 2539 1148 2590 n0s;
1167 2525 1201 2580 cf.
1216 2525 1300 2581 Proll.

155 2615 200 2668 pp.
221 2603 255 2650 24
274 2599 303 2650 et
321 2604 364 2652 89,
385 2627 416 2636 -
437 2601 452 2648 9
472 2591 522 2658 τὰς
536 2591 654 2658 πεύσεις
672 2596 752 2651 codd.
767 2596 829 2650 edd.
849 2591 899 2658 τάς
918 2595 1081 2650 delevimus.
1102 2625 1135 2635 -
1159 2603 1190 2650 10
1209 2598 1300 2665 διενη-

155 2668 235 2738 χδεὶς
253 2668 290 2722 M.
370 2673 401 2720 12
425 2669 513 2734 κρίσει
532 2667 678 2732 MABCh3
702 2664 737 2722 cl.
757 2667 841 2722 Proll.
864 2686 892 2737 p.
912 2675 954 2724 95.
981 2699 1012 2706 —
1041 2673 1072 2721 14
1092 2660 1300 2738 ἐπιθυμητικοῦ

154 2739 182 2794 Μ
203 2733 376 2808 ἐπιδυμικόν
392 2739 417 2790 Α
437 2733 645 2808 ἐπιθυμητικόν
664 2738 772 2794 BCbK.
792 2769 825 2778 -

152 2979 283 3024 necesse
306 2978 377 3020 esse
400 2957 457 3019 aut
474 2955 568 3020 unius
586 2955 754 3020 facultatis
779 2977 858 3038 esse,
882 2954 948 3034 sed,
972 2955 1056 3019 sicut
1079 2959 1194 3040 cetera,
1217 2979 1299 3040 quae

154 3066 193 3131 ed
212 3064 372 3130 rationem
391 3065 550 3146 spectant,
573 3063 621 3127 ita
639 3063 719 3126 illud
738 3061 1025 3126 demonstrandum
1045 3060 1085 3124 iis
1107 3084 1177 3126 esse
1193 3085 1299 3128 cense-

153 3195 238 3256 mus,
270 3171 355 3236 idem
387 3171 561 3235 affectuum
595 3173 628 3234 et
654 3167 915 3234 ratiocinationis
947 3165 1063 3231 debere
1091 3169 1200 3252 utique
1229 3193 1298 3234 esse

153 3278 356 3363 principium.
403 3273 606 3362 Chrysippus
630 3277 733 3362 igitur
754 3277 789 3340 in
812 3275 918 3359 primo
942 3273 980 3336 de
998 3275 1298 3358 perturbationibus

153 3385 236 3450 libro
261 3387 396 3448 affectus
421 3406 490 3448 esse
514 3383 634 3448 iudicia
657 3381 815 3468 quaedam
838 3380 1008 3446 rationalis
1032 3382 1135 3464 partis
1159 3383 1297 3465 probare

152 3491 272 3576 studet3
297 3491 382 3556 Zeno
405 3513 470 3555 non
489 3489 609 3555 iudicia
626 3490 708 3574 ipsa,
731 3487 786 3554 sed
806 3483 1068 3572 supervenientes
1092 3489 1132 3552 iis
1152 3494 1296 3554 contmo·

153 3597 257 3660 tiones
290 3599 323 3660 et
354 3596 555 3680 diffusiones,
589 3597 746 3662 elationes
779 3597 859 3660 item
888 3599 921 3658 et
952 3591 1163 3658 demissiones
1196 3595 1297 3660 animi

152 3723 222 3765 esse
245 3703 348 3784 putat.
393 3701 585 3768 Posidonius
610 3707 718 3766 autem
742 3703 784 3766 ab
808 3706 943 3784 utroque
967 3699 1125 3764 dissidens
1148 3699 1295 3766 Platonis

152 3807 345 3872 sententiam
376 3807 488 3872 laudat
520 3815 616 3894 atque
644 3809 790 3874 admittit
820 3807 1052 3893 refragansque
1083 3805 1295 3892 Chrysippeis

151 3917 250 3999 negat
276 3913 327 3976 vel
354 3911 475 3978 iudicia
502 3915 552 3979 vel
576 3915 780 3980 succedentia
806 3915 848 3978 iis
876 3915 1034 4000 quaedam
1058 3936 1128 3978 esse
1152 3915 1296 3999 allectus,

151 4021 206 4085 sed
225 4023 333 4085 motus
350 4019 506 4104 quosdam
526 4021 662 4086 aliarum
681 4021 874 4086 facultatum
893 4021 1142 4105 irrationalium,
1159 4043 1296 4105 quarum

151 4128 287 4216 alteram
305 4125 399 4190 Plato
423 4127 719 4210 concupiscibilem,
742 4128 844 4192 altera
866 4128 1063 4193 irascibilem
1089 4128 1295 4211 appellasset.

151 4233 213 4300 Sed
237 4255 309 4298 cum
333 4233 437 4298 multa
465 4257 484 4298 a
507 4233 683 4300 Posidonio
707 4234 747 4298 ad
775 4234 976 4318 probandam
1003 4237 1145 4297 veterem
1169 4239 1294 4302 senten·

151 4341 231 4406 tiam
255 4341 343 4406 dicta
367 4345 487 4425 essent,
516 4363 568 4425 ea,
597 4361 678 4426 quae
702 4341 742 4404 ad
765 4363 832 4405 rem
856 4341 1017 4424 pertinere
1040 4339 1237 4424 viderentur,
1260 4341 1295 4405 in

149 4451 294 4514 extremo
317 4446 401 4514 libro
425 4447 600 4534 superiore,
622 4447 678 4532 qui
700 4431 806 4514 totius
823 4447 929 4531 operis
953 4451 1085 4532 quartus
1109 4451 1167 4532 est,
1190 4447 1294 4512 brevi·
1399 4505 1403 4514 .
