3300 5146
620 474 658 484 —
706 437 859 502 333—

158 595 214 662 καλ
239 591 320 681 μετὰ
343 591 440 679 ὀλίγα
462 593 564 662 πάλιν
587 592 652 662 ’ὅτι
678 593 713 660 δὲ
737 595 791 661 καὶ
814 593 851 662 τὸ
871 595 1050 684 θυμοειδὲς
1073 595 1222 664 ἐνταῦθα’
1244 595 1311 666 πού

160 703 251 788 ‘locu
274 699 315 768 τά
338 703 476 768 τοιαῦτα
500 702 653 788 ἐμφαίνει
676 707 815 769 πλείονα
838 699 931 769 ὄντα·

206 805 305 895 Ἥρῃ
330 803 362 874 δ’
388 804 451 875 ούκ
473 811 569 894 ἔχαδε
593 811 718 894 στῆθος
740 808 857 894 χόλον,
880 806 963 877 ἀλλὰ
986 810 1173 898 προσηύδα’

160 915 228 982 ειιαλ
252 919 299 982 ἔτι

207 1021 278 1088 ‘xci
302 1019 416 1107 χόλος,
439 1018 510 1089 ὅστ’
537 1021 654 1108 ἐφέηκε
676 1019 875 1110 πολύφρονά
899 1047 960 1112 περ
982 1027 1176 1112 χαλεπῆναι·
1324 1045 1337 1084 ⁵

207 1128 299 1196 ‘eccs
322 1127 409 1196 πολὺ
432 1133 579 1213 γλυκίων
601 1127 731 1214 μέλιτος
752 1131 1044 1217 καταλειβομένοιο

207 1231 360 1322 ’ἀνδρῶν
383 1236 420 1302 έν
443 1233 625 1322 στήθεσσιν
648 1230 789 1320 ἀέξεται,
812 1233 891 1322 ἠύτε
913 1237 1062 1322 καπνός,’

161 1343 385 1430 ἐναργέστατα
407 1341 463 1408 καί
482 1342 670 1427 σαφέστατα
694 1339 750 1408 διὰ
767 1345 835 1410 τῶν
856 1342 1022 1412 τοιούτων
1045 1345 1310 1440 ἐνδεικνύμενος,

161 1446 208 1529 ὡς
230 1447 459 1536 ὑπολαμβάνει
485 1447 540 1514 καλ
569 1443 670 1526 αύτὸς
696 1444 819 1535 ὁμοίως
840 1447 1046 1538 Ἱπποκράτει
1075 1453 1129 1520 καλ
1154 1452 1310 1523 Πλάτωνι

162 1555 325 1644 δυνάμεις
355 1559 414 1643 τῆς
450 1557 559 1642 ψυχῆς
589 1551 751 1642 ὑπάρχειν
783 1555 894 1642 ἑτέρας
925 1555 1014 1646 παρὰ
1045 1557 1106 1627 τὸν
1137 1559 1310 1648 λογισμόν,
1325 1581 1351 1619 1⁰

162 1661 226 1751 τήν
249 1688 284 1730 τε
307 1660 552 1750 έπιθνμητικὴν
574 1662 629 1729 καὶ
652 1659 714 1747 τήν
735 1668 919 1751 θυμοειδῆ,
941 1666 996 1734 καί
1019 1661 1099 1733 καθ’
1130 1667 1168 1733 ἕν
1194 1693 1231 1753 γε
1254 1667 1311 1756 μό-

163 1796 228 1838 νον
260 1771 360 1838 τοῦτο
391 1767 634 1856 διαφερόμενος
666 1765 792 1856 αύτοῐς,
823 1767 902 1838 καθ’
938 1769 1020 1839 ὅσον
1048 1773 1085 1839 έν
1114 1777 1155 1862 τῇ
1191 1779 1324 1866 καρδίᾳ·

166 1875 275 1955 πάσας
309 1872 400 1942 εἶναί
425 1896 549 1962 φησιν,
581 1872 627 1955 cic
655 1872 879 1965 Ἀριστοτέλης
909 1875 1155 1966 ὑπελάμβανεν,
1187 1877 1249 1948 ούκ
1276 1883 1313 1950 έν

165 1997 236 2063 τοῖς
253 1983 342 2071 τρισί
362 1981 574 2069 σπλάγχνοις,
597 1983 767 2075 ἐγκεφάλῳ
785 1984 842 2052 καὶ
864 1983 961 2071 ἥπατι
980 1987 1035 2053 καὶ
1054 1991 1183 2077 καρδίᾳ.
1204 1989 1209 2074 Ι
1230 1985 1313 2056 utut
1322 2004 1379 2060 361

145 2367 150 2374 .
202 2331 215 2379 1
242 2319 373 2380 ἐνταῦθα
396 2315 474 2377 crisci
498 2321 578 2377 codd.
604 2321 666 2376 εδδ.
691 2316 822 2377 ἐνταῦθά
851 2319 907 2378 πού
933 2341 981 2378 nos
1004 2325 1110 2395 coll.p
1112 2333 1209 2396 ,316,
1232 2335 1257 2382 3.
1276 2359 1312 2368 -

164 2389 267 2464 3Ἦρη
287 2395 366 2451 οοδδ.
385 2394 448 2450 cdd
456 2379 532 2464 ’Ἥρῃ
551 2409 667 2448 οοε.-
694 2389 812 2462 σχόλον
831 2395 909 2450 codd.
929 2395 991 2450 cdd
1011 2344 1110 2465 χόλοςρ
1109 2414 1218 2452 nos.—
1243 2391 1311 2455 δατ

164 2465 361 2522 ΜΔΒο1.-
385 2473 401 2521 6
420 2463 653 2536 καταλιβομένοιο
671 2464 791 2518 ΜΑ.-
815 2472 832 2520 8
851 2467 876 2521 Α
894 2467 986 2520 verbis
1006 2466 1168 2536 σαφέστατα
1188 2463 1238 2523 διδ
1255 2491 1312 2524 των

164 2538 250 2624 incip
274 2541 396 2608 excerpt.
419 2537 445 2590 X
473 2535 599 2590 codicum
623 2535 673 2590 FP
691 2536 934 2624 continueturque
963 2555 1072 2625 neque
1081 2539 1117 2594 cd
1149 2539 1236 2594 verbu
1263 2541 1312 2596 καλ

164 2603 253 2694 ἥπατι
273 2609 321 2663 καὶ
343 2609 514 2682 καρδίαι-
480 2613 570 2661 -11
597 2601 669 2660 καθ’
690 2605 787 2675 ἕτερον
809 2603 1215 2694 16611(καθ’ᾔμοιινΡι
1238 2606 1310 2666 καθ’

162 2679 199 2736 ἲν
217 2676 306 2752 μόνον
324 2679 360 2734 1²²
383 2663 468 2748 (deu
490 2677 562 2733 nihil
580 2678 650 2733 certi
669 2681 823 2764 enotatum)
845 2673 955 2732 καθ’”
937 2699 954 2748 η
993 2677 1113 2750 εμόνον
1131 2681 1161 2736 M
1183 2679 1255 2737 καθ’
1281 2703 1312 2737 εν

165 2771 245 2877 γεγχ.
256 2769 380 2878 ffsss'-
406 2757 439 2805 13
458 2748 739 2805 καοανΜΑΒΟλιΚ
758 2746 929 2818 πάσαςδςΡ
955 2701 990 2806 ei.
1009 2751 1093 2806 Proll.
1112 2771 1139 2822 p.
1160 2759 1255 2808 uu—
1281 2751 1313 2810 ἐν

165 2841 227 2893 τρια
335 2853 368 2862 -

166 3013 379 3024 ...—--—-

167 3172 201 3233 et
219 3165 318 3252 peulo
338 3166 414 3250 post
431 3185 557 3228 rursus:
581 3161 845 3228 ‘Iracundiam
868 3186 1019 3250 quoque
1042 3163 1103 3231 his
1125 3165 1166 3231 in
1189 3167 1313 3250 perti·

166 3274 237 3341 bus
262 3295 348 3338 esse
371 3271 466 3336 heec
489 3273 605 3355 atque
628 3268 664 3332 id
687 3289 807 3354 genus
830 3271 949 3354 plura
972 3271 1189 3337 declarent:

213 3380 304 3445 ‘non
327 3378 460 3464 potuit
483 3375 666 3442 cohibere
688 3376 784 3440 iram
808 3378 880 3442 sub
904 3382 1065 3461 pectore
1087 3379 1201 3463 Juno,

213 3487 281 3553 sed
304 3481 505 3571 loquitur?

167 3594 277 3660 adde:
293 3592 367 3658 ‘ira
381 3592 514 3676 etiem,
528 3612 624 3677 quae
639 3590 699 3657 vel
713 3590 937 3675 prudentem
953 3594 1161 3677 exasperat
1174 3593 1314 3678 ipsum,

289 3700 346 3764 ira
368 3698 554 3784 furorque
577 3698 674 3783 viri,
696 3699 760 3785 qui
783 3699 907 3764 multo
930 3698 1043 3764 melle
1066 3699 1216 3766 fluente

290 3806 442 3872 dulcior
464 3810 506 3870 ut
528 3805 655 3871 fumus
678 3827 869 3892 generoso
892 3806 931 3870 in
955 3810 1112 3889 pectore
1135 3807 1297 3893 gliscit?

167 3913 422 3980 Evidentissime
449 3913 611 4000 igiturne
634 3911 900 3978 manifestissime
921 3905 974 3978 his
998 3914 1141 3978 ostendit
1163 3915 1227 3981 sibi
1250 3915 1316 4000 ipsi

168 4043 306 4108 quoque,
324 4019 596 4106 quemadmodum
609 4019 803 4105 Hippocrati
823 4023 856 4084 et
873 4019 1014 4104 Plutoni,
1032 4021 1161 4105 placere
1179 4022 1315 4088 faculta-

167 4133 218 4194 tes
247 4129 375 4193 animee
406 4130 612 4213 appetentem
643 4129 676 4192 et
698 4126 868 4191 iracundia
891 4127 1020 4212 plenem
1044 4150 1114 4192 esse
1142 4152 1162 4194 a
1188 4129 1315 4195 ratione

168 4235 324 4320 diverses,
338 4235 372 4300 in
385 4235 449 4300 hoc
462 4257 526 4302 uno
540 4238 651 4300 temen
666 4234 707 4300 ub
721 4233 790 4300 illis
804 4233 921 4318 differt,
936 4235 1020 4320 quod
1034 4235 1069 4299 in
1083 4235 1179 4300 eorde
1193 4257 1316 4319 omnes,

167 4346 206 4408 ut
228 4342 424 4408 Aristoteles
448 4341 661 4426 existimarit,
682 4363 750 4408 non
773 4342 807 4406 in
829 4341 934 4407 tribus
957 4341 1151 4426 visceribus,
1174 4342 1316 4427 cerebro,

168 4451 289 4534 iecore,
326 4449 422 4516 corde
454 4471 524 4515 esse
557 4449 612 4514 ait.
666 4448 772 4533 Atque
805 4449 904 4512 etiam
939 4447 1134 4512 facultatum
1170 4448 1315 4533 ipserum
