3300 5146
543 409 897 474 ·-2co-

201 565 299 632 ‘uoto
329 563 567 646 σννιζάνουσιν
594 570 641 644 είς
668 562 792 645 αὑτοὺς
818 563 1042 652 σνναγόμενοι
1069 589 1153 653 προς
1178 568 1277 634 τοῦτο
1301 561 1347 646 ὡς

200 665 256 738 ‘dv
276 668 314 738 τὸ
338 667 540 758 ἡγεμονικὸν
558 673 612 740 καὶ
631 671 713 740 κατὰ
732 669 839 758 αὐτὴν
857 669 902 751 ὡς
920 667 963 739 ἂν
989 670 1112 740 τούτου
1130 671 1346 760 φνλακτικήν.

200 776 267 843 ’καὶ
289 774 329 844 τὰ
352 779 410 864 τῆς
432 778 537 865 λύπης
559 778 651 866 πάθη
676 781 838 848 ἐνταυθοῖ
857 804 923 848 που
947 775 1080 866 εὐφυῶς
1101 784 1226 865 γίνεται
1251 775 1345 847 οὐδε-

200 880 270 962 ενὸς
297 881 401 952 ἄλλον
428 884 683 972 συμπάσχοντος
710 883 790 954 οὐδὲ
818 889 1066 971 συναλγοῦντος
1087 884 1201 954 τόπου.
1247 882 1345 972 ἄλγη-

200 989 326 1059 *δόνων
351 990 416 1079 γάρ
447 1018 550 1061 τινων
577 993 659 1061 κατὰ
691 996 794 1061 ταῦτα
823 995 1012 1080 γινομένων
1045 996 1205 1080 σφοδρῶν
1236 993 1372 1080 ἕτερος5

201 1097 274 1186 ’μὲν
298 1095 433 1186 οὐδεὶςΙ
458 1100 612 1186 ἐμφαίνει
635 1099 736 1180 τόπος
756 1099 797 1168 τὰ
820 1099 913 1186 πάδη
936 1103 1055 1184 ταῦτα,
1083 1097 1101 1167 ὁ
1127 1098 1164 1166 δὲ
1186 1100 1259 1185 περὶ
1282 1098 1345 1187 τὴν
1354 1115 1412 1170 882

200 1210 355 1294 ‘nuptiae
381 1204 543 1293 primeca?
588 1211 690 1276 ταῦτα
717 1204 824 1274 πάντα
852 1204 1004 1293 φήσομεν
1032 1202 1167 1291 ἀληθῶς
1192 1203 1257 1274 ὑπὸ
1285 1210 1347 1274 τοῦ

200 1318 400 1402 Χρυσίππου
426 1314 583 1400 λέγεσθαι
611 1315 665 1382 καὶ
689 1314 960 1401 παρακαλέσομίν
987 1339 1024 1400 γε
1051 1312 1130 1392 τοὺς
1152 1309 1216 1380 ἀπὸ
1241 1299 1345 1381 αὐτου

199 1424 394 1509 μεμνῆσθαί
412 1446 448 1487 τε
470 1417 582 1489 αὐτῶν
604 1422 659 1489 καὶ
682 1421 795 1508 μηκέτι
818 1419 907 1507 παρὰ
930 1416 1025 1506 ἡμῶν
1048 1419 1163 1507 ἑτέραν
1186 1420 1346 1507 ἐπιζητεῖν

201 1526 373 1611 ἀπόδειξιν
401 1524 484 1614 ὑπὲρ
513 1531 573 1596 τοῦ
596 1526 674 1607 τοὺς
702 1527 831 1614 φόβους
858 1527 912 1594 καὶ
939 1523 998 1606 τὰς
1025 1523 1131 1605 λύπας
1158 1526 1211 1592 καὶ
1239 1517 1343 1594 πάνθ’
1362 1545 1386 1584 ¹⁰

204 1636 267 1706 ὅσα
298 1638 436 1703 τοιαῦτα
467 1633 560 1721 πάθη
593 1633 674 1702 κατὰ
706 1632 768 1721 τὴν
800 1638 943 1722 καρδίαν
977 1638 1209 1700 συνίστασθαι.
1263 1617 1346 1701 ἄλλα

202 1748 302 1813 τοῦτο
335 1740 396 1829 μὲν
423 1741 478 1808 καὶ
511 1739 595 1828 πρὸς
622 1738 734 1808 αὐτῶν
757 1738 1030 1828 ὁμολογούμενον
1056 1739 1258 1828 λαμβάνεται
1279 1744 1347 1808 τῶν

203 1852 376 1919 Στωϊκῶν·
401 1844 443 1916 οὐ
465 1846 573 1934 μόνον
596 1846 659 1935 γὰρ
679 1847 883 1935 Χρύσιππος,
906 1843 990 1915 ἀλλὰ
1013 1847 1068 1914 καὶ
1092 1845 1270 1935 Κλεάνθης
1292 1849 1347 1916 καὶ

202 1957 323 2045 Ζήνων
350 1956 488 2041 ἑτοίμως
515 1950 596 2023 αὐτὸ
620 1956 785 2023 τιθέασιν·
815 1955 921 2022 ίκείνο
945 1954 982 2022 δὲ
1010 1955 1261 2023 ἐπισκέπτεσθαι
1285 1953 1346 2042 χρὴ

200 2062 324 2152 μόνον,
352 2053 437 2153 opt
465 2061 527 2149 τὴν
550 2065 661 2130 πᾶσαν
683 2059 932 2149 ἀμφισβήτησιν
958 2059 1044 2129 εἶναι
1068 2062 1290 2148 συμβέβηκεν,
1318 2067 1349 2130 εί
1362 2077 1386 2116 1⁵

202 2169 257 2238 καὶ
283 2167 320 2238 τὸ
349 2167 564 2256 λογιζόμενόν
593 2170 684 2237 ἐστιν
711 2169 868 2236 ἐνταῦθα.
918 2172 949 2236 εί
973 2166 1052 2256 γάρ,
1080 2165 1190 2257 ὥσπερ
1218 2166 1255 2237 τὸ
1284 2178 1347 2238 ev-

238 2358 251 2405 1
271 2344 349 2404 καδδ
368 2347 501 2403 MABOh
521 2343 593 2402 καθ’
614 2341 629 2401 δ
649 2349 681 2402 K.
703 2379 733 2388 -
755 2345 795 2409 είς
814 2340 920 2408 adroic
933 2345 1065 2400 Mnssch
1085 2344 1125 2408 είς
1144 2340 1251 2409 αὐτοὺς
1265 2347 1297 2400 Κ.
1313 2377 1347 2388 -

201 2429 217 2476 2
243 2421 292 2475 aad
317 2415 389 2476 acroi
417 2413 469 2488 τὴν
497 2421 576 2474 codd.
599 2419 660 2474 edd.
685 2419 733 2474 act
761 2421 882 2486 καρδίαν
905 2412 958 2483 τὴν
981 2415 1062 2471 Corn.
1087 2417 1135 2471 scd
1158 2413 1230 2472 nard
1255 2412 1347 2488 αὐτὴν

201 2509 259 2548 nos.
279 2523 313 2532 -
332 2486 427 2546 αὐτῶν
446 2486 548 2546 τούτου
567 2491 647 2546 οοδδ.
667 2490 729 2546 edd.
753 2483 842 2544 edroi
862 2510 885 2544 τ.
910 2487 991 2543 Corn.
1010 2483 1105 2544 αὐτῶν
1129 2488 1292 2544 delevimus.
1313 2521 1346 2530 —

203 2570 240 2650 12,
258 2557 327 2649 παρ’
353 2557 448 2618 αὐτῶν
476 2562 555 2618 codd.
579 2563 642 2618 cdd.
665 2557 736 2632 πρὸς
758 2555 854 2616 αὐτῶν
877 2575 935 2616 nos.
960 2591 994 2600 -
1024 2565 1057 2616 14
1080 2553 1155 2614 ariaci
1180 2560 1260 2616 codd.
1284 2561 1346 2618 edd.

203 2655 275 2691 αυτο
295 2652 354 2691 noe.
374 2665 406 2674 -

202 2815 428 2898 considunt,
461 2837 543 2880 cum
578 2814 621 2880 ad
659 2814 757 2880 hunc
795 2816 902 2880 velut
933 2813 1198 2898 principatum
1232 2819 1269 2881 et
1302 2817 1346 2881 ad

204 2945 270 2990 cor
303 2923 408 2988 velut
435 2922 554 2988 huius
582 2922 828 3006 principatus
861 2921 1058 2986 custodem
1092 2921 1347 3006 colliguntur.

203 3031 394 3096 Maeroris
414 3051 563 3113 quoque
582 3029 751 3093 affectus
770 3028 916 3093 ibidem
936 3027 1174 3093 oboriuntur
1192 3033 1348 3093 natura·

203 3138 301 3202 liter
328 3136 438 3202 nullo
467 3136 546 3200 alio
570 3135 746 3218 corporis
774 3134 861 3200 loeo
889 3134 1166 3219 contagionem
1190 3156 1348 3201 consen-

204 3266 363 3328 sumque
387 3242 535 3308 doloris
563 3243 751 3326 patiente.
798 3239 835 3306 Si
865 3241 964 3306 enim
994 3240 1242 3306 vehementes
1266 3243 1347 3326 qui·

203 3351 287 3414 dam
311 3371 439 3414 eorum
459 3348 848 3431 exsistuntdolores,
871 3347 1001 3412 nullus
1026 3346 1125 3411 alius
1146 3343 1205 3412 est
1227 3348 1349 3434 locus,

204 3457 269 3540 qui
302 3455 372 3520 hos
395 3455 577 3521 affectus
609 3455 799 3538 declaret,
835 3459 874 3520 at
904 3455 1033 3522 cordis
1066 3454 1126 3519 vel
1160 3455 1348 3522 maxime’.

203 3563 323 3628 Omnia
345 3561 426 3627 haec
450 3585 469 3627 a
492 3560 678 3645 Chrysippo
706 3584 780 3626 vere
804 3561 867 3626 dici
891 3561 1125 3626 affirmabimus
1150 3563 1182 3624 et
1205 3563 1349 3628 monebi-

204 3692 275 3734 mus
299 3669 394 3734 istius
414 3671 522 3734 sectae
540 3667 698 3752 homines,
721 3673 757 3733 ut
774 3667 933 3734 memoria
955 3670 1087 3732 teneant
1109 3688 1189 3731 neve
1209 3669 1349 3752 amplius

205 3777 304 3842 aliam
333 3799 352 3841 a
384 3776 479 3843 nobis
508 3775 818 3841 demonstrationem
850 3773 1030 3860 requirant,
1063 3795 1120 3837 cur
1151 3775 1285 3840 timores
1317 3779 1350 3839 et

204 3883 422 3968 aegritudines
446 3905 619 3967 omnesque
647 3883 681 3947 id
704 3904 804 3968 genus
829 3883 963 3946 affectus
986 3881 1019 3944 in
1042 3880 1137 3945 eorde
1161 3881 1349 3946 consistant.

205 3989 409 4074 Quamquam
436 3989 498 4054 hoc
525 3990 619 4073 quasi
647 4011 835 4054 eoncessum
868 3988 910 4053 ab
939 3987 1020 4072 ipsis
1049 3985 1168 4052 Stoicis
1197 3987 1348 4072 sumitur3

203 4119 269 4160 non
297 4096 383 4160 enim
413 4093 617 4180 Chrysippus
646 4095 764 4178 solum,
792 4095 847 4160 sed
875 4092 1049 4160 Cleanthes
1078 4094 1177 4158 etiarn
1206 4099 1239 4158 et
1262 4095 1349 4160 Zeno

204 4201 237 4268 id
261 4202 409 4268 absolute
437 4205 569 4286 ponunt
615 4201 738 4268 Verum
766 4201 845 4266 illud
873 4203 1002 4266 tantum
1030 4200 1264 4285 anquirendum
1292 4203 1350 4282 est,

204 4308 238 4372 in
261 4330 325 4393 quo
349 4313 422 4374 tota
443 4309 540 4374 huius
569 4310 616 4374 rei
645 4308 866 4376 controversia
889 4306 1054 4390 consistit,
1081 4306 1164 4371 sitne
1192 4307 1255 4372 hoc
1276 4306 1350 4372 loeo

205 4415 271 4482 sita
294 4414 394 4482 etiam
416 4437 494 4502 pars
516 4415 697 4484 rationalis.
734 4413 768 4482 Si
788 4414 883 4498 enim,
905 4412 1176 4499 quemadmodum
1195 4412 1246 4498 iis,
1269 4434 1350 4498 quae
