3246 5148
628 389 846 454 „21-

160 546 281 612 tunicis
304 545 441 632 legenda
465 549 554 610 sunt:
582 545 651 622 πῶς
677 539 721 610 dv
749 547 939 630 εἰδεῖμεν,
966 549 1024 622 τίς
1051 541 1163 612 αὐτῶν
1190 541 1311 634 άληθέ-

159 669 262 718 στατα
286 650 406 736 λέγει,
429 689 473 698 —-
496 651 529 716 P.
548 653 612 716 437
636 657 713 736 post
735 653 817 718 med.
840 653 926 717 male
950 653 1072 718 editum
1096 658 1146 719 est
1170 678 1186 718 e
1207 653 1309 740 Chry·

160 758 248 842 sippi
278 757 362 824 libro
395 757 434 822 de
462 759 631 824 affectibus
659 759 788 824 morali:
821 754 897 823 οὔτε
925 753 989 842 γάρ
1016 757 1090 845 περὶ
1117 756 1154 825 τὸ
1184 763 1310 826 νοσοῦν

160 860 255 948 σῶμά
280 861 352 928 ἐστι’
373 888 424 940 τις
445 862 558 948 τέχνη,
587 857 630 948 ἢν
652 861 945 950 προσαγορεύομεν
969 861 1137 950 ἰατρικήν,
1170 861 1244 952 οὐχὶ
1272 865 1308 934 δὲ

159 970 214 1036 καὶ
238 969 312 1056 περὶ
335 967 397 1054 τὴν
420 971 591 1035 νοσοῦσαν
611 967 721 1054 ψυχήν
740 969 812 1036 ἐστί
827 995 876 1048 τις
893 969 1006 1054 τέχνη,
1031 966 1101 1036 οὔτ’
1119 971 1156 1037 ἐν
1173 997 1213 1060 τη
1227 971 1309 1038 κατά

159 1075 260 1162 μέρος
286 1079 413 1163 θεωρίᾳ
440 1099 474 1141 τε
502 1075 556 1140 καὶ
582 1080 745 1164 θεραπείᾳ
774 1079 827 1142 δεῖ
852 1080 1023 1144 λείπεσθαι
1059 1074 1184 1164 ταύτην
1211 1078 1308 1146 έκεί-

161 1208 256 1260 νοις.
286 1183 373 1269 Lege
397 1180 565 1266 ἐκείνης,
589 1183 674 1266 quod
693 1183 727 1248 M
748 1185 946 1268 suppeditat3
969 1207 1045 1248 nam
1065 1187 1227 1252 sententia
1246 1193 1308 1252 est:

160 1289 454 1368 ‘Quemadmodum
476 1309 527 1352 res
550 1289 686 1357 nonita
709 1289 879 1374 sehabet,
906 1299 943 1357 ut
968 1295 1008 1359 ad
1037 1317 1153 1380 eorpus
1177 1294 1307 1378 quidem

159 1419 293 1483 aegrum
318 1399 442 1479 spectet
465 1416 518 1458 ars
541 1395 714 1478 quaedam,
737 1419 834 1480 quam
858 1400 1052 1466 medicinam
1074 1423 1307 1484 nuncupamus,

159 1505 200 1568 ad
224 1503 368 1568 animum
393 1521 525 1586 aegrum
548 1501 637 1566 nulla
658 1507 794 1586 spectet,
818 1505 865 1568 ita
883 1527 923 1570 ne
942 1507 977 1570 in
1000 1507 1219 1592 singularibus
1238 1506 1307 1590 qui·

159 1611 232 1675 dem
257 1613 289 1674 et
313 1607 598 1691 contemplationis
627 1613 660 1671 et
686 1610 864 1674 curationis
892 1613 1040 1694 partibus
1070 1636 1136 1696 ars,
1163 1635 1245 1696 quae
1273 1613 1307 1677 in

158 1717 269 1782 auimo
293 1737 391 1801 aegro
414 1717 572 1797 versatur,
594 1714 653 1778 illa
676 1715 772 1780 debet
794 1738 864 1780 esse
888 1717 1042 1784 inferior?
1076 1720 1160 1784 Aliis
1180 1741 1306 1804 quoque

158 1822 240 1888 locis
264 1847 312 1904 οι,
335 1845 380 1904 ει,
403 1845 423 1905 η
447 1821 533 1886 inter
556 1845 589 1886 se
613 1825 811 1888 commutata
831 1845 900 1888 esse
919 1825 1035 1890 docent
1055 1826 1136 1890 haee
1159 1826 1307 1909 exempla

157 1933 288 2014 praeter
311 1929 405 2012 illud,
427 1929 512 2012 quod
537 1951 635 2013 supra
653 1929 845 1996 memoravi:
869 1952 898 2013 p.
917 1931 982 1994 238
1004 1932 1085 1996 med.
1104 1932 1223 1996 Aldina
1241 1935 1305 1996 tra-

158 2036 254 2101 didit:
284 2037 315 2100 εἰ
341 2030 404 2119 γάρ
428 2030 470 2118 δὴ
494 2031 616 2100 τούτου
643 2031 736 2120 τύχη
765 2059 829 2116 τις,
858 2029 899 2100 οὐ
926 2031 1034 2120 μόνον
1057 2075 1100 2082 -
1128 2033 1306 2121 δυνήσεται

157 2141 367 2226 κατορθοῦν,
390 2135 473 2205 ἀλλὰ
492 2139 546 2205 καὶ
560 2138 741 2224 βουληθεὶς
759 2135 894 2226 ἀθρόως
911 2137 994 2225 ὅλην
1013 2140 1135 2221 ἐξελεῖν
1155 2137 1215 2208 οὐκ
1230 2133 1306 2208 div-

158 2245 250 2333 χήσει
280 2247 338 2332 τῆς
367 2249 591 2330 χειρουργίας,
623 2269 805 2332 perperam3
838 2248 871 2312 M
902 2252 988 2313 reete
1019 2244 1139 2332 τύχοι.
1193 2247 1305 2314 Simile

158 2355 310 2420 mendum
337 2353 474 2418 recurrit
500 2377 530 2438 p.
554 2354 619 2418 559
643 2357 736 2437 extr,
766 2354 822 2417 ubi
850 2355 884 2419 in
906 2355 937 2418 A
964 2353 1096 2438 legitur:
1127 2349 1183 2418 διὰ
1214 2349 1303 2418 τοῦτ’

158 2463 241 2526 ἔνιοι
269 2461 337 2526 τῶν
365 2454 576 2543 άνατομικῶν
604 2453 649 2535 ὡς
678 2456 764 2545 (lege
793 2457 853 2545 εἰς)
885 2458 1015 2542 ἐκείνην
1044 2453 1147 2535 αὐτάς
1177 2462 1306 2543 ε”φασαν

157 2569 344 2652 περαίνειν,
371 2567 402 2630 εί
428 2562 489 2649 μέν
516 2559 798 2648 άκριβολογεῖτό
826 2590 890 2648 τις,
919 2559 980 2630 οὐκ
1008 2559 1246 2649 ἀληθεύοντες,
1276 2569 1307 2632 εί

158 2671 210 2754 δὲ,
234 2669 279 2750 ὦς
302 2679 444 2757 είρηται,
468 2673 532 2736 νῦν
555 2665 779 2736 duodenaria
802 2670 1008 2755 λεγομένων,
1031 2666 1102 2736 οὔτ’
1128 2666 1305 2757 ἀκριβοῦν-

157 2805 209 2858 τες
231 2781 292 2846 τοῦ
314 2776 523 2863 φαινομένου
545 2773 608 2862 τὴν
631 2774 787 2862 διήγησιν
811 2773 886 2842 οὔτε
909 2777 993 2861 μέγα
1016 2803 1046 2842 τι
1070 2775 1305 2863 σφαλλόμενοι.

158 2886 347 2952 (Ίεεεῖεείιιε
375 2885 480 2950 foede:
509 2877 722 2967 άκριβολογεῖ
746 2881 782 2949 τέ
807 2907 871 2963 τις,
899 2885 981 2949 unde
1005 2885 1145 2950 Kuehn.:
1173 2880 1305 2969 άκριβο-

157 2995 332 3078 λογεῖταί
351 3016 409 3069 τις.
455 2988 517 3054 Sed
541 2991 633 3054 unico
656 3013 767 3054 verum
792 2995 854 3074 est,
878 2992 962 3074 quod
986 2991 1019 3054 M
1043 2992 1191 3075 praebet,
1214 2986 1305 3074 άκρι-

156 3103 353 3184 βολογοῖτο
382 3101 415 3162 et
442 3090 568 3162 άκούοι.
615 3096 718 3172 Quam
745 3097 947 3182 negligentes
975 3097 1071 3161 huius
1100 3097 1207 3162 mendi
1240 3099 1304 3162 edi·

157 3213 245 3272 tores
259 3206 393 3288 fuerint,
413 3203 525 3268 multis
540 3203 614 3268 aliis
629 3204 784 3287 exemplis
798 3204 931 3287 probari
951 3207 1073 3288 potest,
1091 3204 1180 3268 velut
1193 3227 1224 3287 p.
1239 3205 1303 3269 383

157 3319 232 3378 onte
256 3313 324 3396 fin,
350 3311 421 3394 ubi,
444 3331 639 3394 quamquam
663 3311 808 3394 sequitur
832 3311 862 3375 εί
883 3309 924 3374 δέ
944 3333 1049 3385 τις-
1064 3306 1170 3392 λέγοι,
1194 3313 1303 3374 tamen

157 3421 197 3485 ud
220 3442 321 3484 unum
345 3439 456 3484 omnes
484 3417 515 3479 εί
539 3411 602 3500 μὲν
623 3453 668 3462 -
694 3411 814 3499 φάσκει
842 3421 1055 3481 exaraverunt
1081 3439 1140 3500 pro
1169 3413 1303 3500 φάσκοι,

157 3551 187 3610 p.
210 3527 277 3592 486
301 3529 376 3610 post
402 3523 485 3588 med.
513 3529 546 3586 εί
568 3545 669 3586 τε-
693 3522 799 3606 λέγεις
825 3545 884 3606 pro
912 3519 1035 3604 λέγοις,
1062 3545 1092 3606 p.
1116 3523 1181 3586 564
1204 3523 1246 3586 in.
1274 3525 1305 3588 εί

156 3630 211 3698 καὶ
234 3627 391 3715 τελευτὴν
413 3623 566 3714 ὀνομάζει
588 3653 638 3704 τις
659 3652 719 3713 pro
739 3623 910 3713 ὀνομάζοι,
935 3650 964 3711 p.
985 3629 1048 3692 756
1073 3628 1132 3692 sub
1156 3629 1209 3693 fin.
1229 3653 1301 3695 eon·

157 3743 208 3804 tra
231 3739 262 3802 εί
284 3775 327 3782 -
349 3733 459 3820 λέγοις
480 3758 540 3820 pro
560 3733 679 3818 λε’γεις;
702 3735 754 3800 his
777 3736 858 3800 loeis
883 3733 1032 3798 omnibus
1051 3734 1085 3798 M
1108 3756 1219 3800 veram
1242 3736 1303 3801 leo·
1381 3799 1389 3814 ,

156 3846 278 3912 tionem
306 3845 449 3928 praebet.
493 3842 562 3907 Neo
591 3843 696 3906 minus
723 3841 874 3926 frequens
902 3845 952 3904 est
978 3841 1141 3905 vocalium
1170 3865 1188 3906 ο
1216 3847 1249 3907 et
1275 3867 1301 3908 ιο

157 3951 369 4036 permutatio,
392 3949 483 4015 euius
506 3973 572 4015 neu
594 3971 699 4032 pauea
718 3949 866 4032 exempla
889 3949 930 4012 ab
950 3947 1069 4012 Aldina
1093 3948 1179 4013 edita
1202 3949 1236 4012 in
1255 3971 1302 4013 εε-

157 4059 234 4123 teris
259 4057 456 4122 editionibus
480 4062 538 4121 aut
559 4056 734 4124 haeserunt
756 4059 813 4120 aut
834 4078 901 4120 non
924 4055 1004 4120 satis
1023 4058 1109 4119 reete
1133 4055 1302 4118 emendata

158 4167 241 4228 sunt.
291 4163 381 4228 Haeo
410 4164 524 4228 afferre
553 4163 633 4226 satis
662 4166 724 4226 est:
754 4186 784 4247 p.
808 4163 872 4227 263
900 4163 943 4226 in.
971 4162 1124 4246 legimus:
1153 4155 1193 4224 τά
1223 4177 1301 4224 συν-

157 4267 302 4334 άπτοντα
326 4263 414 4352 [τὴν]
437 4269 580 4354 καρδίαν
602 4264 771 4356 ἐγκεφάλῳ
795 4266 1041 4344 διασκέψασθαι
1059 4262 1121 4350 χρὴ
1140 4262 1222 4330 κατὰ
1244 4261 1302 4343 τὰς

157 4376 223 4442 τῶν
247 4372 339 4464 ζῴων
362 4369 531 4462 άνατομᾶς
558 4369 664 4443 ὁπόσα
687 4367 716 4440 τ’
743 4373 811 4440 ἐστὶ
838 4372 893 4440 καί
916 4369 1030 4456 ὁποῖα,
1058 4366 1192 4436 κᾶπειτα
1219 4368 1302 4437 κατὰ
