3212 5146
606 503 845 568 -645-

154 659 352 746 αἰσθητικὸν
375 661 505 740 ἐθέλοις
527 658 718 748 ὀνομάζειν,
742 656 783 728 ού
807 664 935 728 διοίσει.
980 661 1035 728 καλ
1065 661 1191 748 ταύτην
1218 667 1298 730 ἔθει-

153 765 208 844 ξεν
236 763 253 833 ὁ
287 766 438 854 πρόσθεν
466 766 564 853 λόγος
597 767 780 853 ἐγκέφαλον
812 758 934 854 οὖσαν,
966 764 1025 854 ἀφ’
1056 759 1097 835 ού
1124 767 1231 836 πάντα
1258 768 1298 836 τὰ

152 871 252 958 μόρια
276 879 439 960 αἴσθησίν
461 900 496 941 τε
519 873 573 940 καλ
597 879 731 960 κίνησιν
750 877 826 960 ἔχει,
849 873 1070 961 καθηκόντων
1093 875 1215 962 ἑτέρων
1237 875 1299 963 μὲν

152 977 285 1066 νεύρων
317 985 364 1060 είς
380 971 435 1049 ’τὰ
467 985 535 1049 τόν
568 979 762 1068 αἰσθήσεων
794 978 921 1068 ὄργανα
954 980 1166 1067 διαγνώσεως
1203 983 1298 1050 ἕνεκα

151 1089 219 1152 τῶν
237 1090 421 1173 αἰσθητῶν,
441 1087 562 1176 ἑτέρων
577 1086 614 1154 δὲ
627 1090 695 1154 τῶν
709 1087 897 1156 κινούντων
915 1084 998 1156 αὐτὰ
1016 1087 1056 1155 τό
1076 1114 1112 1174 γε
1130 1098 1325 1156 κινεῖσθαιι

152 1191 306 1279 δεόμενα,
329 1193 481 1278 καθάπερ
505 1190 705 1281 ὀφθαλμούς
726 1220 760 1260 τε
784 1194 838 1261 καλ
867 1198 1016 1280 γλῶτταν
1038 1195 1092 1262 καὶ
1123 1186 1199 1262 ὦτα.
1244 1195 1298 1263 καλ

152 1296 215 1384 γὰρ
249 1291 312 1366 οὖν
344 1299 399 1368 καὶ
431 1302 533 1367 ταῦτα
567 1301 604 1366 ἐν
636 1315 705 1380 τοῖς
736 1307 901 1381 πλείστοις
935 1305 1003 1369 τόν
1037 1300 1129 1393 ζηόων
1145 1316 1298 1373 ,κινεῖται

151 1407 247 1491 μυῶν
270 1408 338 1474 τῶν
362 1407 399 1473 ἐν
420 1409 460 1494 τῇ
483 1410 610 1495 κεφαλῇ
628 1406 947 1495 περιλαμβανόντων
967 1409 971 1496 l
992 1405 1087 1492 αύτό,
1111 1406 1167 1475 διὰ
1191 1399 1241 1477 ὦν
1264 1412 1365 1484 allus
1394 1443 1406 1467 ·

152 1509 232 1578 καθ’
259 1509 368 1599 ὁρμὴν
391 1509 515 1580 ἅπασαι
539 1512 686 1600 κινήσεις
712 1529 782 1593 τοῖς
810 1511 904 1604 ζῴοις
927 1517 1021 1582 εἰσίν.
1068 1515 1100 1594 ἐξ
1123 1504 1173 1582 όν
1196 1512 1299 1582 ἁπόν-

149 1645 219 1686 των
241 1633 454 1706 μαρτυρεῖται
472 1619 707 1707 προσηκόντως
726 1623 881 1707 εἰρῆσθαι
900 1618 960 1688 τὸν
984 1622 1168 1707 ἐγκέφαλον
1191 1618 1298 1708 ἀρχὴν
1314 1647 1339 1684 ιο

151 1721 239 1792 εἶναι
263 1728 360 1792 τοῦτο
384 1725 446 1813 μὲν
469 1724 658 1813 αἰσθήσεως
680 1723 809 1812 ἁπάσης
830 1741 901 1806 τοῖς
924 1725 1032 1817 ζηόοις,
1059 1730 1157 1795 τοῦτο
1183 1727 1219 1794 δὲ
1242 1732 1300 1815 τῆς

150 1827 233 1898 καθ’
260 1828 369 1918 ὁρμὴν
392 1831 561 1919 κινήσεως.
607 1837 638 1899 εἰ
660 1834 700 1900 de'
725 1857 761 1919 γε
789 1830 834 1920 μὴ
860 1829 916 1900 διὰ
939 1835 1058 1918 ταῦτα,
1085 1839 1176 1912 τίνος
1203 1835 1299 1902 ἕνεκα

150 1933 257 2004 ἄλλον
280 1939 432 2023 γέγονενς
462 1934 481 2025 ἢ
510 1936 565 2005 διὰ
590 1945 624 2005 τί
648 1939 707 2018 τὰς
733 1938 898 2026 μήνιγγας
928 1941 1053 2020 ἔξωθεν
1081 1936 1169 2030 αύτῷ
1193 1943 1299 2028 περιέ-

149 2069 260 2111 τεινεν
288 2041 308 2130 ἡ
341 2044 456 2130 φύσις,
490 2055 580 2129 ελπερ
610 2047 647 2112 ἐν
679 2046 821 2124 ἐκείναις
848 2047 910 2132 μέν
944 2047 1033 2113 ε’στιν
1061 2043 1080 2133 ἡ
1108 2049 1166 2133 τῆς
1194 2051 1300 2134 ψυχῆς

149 2145 251 2238 ἀρχή,
282 2150 390 2237 μάτην
418 2151 455 2219 δὲ
483 2153 663 2236 ἐγκέφαλος
697 2152 840 2237 ἐγένετος
873 2150 929 2218 διὰ
959 2157 994 2218 τί
1019 2149 1055 2219 dl
1084 2151 1202 2239 ἑκάστη
1231 2157 1340 2222 τῶνιε

148 2259 288 2325 κοιλιῶν
320 2253 426 2326 αὐτοῦ
463 2258 708 2344 τιτρωσκομὲνη
747 2261 911 2325 κίνδυνον
943 2254 1104 2338 ὀξύτατον
1136 2260 1298 2345 ἕπιφέρει;

185 2425 201 2472 3
224 2438 251 2471 τε
272 2436 325 2472 om.
346 2437 371 2488 p.
399 2450 427 2457 -
455 2412 642 2485 καθηκόντων
661 2413 771 2483 νεύρων
792 2411 895 2482 ἑτέρων
914 2415 966 2486 μὲν
987 2415 1027 2480 εἰς
1046 2435 1071 2487 p.
1097 2449 1129 2457 -
1157 2425 1222 2487 ὅγε
1243 2437 1297 2474 om.

148 2508 175 2560 p.
197 2519 232 2528 -
254 2497 267 2542 7
289 2484 320 2543 ἕν
340 2493 405 2543 ante
425 2495 482 2550 τοῖς
501 2505 551 2542 nos
570 2487 749 2554 inseruimus3
769 2487 803 2541 ef.
824 2487 908 2542 Proll.
921 2505 954 2574 μ.
976 2495 1035 2541 107.
1057 2520 1087 2528 -
1109 2495 1125 2544 8
1145 2489 1200 2543 τῶν
1240 2491 1298 2544 νῶν

149 2561 205 2615 τῶν
227 2560 287 2630 Mp.
314 2593 342 2599 --
373 2567 404 2614 13
429 2554 513 2628 lad
535 2554 565 2613 τὸ
585 2559 614 2613 Μ
635 2553 650 2627 i}
670 2553 744 2612 διότι
762 2556 893 2612 ABChK
920 2581 935 2627 η
960 2554 1008 2613 διὰ
1029 2561 1058 2612 τί
1073 2577 1136 2625 οοες
1160 2560 1193 2615 ef.
1237 2561 1298 2616 roll.

150 2651 177 2702 p.
198 2637 243 2687 29.
264 2663 296 2670 -
317 2625 388 2685 αύτό
408 2631 445 2684 Μ.
466 2663 494 2670 -
521 2637 552 2684 15
572 2627 604 2685 dl
624 2633 690 2684 ante
709 2625 867 2698 ἐγκέφαλος
886 2645 939 2684 om.
959 2630 1038 2684 ChK.
1061 2662 1090 2670 -

1113 2713 1123 2740 ἱ

150 2821 167 2862 e
190 2795 355 2882 principio
379 2793 532 2858 affluente
556 2793 704 2875 efficitur,
727 2791 814 2876 quod
837 2792 1034 2876 principium
1058 2793 1167 2878 ipsum
1190 2797 1299 2860 utrum

148 2923 282 2968 sensum
306 2921 510 2964 communem
534 2921 575 2964 an
598 2899 755 2984 primum,
783 2898 867 2983 quod
892 2899 1085 2963 adsensum
1109 2905 1222 2985 aptum
1247 2902 1299 2985 sil,

150 3008 320 3094 appellare
353 3006 448 3090 velis,
479 3005 561 3070 nihil
590 3006 698 3070 refert.
748 3005 819 3070 Hoc
851 3026 912 3068 nos
940 3005 1088 3088 superior
1118 3007 1298 3092 disputatio

148 3113 263 3181 docuit
286 3113 453 3178 cerebrum
478 3135 563 3197 esse,
590 3111 674 3177 unde
698 3135 809 3178 omues
831 3115 942 3195 partes
966 3113 999 3173 el
1022 3133 1152 3176 sensum
1176 3117 1208 3177 el
1233 3135 1298 3178 mo·

147 3228 221 3288 tum
246 3221 510 3305 adipiscerentur,
533 3220 641 3285 nervis
666 3219 739 3284 aliis
763 3218 803 3283 sd
832 3217 1001 3283 sensibilia
1023 3218 1242 3304 dignoscenda
1264 3219 1299 3284 in

150 3351 308 3394 sensuum
340 3328 557 3392 instrumenta
590 3325 874 3408 descendentibus,
907 3324 980 3390 aliis
1013 3325 1219 3390 moventibus
1252 3347 1299 3408 ea,

148 3457 234 3521 quae
262 3435 385 3500 moveri
418 3434 584 3516 deberent,
617 3436 654 3496 ul
677 3431 802 3515 oeulos
833 3430 995 3516 linguam,
1027 3453 1133 3496 aures:
1161 3453 1237 3496 nam
1266 3436 1299 3496 el

149 3545 215 3608 hae
239 3541 274 3606 in
296 3541 459 3625 plerisque
479 3538 674 3604 animalibus
693 3541 865 3603 moventur
886 3538 943 3620 ita,
967 3541 1003 3600 ut
1021 3537 1157 3601 musculi
1181 3538 1298 3621 capitis

148 3673 206 3714 eas
232 3645 521 3731 comprehendant,
544 3668 602 3728 per
625 3667 705 3728 quos
729 3667 840 3710 ornnes
870 3643 904 3707 in
927 3643 1122 3706 animalibus
1151 3644 1298 3709 volunta·

150 3758 222 3820 riae
246 3754 405 3820 motiones
430 3752 597 3816 exsistunt.
643 3751 733 3827 Quae
761 3749 871 3814 omnia
898 3750 1087 3815 testimonio
1111 3753 1187 3813 sunt
1214 3773 1297 3814 eere·

150 3866 247 3928 brum
267 3865 336 3925 burn
357 3881 469 3924 sensus
489 3858 602 3942 omnis,
621 3861 690 3922 lum
709 3855 911 3921 voluntariae
926 3856 1082 3921 motionis
1097 3856 1131 3920 in
1151 3856 1298 3922 animali-

147 3971 213 4034 bus
241 3967 400 4052 originem
428 3989 507 4030 esse.
561 3964 597 4028 Id
626 3963 653 4028 si
681 3984 747 4028 non
773 3965 907 4046 propter
930 3962 1024 4044 haee,
1054 3984 1228 4046 quamnam
1256 3965 1298 4028 ob

149 4075 252 4142 aliam
271 4095 403 4138 eausam
423 4073 545 4138 faulum
565 4068 637 4136 esi?
669 4069 738 4134 Aut
755 4090 812 4133 eur
831 4069 1028 4134 membranis
1049 4069 1247 4134 extrinsecus
1265 4070 1298 4134 id

147 4185 271 4248 natura
285 4181 420 4264 operuit,
439 4179 467 4243 si
486 4178 615 4263 quidem
630 4177 663 4241 in
682 4176 749 4240 illis
765 4179 815 4239 est
828 4176 929 4239 animi
943 4175 1148 4259 principium,
1166 4175 1298 4260 nequid·

148 4311 251 4374 quam
276 4289 385 4350 aulem
415 4285 538 4350 laetum
567 4284 734 4350 cerebrum
762 4282 834 4356 esi?
880 4281 962 4357 Quid
986 4285 1036 4345 esl
1063 4281 1148 4366 quod
1177 4281 1296 4367 singuli

147 4393 323 4460 ventriculi
338 4391 408 4456 eius
422 4393 582 4457 vulnerati
598 4389 774 4476 perieulum
792 4410 947 4472 praeceps
962 4387 1126 4452 inferunt?
1150 4385 1233 4463 Quid
1248 4391 1298 4452 esl

147 4499 239 4590 quod
261 4500 302 4564 ab
326 4521 364 4564 eo
383 4521 495 4564 omues
517 4499 607 4564 nervi
628 4499 660 4561 el
677 4495 764 4561 dorsi
789 4495 928 4560 medulla
947 4495 1156 4560 exoriuntur?
1194 4495 1297 4572 Quam
