3166 5192
557 398 801 462 ..561-

102 555 249 624 τοντέστι
271 557 311 643 τῇ
336 559 437 642 σαρκί
455 579 490 622 τε
512 554 567 621 καί
588 559 629 642 τῇ
653 551 751 644 ου’σίᾳ
773 558 813 642 τῇ
832 554 963 640 ἑαυτοῦ,
985 557 1030 644 τῷ
1053 555 1249 645 καλουμένῳ

101 660 185 748 πρὸς
208 663 310 730 ἐνίων
333 663 458 748 ίατρῶν
484 660 718 748 παρεγχύματι.
763 662 903 728 ἕκαστον
930 657 994 746 γὰρ
1021 663 1089 728 τῶν
1116 657 1248 748 ὀργανι-

102 773 172 838 κῶν
194 772 256 837 τοῦ
279 767 365 860 ζῴου
387 773 531 856 μορίων,
554 767 723 836 σύνθετον
745 765 897 854 ὑπάρχον
927 767 960 847 ἐξ
983 765 1105 852 ἑτέρων
1127 762 1249 834 ἆτλου·

103 876 231 962 στέρων
253 879 400 963 μορίων,
422 872 555 954 πάντως
577 873 668 942 ἴδιόν
689 901 721 942 τι
743 877 900 942 τοιοῦτον
922 870 1061 960 ὑπάρχει
1082 869 1165 940 κατὰ
1188 870 1250 958 τὴν

104 979 240 1068 οὐσίαν,
268 976 343 1050 οἷον
369 978 432 1050 erin
460 979 541 1050 ἄλλο
568 976 648 1048 καθ’
683 978 766 1048 ὅλον
791 983 853 1048 τοῦ
881 978 967 1072 §pion
992 977 1030 1046 τὸ
1059 982 1163 1066 σῶμα.
1211 978 1277 1046 ebe

103 1092 188 1174 γοῦν
219 1093 278 1175 τῆς
305 1087 448 1176 γαστρὸς
479 1090 573 1175 σῶμα
601 1091 691 1155 ἴδιον
718 1081 794 1156 οἷον
821 1083 883 1156 ούκ
913 1089 993 1154 ἄλλο
1021 1089 1088 1154 τῶν
1115 1083 1251 1154 πάντων

104 1196 208 1263 ἐστίν·
236 1192 396 1274 ὡσαύτως
423 1193 460 1262 dl
487 1195 542 1262 nai
566 1196 572 1280 Ι
595 1192 633 1262 τὸ
661 1199 723 1262 τοῦ
750 1191 896 1280 σπληνὸς
923 1191 1108 1279 ἐγκεφάλου
1134 1217 1168 1260 τε
1194 1191 1317 1266 ualens

7 1385 8 1390 η
104 1304 239 1388 νεφρῶν
262 1302 316 1368 καὶ
336 1301 481 1388 γλώττης
503 1301 558 1368 καὶ
577 1297 767 1388 ὀφθαλμῶν
783 1301 839 1367 καὶ
862 1299 1011 1368 κύστεων
1033 1299 1089 1366 καὶ
1107 1301 1252 1386 μητρῶν.

104 1404 257 1494 ἀρτηρίαι
276 1407 339 1494 μὲν
357 1400 422 1476 οὖν
440 1409 495 1498 καὶ
519 1411 622 1496 νεῦρα
640 1409 695 1475 καί
715 1409 834 1494 φλέβες
853 1404 1037 1495 ἐμφύονται
1059 1419 1130 1484 τοῖς
1152 1402 1251 1493 ὀργά-

105 1539 178 1592 νοις
200 1514 296 1580 ένεκα
319 1520 430 1600 χρείας
458 1517 590 1600 κοινῆς,
619 1512 778 1593 ὡσαύτως
804 1513 842 1582 dt
869 1515 972 1592 ἐνίοις
999 1509 1110 1580 αὐτῶν
1133 1507 1252 1598 ὑμένες
1266 1535 1291 1574 ιο

7 1625 8 1632 ’
107 1645 141 1686 τε
164 1619 220 1687 καί
244 1617 442 1707 σύνδεσμοι·
464 1618 502 1688 τὸ
527 1619 564 1688 dt
588 1624 679 1688 ίὸιον
702 1619 842 1690 ἑκάστου
870 1619 1021 1709 σώματος
1049 1617 1149 1705 χωρὶς
1177 1616 1250 1686 τού-

105 1751 170 1794 των
194 1727 274 1810 έστί,
297 1725 351 1794 διὸ
375 1727 430 1794 καί
453 1725 516 1812 τὴν
538 1727 711 1813 ἐνέργειαν
732 1728 902 1814 ἐξαίρετον
925 1721 946 1813 ἢ
968 1717 1071 1793 τᾶλλα
1093 1725 1253 1812 κέκτηται.

107 1831 189 1900 κατὰ
218 1832 280 1920 μὲν
308 1831 371 1920 γὰρ
398 1832 436 1902 τὸ
464 1833 582 1902 κοινὸν
609 1829 737 1921 ἀνάγκη
770 1833 879 1921 δήπου
906 1833 961 1901 καὶ
992 1830 1055 1918 τὴν
1082 1831 1253 1919 ἐνέργειαν

107 1938 193 2008 εἶναι
217 1940 351 2027 κοινήν·
375 1937 418 2009 ού
440 1939 503 2026 γὰρ
523 1935 598 2008 οίόν
617 1967 651 2008 τε
674 1938 756 2010 κατὰ
779 1940 858 2020 τοὺς
879 1939 1003 2018 τόπους
1023 1941 1085 2006 τοῦ
1102 1936 1254 2026 σῶματος

105 2043 371 2114 ὑπαλλάττεσθαι
395 2045 518 2133 φλεβὸς
547 2043 567 2134 ἢ
596 2043 755 2136 ἀρτηρίας
786 2042 807 2134 ἢ
835 2044 959 2132 νεύρου
981 2044 1043 2132 την
1071 2043 1253 2133 ἐνέργειαν,
1268 2069 1293 2110 ιι

105 2149 187 2220 ἀλλὰ
216 2150 259 2219 ἄν
286 2178 320 2220 τε
351 2149 434 2220 κατὰ
466 2153 529 2239 τὴν
560 2152 707 2240 πτέρναν
734 2152 778 2222 ἄν
805 2179 840 2222 τε
871 2150 954 2219 κατὰ
981 2148 1043 2218 τὸν
1069 2149 1253 2238 ἐγκέφαλον

141 2383 297 2440 aleaume
317 2379 372 2472 γὰρ
390 2404 415 2440 ιι.
435 2386 495 2440 τ..λ
515 2401 603 2454 usque
622 2383 659 2439 ad
676 2379 792 2438 πάντων
811 2379 887 2438 ἐστίν
902 2382 1010 2437 Oribes.
1030 2382 1048 2436 l.
1068 2381 1139 2436 1,-
1159 2378 1253 2436 aare·

109 2475 166 2523 ρων
183 2450 365 2510 viderim
348 2475 364 2524 η
386 2457 491 2526 μορίων
509 2453 600 2511 Μ.-
567 2448 799 2524 »latimarii
818 2450 906 2523 ήδεον
924 2475 950 2508 τι
965 2453 1025 2520 (sie)
1016 2453 1129 2516 )Μ.-
1150 2446 1253 2539 helpe

106 2527 184 2581 cedd.
209 2526 271 2582 edd.
296 2521 362 2581 ὅλου
385 2545 503 2582 nos-
470 2533 544 2580 -6
567 2523 599 2581 τὸ
624 2529 698 2581 ἴδιον
720 2527 800 2581 codd.
820 2527 882 2580 edd
906 2523 937 2580 τὸ
960 2523 1175 2578 deleuirnus.n
1200 2517 1253 2578 υύιι

7 2595 9 2600 ’
106 2593 194 2660 ἄλλως
211 2598 303 2652 Μ.-
323 2604 356 2652 14
375 2595 453 2682 παρὰ
472 2592 540 2660 τούς
558 2593 662 2660 τόκους
680 2597 760 2654 codd.
775 2597 838 2656 edd.
857 2592 972 2651 ταιὰτ.
991 2615 1014 2652 τ.
1035 2612 1098 2663 nos3
1117 2593 1152 2650 ci.
1167 2594 1251 2649 Proll.

107 2688 133 2738 p.
155 2676 267 2724 104.-
289 2676 321 2723 15
340 2663 444 2738 νεύρου
464 2665 611 2738 ἐνέργειαν
629 2669 665 2724 Μ.
685 2700 720 2710 -

107 2904 171 2968 lem
141 2817 269 2988 sibi,
292 2902 354 2967 hoe
374 2907 424 2967 est
443 2903 532 2968 carni
557 2904 822 2990 substantiaeque
841 2925 928 2988 suae,
950 2925 1032 2988 quae
1052 2903 1253 2968 anennullis

107 3012 241 3076 medicis
264 3008 483 3096 perenehyma
510 3009 636 3077 dieitur.
680 3011 767 3077 Nam
794 3032 1004 3097 unaquaeque
1031 3031 1107 3094 pers
1131 3010 1253 3075 anima-

105 3117 159 3201 lis,
181 3137 263 3203 quae
288 3116 442 3202 organica
465 3121 608 3202 vocetur,
631 3141 704 3184 eum
729 3119 773 3182 sit
796 3141 834 3182 ex
858 3118 932 3182 aliis
956 3117 1106 3202 partibus
1130 3116 1253 3200 simpli·

106 3222 247 3288 eioribus
276 3224 472 3309 composita,
505 3225 672 3310 propriam
703 3225 866 3310 quandam
899 3223 1116 3289 substantiam
1144 3222 1254 3306 hebet,

62 3381 65 3386 .
106 3329 233 3413 qualem
266 3331 349 3396 nihil
383 3330 471 3396 aliud
505 3331 539 3396 in
571 3335 642 3398 toto
671 3331 822 3396 animalis
855 3353 999 3414 corpore.
1049 3329 1102 3396 Sic
1130 3329 1254 3396 ventris

106 3457 224 3518 eorpus
248 3438 416 3520 proprium
440 3437 594 3523 quiddam
618 3439 780 3504 diversum
804 3437 846 3502 ab
869 3437 943 3502 eliis
967 3437 1118 3503 omnibus
1141 3435 1253 3521 habet3

106 3541 184 3606 item
207 3543 313 3626 lienis,
335 3545 470 3628 cerebri,
493 3568 615 3631 renum,
638 3548 782 3632 linguae,
807 3545 982 3628 oculorum,
1004 3543 1139 3626 vesicae,
1162 3542 1254 3608 uteri.

107 3647 256 3713 Asteriae
280 3649 410 3733 quidem
434 3654 468 3715 et
489 3653 580 3718 nervi
599 3659 631 3718 et
654 3675 755 3719 venae
774 3651 954 3718 eommunis
978 3649 1132 3715 utilitatis
1156 3671 1255 3715 eausa

105 3754 331 3822 instrumentis
361 3756 561 3844 inseruntur,
592 3759 671 3826 item
704 3757 869 3826 nonnullis
902 3778 1014 3822 eorum
1046 3757 1254 3822 membranae

106 3865 139 3924 et
161 3862 348 3947 ligamenta.
394 3863 439 3928 At
462 3865 531 3929 sine
555 3866 606 3930 his
630 3870 739 3932 tamen
763 3865 916 3949 cuiusque
940 3864 1085 3948 eorporis
1108 3864 1253 3948 proprie·
1294 3864 1298 3870 '

106 3971 157 4032 tas
190 3972 252 4054 est3
284 3989 384 4053 quare
416 3969 516 4034 etiem
549 3971 758 4056 praeeipuam
790 3970 951 4056 quandam
984 3973 1114 4056 praeter
1146 3973 1254 4036 cetere

106 4075 305 4140 functionem
347 4073 456 4140 hebet
521 4077 684 4144 Nimirum
724 4079 759 4143 in
792 4077 955 4144 communi
994 4077 1174 4143 eommunis
1210 4073 1255 4140 sit

106 4183 231 4248 functio
254 4205 384 4248 neeesse
408 4186 471 4268 est3
495 4206 598 4270 neque
622 4186 709 4251 enim
731 4185 801 4250 fieri
824 4187 947 4270 potest,
970 4184 1059 4248 utin
1082 4183 1164 4248 loeis
1187 4205 1255 4248 eor·

106 4289 195 4372 poris
219 4295 276 4354 aut
302 4311 402 4358 venae
426 4294 483 4354 aut
510 4290 648 4354 arteriae
671 4294 729 4355 eut
750 4291 841 4355 nervi
864 4290 989 4356 lunatio
1013 4289 1169 4372 varietur,
1198 4289 1253 4354 sed

106 4395 174 4460 sive
203 4397 237 4460 in
260 4398 347 4462 ealce
375 4397 443 4462 sive
471 4397 505 4461 in
534 4396 666 4462 cerebro
694 4395 848 4462 arteriam
872 4397 1071 4481 consideres,
1099 4397 1254 4462 continue

160 4510 241 4552 Galesi
255 4511 283 4552 de
297 4511 357 4551 Piae.
373 4511 431 4552 Pisa
445 4515 468 4551 et
481 4511 590 4560 Hippoer.
606 4509 665 4550 libri.
1008 4507 1043 4556 36
