3296 5150
619 459 659 468 —
708 421 858 486 365—

169 581 332 668 πρότερου
360 576 443 668 αὐτῇ
472 583 539 646 τῶν
566 575 769 666 πραγμάτων
799 581 838 666 τῇ
866 577 966 663 φύσει
993 576 1138 666 μηθενὸς
1160 574 1317 656 ἀναιτίως

168 693 323 774 γίνεσθαι
348 687 552 774 δυναμένου·
582 691 612 752 εί
639 685 674 752 ol
705 682 742 752 τὸ
770 685 871 772 χωρίς
898 683 1001 772 λόγου
1024 691 1176 772 σημαίνει
1200 705 1254 754 σοι
1277 683 1314 752 τὸ

169 797 252 880 cirri,
275 792 312 862 τὸ
336 792 398 882 μέν
421 789 546 879 ἄλογον
570 789 657 861 οὕτω
683 791 688 882 l
712 818 749 880 γε
772 791 1033 880 μετειλημμένον
1056 789 1099 860 ἂν
1123 801 1190 878 ελη,
1217 790 1255 860 τὸ
1280 791 1382 864 olom

170 903 203 982 έξ
227 897 329 988 ἀρχῆς
353 899 554 988 ζητούμενον
577 905 624 968 ε’τι
643 901 744 988 μένει.
780 899 842 986 τὴν
869 898 1061 990 παράλογον
1079 899 1204 986 ταύτην
1226 905 1316 988 κίνη-

169 1028 225 1075 σιν
249 1004 313 1076 ὑπὸ
338 1005 442 1094 λόγου
464 1007 526 1095 μέν
548 1006 593 1095 μὴ
618 1007 811 1095 γινομένην,
835 1003 899 1076 ὑπὸ
923 1011 1031 1088 αἰτίας
1054 1009 1093 1076 δέ
1113 1033 1204 1086 τινος
1227 1029 1344 1094 ymo-⁵

169 1116 275 1204 μένην
298 1113 472 1204 έρωτῶμέν
495 1133 531 1182 σε
554 1121 605 1194 τίς
628 1113 894 1202 ἐδημιούργησεν
917 1117 1023 1194 αἰτία;
1054 1112 1144 1201 ἡμεῖς
1165 1115 1229 1201 μὲν
1253 1112 1317 1201 γάρ

171 1249 280 1310 φαμεν
305 1223 409 1290 ἐνίοτε
433 1221 495 1310 μέν
517 1220 581 1310 τὴν
604 1225 770 1310 θυμοειδῆ
795 1219 952 1308 δύναμιν,
976 1222 1081 1290 ἐνίοτε
1105 1221 1141 1290 δέ
1165 1219 1227 1308 τὴν
1250 1222 1317 1288 έπι-

171 1328 373 1417 θυμητιιιήν·
403 1327 447 1396 σὺ
475 1327 510 1396 δέ
540 1327 615 1398 οὔτε
644 1331 746 1396 ταῦτα
775 1325 949 1414 ὁμολογεῖς
981 1326 1057 1396 οὔτε
1085 1327 1146 1416 τὴν
1179 1327 1318 1415 λογικὴν

171 1440 276 1504 εἰπεῖν
298 1439 435 1525 τολμᾷς,
459 1432 542 1503 ἀλλὰ
566 1439 637 1523 elur}
667 1441 821 1522 γίνεσθαι
849 1433 958 1523 φήσας
986 1431 1196 1523 ἀπηλλάχθαι
1225 1439 1317 1522 νομί-

173 1548 235 1624 ζεις
258 1546 318 1610 τοῦ
342 1543 522 1630 ζητήματος
546 1540 607 1611 ούκ
630 1541 741 1626 είθιός,
766 1540 814 1610 ὅτι
839 1545 921 1620 πᾶν,
945 1540 964 1610 ὅ
988 1567 1080 1630 τιπερ
1103 1538 1239 1630 ἀνείπη
1263 1541 1317 1610 καὶ
1334 1563 1358 1601 u

172 1646 236 1718 ἀπὸ
266 1645 475 1736 ταύτομάτου
503 1657 655 1736 γίνεσθαι
685 1650 832 1736 λέγηται,
860 1647 942 1717 κατὰ
965 1648 1027 1737 τὴν
1054 1646 1099 1728 ὡς
1125 1648 1208 1738 πρὸς
1237 1645 1319 1737 ἡμᾶς

173 1760 301 1844 γνῶσιν
324 1754 411 1826 οὕτω
430 1754 723 1844 προσαγορεύεται,
746 1769 816 1836 ταῖς
835 1756 871 1824 δὲ
891 1754 1064 1844 ἀληθείαις
1083 1753 1184 1826 οὐδέν
1207 1753 1319 1824 αὐτῶν

174 1861 261 1932 οὕτω
295 1870 436 1950 γίνεται,
468 1862 619 1952 καθάπερ
647 1864 701 1932 καί
735 1860 752 1930 ὁ
782 1863 955 1944 θειότατος
980 1862 1197 1952 Ἱπποκράτης
1228 1860 1319 1932 εἶπεν

175 1966 267 2056 ’ἡμῖν
290 1969 352 2057 μέν
375 1967 568 2058 αὐτόματοι,
591 1975 679 2061 αίτίη
704 1970 740 2038 δέ
765 1967 826 2038 οὐκ
850 1967 1051 2060 αύτόματοι.’
1093 1969 1179 2040 οὕτω
1204 1969 1240 2038 δέ
1264 1971 1318 2037 καί

173 2075 209 2146 τὸ
234 2077 482 2160 πλεονάζουσαν
505 2075 614 2167 ὁρμὴν
642 2076 726 2147 εἶναι
753 2077 789 2146 τὸ
814 2077 923 2158 πάθος
946 2077 1166 2166 ἐξηγούμενος
1189 2073 1206 2144 ὁ
1232 2077 1319 2165 Χρύ-
1335 2099 1359 2138 1⁵

174 2203 294 2264 σιππος
326 2189 364 2252 ἕν
394 2211 429 2253 τε
461 2189 505 2278 τῷ
538 2185 612 2273 περὶ
645 2189 767 2254 παθιύν
801 2182 907 2278 η’θιιιῷ
940 2183 1003 2254 κάν
1035 2190 1078 2278 τῷ
1106 2185 1224 2275 πρώτῳ
1253 2187 1321 2252 τῶν

210 2415 225 2462 ⁵
253 2405 305 2478 ple
330 2404 380 2477 τὴν
408 2404 445 2479 μὴ
470 2409 506 2462 Μ.
537 2439 567 2448 -·
598 2409 684 2464 verba
710 2402 767 2463 ἀπὸ
793 2407 887 2472 αίτιάς
911 2441 941 2448 —-
971 2407 1123 2479 γινομένην
1147 2425 1200 2462 om.
1224 2407 1261 2461 M.
1287 2439 1318 2447 -

174 2487 190 2534 6
209 2477 303 2542 ιιίτιάς
316 2481 353 2534 Μ.
374 2511 402 2520 -
429 2488 460 2534 10
479 2473 495 2534 ὅ
516 2482 545 2536 τί
562 2499 613 2547 περ
628 2479 660 2535 Κ.
680 2511 713 2520 -
735 2487 767 2534 13
782 2479 915 2550 Hippoor.
935 2480 969 2536 dc
988 2479 1063 2534 alirn.
1080 2487 1112 2534 14
1132 2479 1190 2548 (lx,
1208 2485 1257 2534 102
1272 2478 1318 2546 Ll3

174 2551 208 2606 el.
229 2551 325 2606 Galen.
345 2555 491 2606 comment.
513 2551 571 2612 xv,
591 2569 617 2621 p.
637 2557 690 2606 ³00
708 2551 741 2606 K.
762 2581 794 2591 —
822 2558 854 2604 14
873 2546 1035 2621 αὐτόματον
1054 2551 1132 2606 codd.
1153 2550 1214 2606 cdd.
1234 2544 1319 2604 αύτὸ-

175 2639 334 2692 paternos.
355 2654 383 2662 -
407 2621 485 2697 αίτιή
504 2623 582 2678 codd.
603 2623 664 2678 cdd.
684 2621 760 2694 αἰτίη
780 2639 837 2678 uos.
856 2654 891 2663 -

178 2751 276 2760 —q-
296 2752 389 2758 —-.-

174 2831 220 2896 ris
244 2834 340 2916 atque
364 2832 397 2897 iu
420 2832 535 2916 primis
558 2854 664 2898 rerum
682 2835 829 2916 naturae,
851 2853 913 2917 qua
937 2831 1019 2896 nihil
1044 2832 1112 2897 sinc
1131 2853 1228 2898 causa
1251 2832 1321 2897 fieri

176 2941 300 3024 potest3
324 2937 375 3002 sin
399 2938 441 3024 id,
464 2939 548 3026 quod
573 2939 641 3004 sinc
665 2939 792 3005 ratione
816 2943 880 3024 est,
902 2937 1078 3002 immutata
1105 2938 1235 3024 quidem
1259 2939 1322 3004 erit

176 3045 224 3110 ris
243 3044 385 3110 nominis
404 3045 614 3124 irrationalis,
636 3047 775 3112 restabit
792 3050 902 3111 tamen
921 3045 963 3130 id,
981 3045 1020 3110 de
1039 3067 1102 3132 quo
1123 3068 1141 3110 a
1160 3045 1321 3131 principio

176 3153 420 3238 quaerebamus,
447 3151 540 3220 Hauc
555 3157 685 3240 praeter
699 3154 857 3222 rationem
873 3151 1060 3238 motionem,
1074 3173 1147 3219 cum
1162 3175 1181 3218 a
1195 3153 1322 3218 ratione

175 3283 240 3326 uon
264 3260 437 3346 efficiatur,
470 3261 525 3328 sed
553 3266 663 3328 tamen
687 3285 707 3326 a
730 3283 827 3328 causa
856 3260 979 3346 aliqua,
1007 3281 1044 3324 ex
1073 3265 1105 3324 te
1128 3261 1323 3345 quaerimus,

176 3389 335 3450 quaenam
360 3391 457 3434 causa
477 3369 641 3436 effecerit?
677 3369 747 3436 Nos
766 3369 896 3455 quidem
915 3368 1012 3434 modo
1031 3367 1097 3434 vim
1115 3366 1323 3452 irascibilem,

178 3473 274 3539 ruodo
303 3475 589 3560 concupiscibilem
617 3499 687 3542 esse
715 3477 864 3562 dicimus3
893 3479 928 3540 tu
956 3496 1059 3559 neque
1086 3474 1146 3540 hus
1175 3474 1322 3540 concedis

177 3601 279 3664 neque
303 3581 497 3648 rationalem
517 3585 614 3650 audes
634 3584 806 3670 affirmare,
825 3583 880 3648 sed
899 3586 1020 3650 temere
1040 3581 1109 3646 fieri
1128 3580 1207 3646 dicis
1227 3584 1322 3664 atque

178 3685 224 3750 ita
251 3690 283 3750 te
312 3687 455 3755 solutum
480 3713 549 3756 esse
574 3713 593 3756 a
621 3691 809 3776 quaestione
837 3689 1008 3757 arbitraris
1037 3688 1206 3774 ignoraus,
1232 3688 1322 3773 quid·

177 3793 254 3878 quid
283 3797 402 3858 temere
426 3799 459 3860 et
485 3820 544 3862 sua
567 3801 683 3882 sponte
711 3798 781 3862 fieri
808 3797 940 3880 dicitur,
971 3796 1005 3861 id
1033 3817 1071 3860 ex
1094 3798 1206 3861 nostra
1234 3795 1322 3859 dum-

178 3905 270 3966 taxat
292 3901 493 3987 cognitione,
519 3925 584 3969 nou
608 3927 646 3970 ex
670 3906 806 3972 veritate
831 3943 871 3952 ·-
895 3925 972 3969 narn
996 3902 1030 3968 in
1053 3923 1161 3968 rerum
1186 3901 1324 3986 veritate

178 4009 259 4074 uihil
283 4011 404 4073 temera
428 4010 465 4074 lit
487 4047 531 4056 -
554 4010 601 4076 ita
621 4011 789 4098 appellari,
812 4017 848 4078 ut
865 4010 1094 4096 Hippocrates,
1117 4009 1245 4074 divinus
1268 4009 1324 4073 ille

178 4117 236 4201 vir,
255 4116 437 4182 ‘succorum
451 4116 514 4182 vis’
532 4117 638 4204 inquit
657 4118 764 4186 ‘nobis
778 4119 908 4204 quidem
922 4118 1060 4186 fortuita
1075 4117 1211 4202 videtur,
1226 4138 1325 4182 causa

179 4225 287 4288 autem
315 4245 381 4290 nou
409 4225 546 4290 fortuita
574 4227 644 4292 est'
695 4225 819 4292 Eodem
848 4226 945 4293 modo
973 4223 1178 4309 Chrysippus
1210 4223 1349 4290 rodun-¹

177 4331 309 4396 «lentem
336 4331 495 4416 quendam
526 4333 709 4418 appetitum
737 4355 806 4398 esse
835 4331 1113 4418 perturbationem
1148 4329 1324 4415 explanans

177 4439 211 4504 iu
235 4437 351 4504 morali
374 4437 413 4504 de
437 4439 736 4524 perturbationibus
763 4440 849 4506 libro
874 4439 962 4504 etin
985 4438 1091 4524 primo
1114 4435 1324 4503 rationalium
