3296 5150
666 461 897 530 -377-

202 619 240 686 ἐν
265 631 338 698 ταῖς
364 633 485 706 ψυχαῖς
511 623 579 688 τῶν
606 617 799 707 ἀνθρώπων
814 624 936 690 ἀἰτίαν
961 624 1030 689 τῶν
1056 624 1193 706 παθῶν,
1221 623 1349 690 ἔνεστιν

201 722 282 814 ἡμῖν
316 727 451 794 ἐκτῶν
486 726 650 796 τοιούτων
685 737 909 815 καταμαθεῖν,
947 729 985 797 ἐν
1016 723 1067 808 οἷς
1103 731 1244 796 αἰτιᾶται
1281 732 1348 796 τῶν

201 835 438 922 πραττομένων
461 831 522 903 οὐκ
541 832 654 922 ὀρθῶς
671 832 810 904 ἀτονίαν
828 861 862 904 τε
881 836 936 903 καὶ
955 833 1136 904 ἀσθένειαν
1154 839 1212 922 τῆς
1229 839 1348 923 ψυχῆς·

203 939 290 1009 οὕτω
314 940 378 1030 γὰρ
401 939 504 1022 αύτάς
527 939 696 1030 ὀνομάζει,
728 941 879 1030 καθάπερ
902 969 939 1029 γε
963 943 1017 1010 καὶ
1040 940 1200 1010 τάναντία
1227 941 1264 1010 τὸ
1287 942 1350 1030 μὲν

202 1046 377 1134 εύτονίαν,
409 1049 446 1119 τὸ
481 1049 517 1118 dl
554 1049 661 1138 ἰσχύν.
716 1048 778 1118 ὅσα
811 1049 875 1139 γάρ
908 1047 970 1118 οὐκ
1002 1048 1115 1137 ὀρθῶς
1145 1049 1375 1137 τράττουσινο

202 1153 395 1243 ἀνθρωττοι,
417 1153 458 1225 τά
480 1157 542 1246 μὲν
565 1162 612 1238 τίς
633 1155 812 1246 μοχθηράν
834 1163 945 1244 κρίσιν
969 1153 1145 1244 ἀναφέρει,
1175 1156 1215 1225 τά
1243 1157 1280 1226 dl
1303 1162 1350 1237 είς

202 1260 342 1332 ἀτονίαν
364 1265 419 1332 καὶ
442 1261 623 1333 ἀσθένειαν
646 1269 704 1352 τῆς
727 1268 849 1352 ψυχῆς,
876 1262 986 1352 ῶσιιερ
1014 1291 1050 1352 γε
1073 1265 1128 1332 καὶ
1156 1257 1205 1333 ῶν
1233 1291 1348 1352 κατορ-

203 1375 329 1440 θοῦσιν
356 1370 376 1458 ἡ
405 1368 493 1459 ὀρθὴ
522 1378 629 1459 κρίσις
657 1371 817 1459 ἐξηγεῖται
844 1370 925 1460 μετὰ
955 1377 1013 1460 τῆς
1039 1371 1122 1440 κατὰ
1149 1371 1210 1459 τὴν
1239 1370 1350 1461 ψυχὴν

205 1475 364 1558 εὐτονίας.
419 1477 501 1547 ἀλλὰ
534 1478 698 1548 τοιούτων
730 1477 839 1566 ῶσπερ
872 1477 891 1566 ἡ
924 1487 1031 1568 κρίσις
1059 1485 1160 1567 ἔργον
1192 1481 1259 1548 ἐστὶ
1291 1485 1350 1568 τῆς

205 1590 339 1672 λογικῆς
357 1585 541 1675 δυνάμεως,
565 1585 671 1666 οὕτως
689 1584 709 1674 ἡ
729 1583 862 1656 εὐτονία
882 1586 975 1674 ῥῶμρ
998 1613 1032 1655 τε
1055 1588 1109 1656 καί
1129 1584 1227 1676 ἀρετὴ
1247 1586 1349 1656 όννά-
1364 1605 1390 1643 1⁰

203 1717 289 1780 μεως
303 1691 414 1778 ἑτέρας
428 1693 516 1780 ταρὰ
531 1693 593 1782 τὴν
612 1694 761 1782 λογικήν,
779 1690 825 1782 ἣν
839 1690 939 1773 αὐτὸς
953 1691 971 1762 ό
988 1693 1181 1781 Χρύσιππος
1195 1692 1348 1783 ὀνομάζει

204 1797 317 1884 τόνον,
341 1796 552 1886 ἀφίστασθαί
571 1803 609 1869 τί
629 1821 733 1889 φησιν
755 1803 758 1890 l
780 1807 870 1869 ἔστιν
894 1800 947 1870 ὅτε
970 1805 1038 1870 τῶν
1056 1799 1168 1888 ὀρθῶς
1187 1803 1417 1891 {yssopi-404

205 1931 275 1974 νων
303 1903 384 1994 ἡμῖν
412 1907 570 1990 ἐνδόντος
600 1913 660 1978 τοῦ
688 1909 790 1977 τόνου
816 1913 874 1997 τῆς
906 1911 1012 1996 ψυχῆς
1037 1908 1165 1996 καὶμὴ
1193 1917 1350 1998 παραμεί-

205 2039 327 2094 ναντος
358 2015 420 2096 ἕως
448 2015 572 2097 παντὸς
607 2017 691 2104 μηδὲ
723 2015 1024 2106 ἐξαπηρετήσαντος
1055 2031 1125 2096 τοῖς
1154 2021 1216 2085 τοῦ
1247 2015 1350 2105 λόγον

205 2121 471 2210 προστάγμασιν,
495 2124 643 2210 ἐναργῶς
661 2123 698 2189 ε’ν
723 2139 792 2204 τοῖς
809 2123 975 2203 τοιούτοις
993 2123 1256 2212 ἐνδεικνύμενος,
1273 2119 1351 2194 οἷόν
1366 2141 1390 2180 1⁵

205 2257 236 2298 τι
259 2227 296 2297 τὸ
320 2229 430 2309 πάθος
449 2231 549 2298 ἐστίν.
584 2229 648 2318 ἤδη
673 2229 710 2297 di
728 2231 782 2298 καὶ
806 2233 905 2318 ῥῆσιν
923 2227 1027 2298 αὐτοῦ
1048 2258 1124 2299 τινα
1143 2231 1350 2320 παραγράψω

206 2338 280 2424 περὶ
316 2335 446 2405 τούτων
478 2336 758 2422 ίκδιόάσκουσαν,
790 2341 858 2404 ἔστι
892 2337 928 2404 di
961 2338 996 2405 ἐκ
1032 2342 1092 2406 τοῦ
1126 2340 1200 2428 περὶ
1230 2344 1351 2408 παθῶν

208 2469 420 2478 -ψ--ο--ι

243 2512 358 2586 alosa
378 2517 415 2573 M.
440 2548 472 2557 -
497 2511 604 2572 θκατά
624 2513 719 2587 ψυχὴν
738 2517 775 2572 Μ.
801 2547 832 2556 -
859 2523 892 2572 14
911 2510 977 2587 μήτ’
1002 2516 1080 2572 codd.
1105 2517 1167 2574 edd.
1192 2515 1262 2588 μηδὲ
1287 2535 1350 2586 οοες

207 2587 242 2644 of.
260 2587 345 2644 Proll.
364 2607 390 2660 p.
414 2595 473 2646 102.
493 2621 525 2628 —

208 2770 325 2836 animis
362 2770 530 2836 hominum
566 2771 672 2836 inesse
707 2769 911 2856 facultatem,
948 2793 1030 2857 quae
1069 2771 1351 2856 perturbationum

208 2899 306 2942 eausa
329 2878 385 2962 sit,
413 2899 451 2942 ex
478 2877 530 2942 his
554 2879 735 2963 perspicere
759 2879 854 2944 nobis
877 2878 967 2961 licet,
997 2878 1053 2942 ubi
1077 2901 1207 2944 causam
1232 2901 1352 2963 corum,

208 3007 290 3070 quae
313 3007 377 3052 non
402 2989 488 3051 reete
512 2987 607 3070 fiunt,
634 2986 750 3050 statuit
772 2985 872 3050 animi
899 2985 1124 3050 remissionem
1147 2986 1351 3051 imbecillita-

208 3095 350 3179 temque,
382 3093 428 3158 sie
462 3093 548 3158 enim
581 3094 741 3178 appellat,
772 3093 1041 3177 quemadmodum
1074 3093 1238 3158 contraria
1269 3115 1352 3178 quac

209 3205 285 3266 sunt
317 3201 439 3285 partim
466 3201 694 3286 intentionem,
722 3200 843 3285 partim
871 3200 980 3265 robur.
1029 3200 1242 3286 Quaecunque
1266 3201 1351 3266 enirn

207 3330 274 3374 non
301 3311 387 3372 recte
419 3312 522 3393 agunt
552 3308 714 3392 homines,
742 3329 781 3371 ea
808 3307 928 3391 partim
957 3307 996 3372 ad
1024 3329 1160 3392 pravum
1186 3307 1352 3392 iudicium,

209 3415 326 3498 partim
350 3415 391 3478 ad
412 3415 636 3482 remissionem
659 3415 982 3500 imbecillitatemque
1006 3415 1105 3480 animi
1133 3415 1245 3499 refert,
1268 3416 1354 3480 sicut

209 3519 260 3604 iis,
279 3543 360 3604 quae
379 3525 467 3586 recte
485 3527 710 3607 exsequuntur,
733 3525 857 3586 rectum
876 3521 1030 3586 iudicium
1049 3526 1179 3606 praeest
1197 3545 1262 3587 una
1281 3545 1353 3587 enm

211 3625 311 3690 animi
335 3627 523 3694 intentione.
565 3629 747 3694 Attalium
770 3652 876 3698 rerum
900 3629 984 3695 sicut
1006 3629 1161 3695 iudicium
1184 3629 1354 3694 rationalis

210 3732 378 3798 facultatis
409 3758 494 3824 opus
521 3741 584 3818 est,
616 3737 663 3800 ita
695 3736 846 3820 intentio,
878 3736 978 3802 robur
1009 3735 1176 3820 virtusque
1208 3735 1355 3800 diversae

211 3839 380 3904 cuiusdam
403 3865 423 3905 a
445 3843 599 3908 rationali
626 3843 807 3926 facultatis,
834 3865 931 3928 quam
959 3843 1030 3927 ipse
1058 3843 1202 3928 appellat
1225 3845 1354 3908 conten·

211 3948 348 4030 tionem,
376 3949 395 4012 i.
420 3971 445 4012 e.
474 3945 593 4032 τόνον,
622 3951 731 4034 aitque
758 3951 936 4015 desciscere
962 3973 1023 4016 nos
1050 3949 1212 4015 interdum
1235 3949 1276 4014 ab
1303 3949 1355 4028 iis,

212 4077 293 4140 quae
312 4059 398 4120 recte
417 4055 662 4141 decreverimus,
685 4057 741 4121 ubi
760 4057 924 4124 eontentio
949 4057 1050 4122 animi
1073 4055 1235 4121 remiserit
1251 4077 1355 4140 neque

212 4185 313 4247 usque
341 4163 381 4228 ad
409 4163 506 4228 finem
535 4167 718 4248 perseveret
740 4163 940 4249 rationisque
969 4163 1114 4249 imperiis
1142 4184 1208 4228 non
1231 4162 1354 4228 obtem·

211 4273 312 4354 peret,
335 4293 494 4356 quaenam
519 4271 563 4336 sit
585 4271 798 4356 perturbatio,
821 4271 995 4336 manifesto
1015 4269 1192 4334 declarans.
1227 4268 1303 4334 Jam
1323 4271 1355 4334 et

210 4378 317 4444 locum
345 4379 505 4464 quendam
529 4379 597 4444 eius
620 4378 680 4444 hae
709 4377 747 4442 de
775 4400 809 4442 re
833 4377 1015 4442 adscribam
1039 4397 1055 4440 e
1079 4375 1195 4441 morali
1222 4375 1261 4440 de
1284 4397 1355 4460 per·

212 4485 453 4551 turbationibus
472 4485 558 4550 libro
577 4487 732 4549 sumtum:
761 4483 986 4548 ‘Praeterea
1010 4483 1125 4548 etiam
1149 4483 1354 4548 secundum
