3246 5148
133 569 288 636 adhibito
322 571 433 636 codice
460 592 520 656 pro
555 570 662 655 operis
691 569 817 635 ambitu
843 593 949 655 pauca
976 574 1148 637 mutarent.
1199 571 1288 648 Quae

133 681 247 742 autem
267 680 487 762 mutavenmt,
506 700 544 742 ea
563 678 684 762 partim
703 677 877 762 deteriora,
895 679 1017 762 partim
1036 677 1173 743 meliora
1191 702 1286 763 quam

131 807 220 870 quae
244 785 278 850 in
302 784 422 849 Aldina
443 785 596 870 leguntur
620 784 754 868 scripta,
776 785 993 850 inveniuntur.
1038 783 1087 850 Ac
1110 786 1148 850 de
1171 785 1287 852 vitiose

61 947 72 974 ,
132 893 306 974 correctis,
329 913 411 974 quae
429 891 579 975 deinceps
599 891 633 954 in
652 891 720 954 edd.
740 887 989 956 Chartcriansm
1008 894 1041 955 et
1059 891 1287 958 Kuehnianam

132 1001 364 1079 manaverunt,
386 997 542 1080 quoniam
564 997 802 1080 Programmat.
824 1000 926 1062 nostr.
948 997 981 1061 Π
1004 997 1086 1062 satis
1109 997 1287 1082 disputavi-

132 1127 224 1188 mus,
255 1126 339 1170 nunc
372 1125 411 1167 ea
442 1102 536 1168 nobis
568 1103 731 1168 laudanda
761 1107 848 1188 sunt,
880 1126 962 1188 quae
994 1127 1014 1168 s
1042 1102 1286 1178 Basileensibus

131 1215 223 1276 reete
257 1211 428 1275 emendata
459 1209 618 1274 ridentur.
671 1209 720 1274 Ac
749 1211 892 1294 primum
924 1233 963 1274 cx
994 1210 1049 1294 iis,
1082 1232 1164 1294 quac
1194 1211 1228 1276 in
1255 1211 1285 1276 A

132 1321 252 1384 contra
273 1320 360 1382 recte
379 1315 539 1381 scribendi
558 1316 719 1381 rationem
737 1321 872 1401 peccata
894 1320 983 1400 sunt,
1004 1317 1162 1382 nonnulla
1180 1321 1285 1383 sustu-

131 1426 256 1508 lerunt,
283 1423 373 1488 velut
400 1427 550 1488 accentus
573 1423 625 1487 vel
649 1423 784 1506 spiritus
803 1423 928 1488 'vitiose
951 1423 1077 1507 positos
1103 1427 1136 1486 et
1158 1423 1285 1488 litteras

130 1533 187 1596 vel
198 1532 344 1616 syllabas
358 1550 531 1614 perperam
542 1533 599 1594 aut
613 1533 830 1594 commutatas
841 1533 898 1594 aut
911 1529 1094 1614 geminatas
1106 1529 1283 1594 omissasre

131 1643 193 1702 aut
215 1659 314 1724 prave
338 1634 468 1702 divisas.
515 1631 568 1698 Sic
591 1656 621 1719 p.
644 1637 708 1700 471
734 1637 794 1700 sub
818 1637 871 1700 fin
894 1656 953 1719 pro
977 1629 1125 1719 ὁρεκτολς
1147 1637 1284 1721 scripse·
1340 1666 1344 1674 ,

131 1747 212 1810 runt
239 1738 402 1829 ὀρεκτοῖς,
430 1762 489 1826 ego
519 1743 627 1806 autem
654 1741 758 1806 fretus
786 1764 817 1826 p.
840 1743 906 1806 472
935 1745 1009 1806 ante
1037 1743 1133 1828 med.,
1160 1742 1216 1808 ubi
1244 1745 1283 1808 de

130 1851 248 1916 eadem
276 1873 310 1914 re
337 1849 456 1914 dicitur
482 1848 540 1930 τῆς
563 1846 600 1911 ἐν
626 1859 696 1924 τοῖς
723 1849 866 1932 αλρετοῖς
892 1847 1006 1914 τεκαὶ
1033 1860 1189 1932 φεοκτοῖς
1212 1851 1284 1914 σια-

130 1958 282 2042 στροφῆς
308 1956 421 2021 malim
450 1954 592 2037 αλρετοῖς
619 1951 687 2040 (καὶ
715 1952 899 2040 φευκτολς),
928 1955 1121 2038 praesertim
1152 1978 1224 2020 cum
1247 1954 1282 2020 M

130 2069 166 2128 et
198 2065 297 2128 codex
326 2060 564 2128 Laurentianus
598 2054 732 2143 ὁρατοῖς
764 2062 956 2146 praebeant,
989 2083 1183 2146 quamquam
1216 2084 1282 2128 non

128 2193 218 2256 nego
241 2165 361 2256 ὁρατός
389 2171 422 2232 et
449 2161 583 2251 ὀρεκτός
604 2189 835 2251 nonnunquam
863 2190 883 2231 a
904 2167 1049 2232 librariis
1078 2170 1282 2252 commutari,

128 2279 223 2343 velut
244 2301 276 2362 p.
295 2277 359 2342 639
379 2275 439 2340 sub
463 2275 529 2357 fin,
552 2274 609 2338 ubi
628 2273 658 2337 A
676 2273 812 2357 praebet
831 2270 1012 2337 αἰσθέσθαι
1034 2273 1096 2338 τοῦ
1118 2273 1282 2358 μεγέθους

128 2385 201 2450 τῶν
223 2379 394 2467 ὁρεκτῶν
416 2377 499 2446 ἄνευ
521 2380 583 2444 τοῦ
606 2385 813 2462 θεωρεῖσθαι
835 2375 873 2444 τὸ
897 2375 1104 2463 βλεπόμενον
1131 2402 1191 2463 pro
1214 2382 1282 2445 cciv

129 2487 301 2576 ὁρατῶν,
323 2491 408 2576 quod
430 2488 458 2552 B
483 2487 517 2552 in
540 2485 688 2570 margine
712 2485 828 2550 saltem
852 2485 1004 2550 restituit.
1054 2485 1089 2550 P.
1112 2485 1178 2550 540
1206 2491 1281 2552 ante

130 2599 214 2664 med.
237 2619 297 2682 pro
325 2591 481 2679 πρόσεστι
514 2591 551 2658 se
579 2590 620 2656 ἐν
648 2585 762 2667 αὐτοῖς
793 2589 961 2678 ἐξαίρετον
994 2596 1080 2658 recte
1112 2593 1288 2659 ediderunt·

128 2727 163 2770 π.
188 2705 218 2769 δ.
240 2703 282 2769 ἓν
305 2697 335 2768 o'c.
355 2701 393 2783 A,
417 2724 447 2785 p.
467 2700 531 2766 574
550 2699 632 2765 med.
656 2721 715 2783 pro
734 2693 755 2782 ἡ
773 2702 903 2782 κίνησις
926 2698 961 2764 ἐκ
984 2696 1171 2784 γενοετὴς
1193 2703 1280 2765 recte

129 2805 151 2894 ἡ
175 2813 305 2894 κίνησις
328 2807 363 2873 ἐκ
386 2808 528 2892 γενετῆς.
579 2803 773 2870 sedamen
800 2807 835 2871 in
862 2805 924 2871 hoe
949 2828 1066 2892 genere
1088 2808 1280 2872 mendorum

129 2917 235 2982 multo
264 2917 358 3000 plura
388 2915 589 2999 reliquerunt
615 2912 823 2977 emendanda.
875 2910 976 2978 Paulo
1007 2914 1081 2996 plus
1114 2915 1213 2978 studii
1245 2915 1278 2977 in

129 3023 332 3108 corrigendis
351 3023 392 3087 iis
413 3021 551 3103 mendis,
574 3041 656 3103 quae
674 3018 709 3082 in
727 3018 846 3083 litteris
866 3041 886 3082 a
903 3019 1048 3085 librariis
1072 3021 1122 3084 vel
1145 3023 1280 3105 propter

128 3131 285 3194 ductuum
309 3127 553 3193 similitudinem
566 3125 628 3212 ¹vel
651 3127 785 3209 propter
803 3124 957 3190 vitiosam
980 3126 1278 3210 pronuntiationem

129 3237 181 3300 vel
206 3235 249 3301 ob
271 3235 370 3300 aliam
393 3255 526 3298 causam
549 3229 758 3296 commutatis
781 3231 891 3314 posita
908 3232 943 3296 in
966 3231 996 3296 A
1020 3232 1191 3296 emendata
1212 3254 1278 3297 non

127 3343 274 3426 fuerunt,
297 3341 474 3407 collocasse
496 3339 653 3403 videntur.
689 3335 724 3400 P.
744 3336 809 3402 380
826 3341 904 3420 post
925 3338 968 3402 in.
992 3339 1023 3402 εἰ
1043 3335 1279 3422 μικροτέρας

128 3445 350 3530 ἐπιλαβοίμην
376 3446 497 3530 σχολῆς
524 3447 558 3510 in
581 3443 656 3508 MA
683 3443 850 3526 scribitur,
877 3441 905 3506 B
929 3447 1016 3508 recte
1045 3443 1277 3528 μακροτέρας,

128 3553 215 3640 quod
240 3553 347 3618 codice
367 3550 630 3636 Cantabrigiensi
654 3551 877 3635 confirmatum
900 3572 931 3634 p.
950 3548 1016 3614 535
1034 3554 1110 3634 post
1133 3551 1175 3615 in.
1199 3546 1278 3634 ὅλης

128 3663 338 3724 mutaverunt
369 3661 402 3722 in
435 3653 531 3740 ὕληςς
568 3679 598 3740 p.
630 3657 693 3720 471
729 3660 803 3720 ante
836 3655 917 3719 med.
950 3649 1205 3741 ὁμολογημένως
1241 3660 1275 3724 in

128 3875 162 3937 in
190 3871 410 3936 Laurentiano
441 3869 517 3957 est);
548 3893 577 3954 p.
605 3871 668 3934 527
699 3870 778 3934 MA
810 3864 939 3933 ἅπαντα
969 3869 1038 3933 τῶν
1069 3872 1204 3954 φλεβῶν
1234 3868 1274 3935 τὰ

126 3978 251 4063 πέρατα
279 3976 388 4061 λέγειν
416 3969 534 4052 αὐτὰς
561 3971 772 4042 ἀτοπώτατον
799 3976 1010 4060 scripserunt,
1036 3975 1073 4040 B.
1103 3978 1185 4042 bene
1213 3999 1273 4060 pro

127 4080 231 4162 αὐτὰς
249 4079 369 4168 ἀρχάς
386 4084 607 4168 restituenmt3
631 4083 768 4166 formas,
794 4081 905 4167 quales
928 4083 963 4147 in
981 4082 1011 4146 A
1030 4105 1127 4166 saepe
1149 4083 1273 4146 inveni-

128 4197 238 4274 untur,
270 4196 474 4255 κεκινεῑσθαι
506 4189 550 4276 (p.
584 4189 649 4254 399
680 4193 757 4276 post
787 4186 857 4275 in),
889 4195 1098 4254 αοαοιεῑσθαι
1130 4190 1174 4271 (p.
1208 4187 1272 4253 796

128 4303 203 4383 post
221 4294 331 4383 παρὰ),
355 4294 436 4360 alias
458 4319 690 4382 nonnunquam
713 4299 927 4364 correxerunt.
972 4295 1023 4359 Ex
1050 4295 1108 4358 illa
1131 4314 1272 4358 commu·

128 4405 252 4470 tatione
269 4404 453 4468 litterarum
473 4428 493 4487 η
512 4406 545 4468 et
563 4427 591 4468 ει
613 4402 877 4489 frequentissima
899 4401 933 4466 in
952 4401 1022 4464 MA
1039 4403 1153 4467 natum
1172 4401 1272 4466 etiam
