3376 5144
837 419 879 428 -
927 383 991 446 802
1037 418 1077 428 ›-

393 535 434 606 ού
457 566 517 625 χρη
542 538 648 625 μόνον
668 523 854 622 ἀρκεῖσθαι
867 542 910 630 τῷ
936 541 1038 618 δεῖξαι
1058 537 1095 605 τὸ
1116 542 1188 605 διῑν
1207 534 1291 624 ἡμᾶς
1309 537 1537 626 γυμνάζεσθαι

390 646 462 729 περὶ
487 647 526 713 τά
545 649 626 712 κατὰ
650 645 763 731 μέρος,
792 642 875 712 ἀλλὰ
903 646 957 712 καὶ
981 643 1138 730 πράττειν
1162 643 1276 724 οὕτως.
1324 643 1403 714 οὐδὲ
1427 646 1491 734 γάρ
1518 645 1536 715 ὁ

391 752 534 818 Πλάτων
567 750 666 830 αὐτὸς
699 749 777 818 οὐδὲ
810 750 1027 837 Ἱπποκράτης
1065 749 1277 838 ἠρκέσθησαν
1310 756 1355 843 τῷ
1382 754 1536 822 καθόλου

389 863 488 926 τούτο
519 858 851 944 συμβουλεύσασθαι,
885 855 968 925 ἀλλὰ
996 857 1050 924 καὶ
1080 858 1135 924 διὰ
1162 862 1230 924 τῶν
1261 859 1539 946 παραδειγμάτων

364 954 583 1052 δέγύμυασαν
609 964 691 1054 ἡμᾶς
715 969 751 1033 ἐν
774 975 909 1045 πολλοῖς
930 969 999 1032 τῶν
1021 963 1103 1032 κατὰ
1127 967 1234 1051 μέρος.
1274 974 1537 1053 προκεχειρίσθω

393 1073 432 1138 δέ
452 1099 501 1151 τις
520 1071 581 1159 ὕλη
601 1081 746 1158 θεωρίας
766 1070 784 1160 ἡ
803 1077 861 1158 τῆς
879 1073 952 1158 περὶ
973 1070 1057 1158 ἡμᾶς
1071 1078 1231 1157 προνοίας
1249 1075 1310 1138 τοῦ
1328 1077 1537 1160 δημιουργοῦ

390 1177 454 1266 τὴν
477 1176 583 1266 ἀρχὴν
606 1177 670 1248 άπὸ
693 1184 752 1267 της
773 1183 976 1266 κατασκευης
1008 1182 1068 1246 τοῦ
1101 1176 1251 1264 σώματος
1291 1182 1537 1267 ποιησαμένοις.

392 1292 475 1352 ἔνιοι
503 1291 566 1372 γὰρ
595 1288 675 1354 κατά
699 1314 774 1354 τινα
798 1286 902 1374 τύχην
929 1285 1069 1371 άτεχυου
1108 1286 1163 1352 καὶ
1206 1283 1346 1370 άλογου,
1383 1283 1424 1355 ού
1455 1288 1538 1358 κατὰ

390 1392 556 1476 πρόνοιαν
583 1397 693 1480 σοφοῦ
721 1397 930 1480 δημιουργοῦ
971 1391 1233 1460 διαπλάττεσθαί
1266 1413 1371 1478 φασιν
1403 1389 1538 1483 άμυδρᾷ

353 1522 378 1559 10
391 1501 473 1585 πρὸς
496 1509 558 1585 την
585 1509 697 1568 πίστιν
725 1492 774 1568 aiv
797 1503 953 1586 λέγουσιν
984 1496 1153 1586 ὁμοιότητι
1182 1498 1362 1586 χρώμενοι,
1390 1497 1435 1580 ὡς
1465 1507 1539 1567 ἔνια

392 1605 473 1673 κατὰ
497 1607 558 1674 τὸν
581 1613 658 1692 βιόυ
677 1605 741 1675 ὑπὸ
761 1608 860 1693 τύχης
880 1605 977 1692 ὅμοια
997 1613 1122 1692 γίνεται
1145 1621 1214 1685 τοῖς
1236 1605 1318 1674 κατὰ
1337 1607 1396 1686 τὰς
1413 1608 1540 1694 ιε’χυας.

392 1711 536 1797 δρῶντες
563 1713 626 1800 γάρ
655 1740 759 1780 τινων
786 1712 847 1799 τὴν
876 1713 1085 1800 περιγραφὴν
1113 1710 1132 1801 ἢ
1165 1717 1201 1782 τὸ
1231 1718 1338 1801 σχῆμα
1368 1714 1538 1802 παραπλή-

392 1842 468 1887 σιον
496 1819 581 1887 εἶναι
615 1822 750 1898 λέοντος
777 1819 957 1909 προσώπῳ,
990 1820 1140 1906 καθάπερ
1174 1823 1274 1889 ἐνίων
1303 1820 1485 1907 δράκοντος
1519 1817 1538 1908 ἢ

392 1925 496 1994 ἄλλου
519 1925 610 2005 τινὸς
635 1926 730 2019 ζῴου,
753 1925 797 2005 ὥς
820 1946 914 2012 φασι,
937 1928 992 1993 καὶ
1016 1925 1065 1994 ὅτι
1089 1927 1155 1993 πού
1176 1954 1226 2006 τις
1247 1928 1392 2010 πατάξας
1413 1930 1539 2016 πέτραν

429 2168 441 2215 1
463 2163 512 2215 τού
533 2165 593 2214 δεῖν
614 2159 752 2213 ΜΑΒΟλι,
775 2189 807 2198 -
831 2153 901 2226 ημᾶς
923 2161 977 2212 MA
998 2154 1071 2227 ὑμᾶς
1087 2159 1196 2224 BChK;
1222 2159 1255 2214 cf.
1272 2161 1366 2231 Progr.
1388 2163 1420 2230 ΙΙ,
1441 2169 1482 2217 17.
1503 2191 1538 2202 -

393 2239 407 2286 2
428 2227 516 2286 odrae
537 2234 563 2284 M
589 2225 661 2285 odam
682 2231 821 2284 Attt'hK.
846 2261 879 2269 —
904 2238 919 2282 3
940 2226 1008 2283 οὔθ’
1026 2228 1209 2298 Ἱπποκράτης
1233 2234 1312 2286 codd.
1336 2233 1397 2286 edd.
1424 2230 1491 2288 ούδδ
1508 2229 1538 2287 Ἴ.

393 2322 455 2367 nos3
477 2304 506 2357 cf
531 2306 614 2358 Protl.
634 2320 659 2369 p.
683 2309 740 2355 10⁴2.
781 2333 786 2338 -
817 2297 996 2368 ἠρκέσθησαν
1017 2298 1047 2354 ἐν
1067 2304 1101 2369 τοι
1121 2303 1258 2356 MABCh.
1276 2335 1307 2342 -
1328 2311 1344 2356 4
1364 2302 1538 2376 συμβουλεύ-

393 2380 498 2427 σασθαι
525 2376 601 2428 codd.
627 2374 685 2427 edd,
714 2374 937 2436 συαβουλιυοαιλ
964 2405 994 2412 -
1024 2379 1039 2425 5
1064 2378 1173 2432 πολλοῖς
1197 2375 1251 2426 τών
1276 2370 1347 2426 κατά
1375 2377 1400 2428 M
1426 2381 1539 2437 πολλοῖς

393 2443 464 2498 κατά
486 2445 625 2506 Auctio
650 2447 682 2497 ολ.
705 2445 787 2497 Pron.
808 2462 833 2510 p.
854 2451 896 2495 3ο.
923 2474 953 2483 -
980 2452 995 2497 6
1016 2444 1063 2509 της
1087 2444 1246 2497 inseruitK
1276 2477 1306 2484 -
1332 2452 1348 2500 8
1369 2445 1431 2499 ἔνια
1451 2449 1482 2499 Δ.
1505 2479 1537 2485 -

393 2523 408 2570 9
430 2517 499 2580 φασὶ
520 2513 631 2582 ἀμυδρά
652 2517 688 2568 Μ.
710 2545 741 2554 -
764 2523 792 2567 ll
815 2515 869 2566 τῶν
889 2510 960 2566 κατὰ
981 2516 1060 2568 codd.
1081 2516 1141 2567 edd.
1158 2523 1215 2576 τοῖς
1234 2537 1258 2571 κ,
1278 2535 1335 2569 nos.
1359 2549 1390 2556 -
1412 2525 1443 2571 12
1463 2513 1539 2582 ὁρώυ

393 2590 472 2640 codd.
488 2589 548 2642 edd.
565 2583 684 2653 ὁρῶντες
701 2605 758 2639 nos.
772 2615 802 2624 -
819 2581 871 2652 γάρ
887 2607 911 2638 τι
928 2587 1010 2638 τινών
1023 2586 1048 2637 n
1063 2581 1116 2654 γάρ
1132 2589 1171 2640 τίς
1186 2607 1209 2639 τ.
1221 2587 1348 2640 ABChK
1364 2591 1405 2650 τίς
1419 2589 1497 2643 1.ch
1513 2610 1537 2641 τι

393 2661 553 2713 delevimus.
576 2691 605 2698 -
628 2667 660 2712 13
680 2657 809 2726 λέγοντος
828 2675 877 2725 pro
897 2657 1008 2719 λέοντος
1023 2657 1059 2711 Μ.
1080 2687 1110 2696 -
1134 2664 1165 2710 14
1185 2651 1293 2713 dunos
1312 2659 1487 2715 inseruimus.
1504 2691 1538 2699 —

394 2893 559 2958 citationis
584 2915 689 2972 causa,
713 2892 833 2976 quippe
857 2913 930 2956 cum
954 2915 1019 2956 non
1043 2914 1080 2956 eo
1109 2894 1179 2958 solo
1213 2895 1356 2959 contenti
1385 2916 1455 2958 esse
1483 2893 1538 2958 de-

394 3000 543 3077 beamm,
576 3000 660 3083 quod
689 2999 982 3062 demonstravimus
1010 2999 1125 3063 debere
1154 3023 1213 3065 nos
1242 3002 1381 3066 exerceri
1409 3001 1443 3064 in
1472 3001 1537 3064 sin-

394 3107 576 3190 gularibus,
599 3107 663 3170 nisi
687 3108 785 3170 etiam
814 3107 861 3169 ita
885 3106 1051 3170 faciamus,
1096 3106 1208 3192 Neque
1237 3109 1324 3172 enim
1347 3106 1442 3172 Plato
1466 3107 1538 3190 ipse

393 3236 496 3296 neque
521 3213 739 3296 Hippocrates
768 3215 848 3276 satis
877 3211 1061 3276 habuerunt
1088 3212 1121 3276 in
1149 3216 1335 3278 universum
1366 3212 1427 3278 hoc
1464 3235 1537 3278 con-

395 3322 504 3384 silium
528 3321 667 3398 dedisse,
696 3320 751 3384 sed
780 3321 877 3382 etiarn
903 3341 960 3402 per
988 3321 1135 3402 exempla
1162 3321 1196 3385 in
1228 3322 1338 3385 multis
1363 3319 1536 3404 singulari·

395 3428 454 3491 bus
492 3449 550 3490 nos
589 3431 806 3491 exercuerunt.
852 3425 1025 3508 Proposita
1064 3427 1166 3511 igitur
1203 3429 1247 3491 sit
1274 3435 1442 3512 tamquam
1471 3448 1536 3490 ma-

394 3535 476 3597 teria
505 3535 662 3616 quaedam
698 3532 967 3597 considerationis
1001 3533 1040 3595 de
1070 3534 1187 3597 summi
1217 3535 1343 3618 opificis
1372 3555 1449 3618 erga
1478 3556 1535 3597 nos

394 3641 597 3724 providentia
620 3641 767 3724 quaestio
792 3663 811 3704 a
834 3638 959 3702 fabrica
983 3641 1126 3722 corporis
1151 3640 1245 3704 initio
1270 3645 1409 3725 sumpto.
1456 3638 1537 3704 Sunt

395 3748 495 3829 enim,
532 3749 585 3830 qui
610 3747 741 3811 fortuna
779 3745 917 3830 quadam
942 3747 1022 3810 artis
1055 3747 1254 3831 rationisque
1292 3753 1435 3832 experte,
1470 3769 1536 3813 non

395 3855 552 3942 sapientis
581 3855 706 3937 opit'icis
735 3852 938 3936 providentia
966 3874 1083 3936 corpus
1117 3853 1312 3919 conformari
1344 3856 1455 3919 dicant
1483 3855 1536 3921 ob·

396 3983 490 4025 scura
524 3961 563 4025 ad
597 3959 838 4043 comprobanda
870 3982 921 4038 ea,
954 3983 1034 4043 quae
1068 3961 1191 4042 dicunt,
1229 3961 1440 4026 similitudine
1477 3962 1535 4044 usi,

395 4068 480 4152 quod
505 4069 662 4152 quaedam
691 4069 725 4130 in
748 4069 816 4130 vita
845 4089 863 4128 a
893 4065 1022 4130 fortuna
1048 4067 1168 4130 similia
1192 4067 1376 4131 artificiosis
1396 4068 1535 4131 efficiun-

395 4181 457 4239 tur.
516 4173 596 4239 Cum
639 4175 724 4237 enim
757 4173 982 4237 nonnullarum
1016 4196 1123 4237 rerum
1161 4173 1439 4238 adumbrationem
1481 4176 1535 4236 aut

396 4281 532 4363 figuram
565 4281 660 4345 faciei
696 4281 813 4363 leonis,
846 4281 985 4344 aliarum
1017 4281 1165 4345 draconis
1196 4282 1247 4346 vel
1281 4280 1416 4345 alicuius
1453 4279 1533 4342 alius

397 4386 531 4472 bestiae,
565 4395 601 4451 ut
628 4389 751 4472 dieunt,
783 4389 921 4453 similem
950 4388 1081 4452 videant
1109 4393 1166 4453 aut
1190 4388 1359 4473 aliquando
1383 4405 1533 4473 percusso
