3088 5134
758 417 999 482 „504-

306 590 361 639 σαι
385 570 422 640 τὸ
446 577 586 658 κρανίον
611 569 704 651 ἐντὸς
731 569 836 640 αὐτοῦ
863 573 1025 658 γένωνται
1047 571 1130 642 κατὰ
1156 573 1220 661 τὴν
1243 577 1443 662 καλουμένην

306 677 491 764 ἐγκεφάλου
517 677 627 763 βάσιν.
673 679 820 748 ἐνταῦθα
847 677 911 768 γὰρ
934 677 997 748 οὐκ
1025 676 1143 766 ὀλίγην
1165 679 1279 767 χώραν
1305 678 1444 768 ἡφύσις

306 777 381 852 οἷον
399 783 557 871 θαλύμην
575 783 650 852 τινὰ
668 789 713 877 τῷ
733 790 932 854 όικτυοειὸεῑ
946 789 1030 876 τῷδε
1048 787 1274 874 παρεσκεύασε
1291 789 1442 874 τλέγματι

303 891 541 978 περιεχομένην
568 888 632 959 ὑπο
656 895 713 979 τῆς
740 897 875 979 παχείας
896 890 1073 980 μήνιγγος,
1101 898 1148 972 είς
1175 890 1218 981 ἢν
1245 894 1353 981 χώραν
1377 891 1443 964 ἀπὸ

277 1001 372 1066 ετῶν
413 1002 608 1086 καρωτίόων
651 994 907 1086 ὀνομαζομένων
947 996 1115 1088 ἀρτηριῶν
1156 997 1197 1068 ού
1239 999 1357 1088 σμικρά
1395 1029 1446 1082 τις

304 1101 533 1192 ἀφικνουμένη
565 1119 681 1192 μοῖρα,
709 1101 787 1174 καθ’
819 1102 974 1192 ἑκάτερον
1004 1107 1104 1193 μέρος
1131 1109 1169 1173 ἓν
1195 1104 1347 1193 ἀγγεῖον,
1376 1107 1445 1176 εἶτα

304 1210 575 1298 κατασχιζόμεναι
598 1215 782 1292 πολυειδῶς
800 1209 861 1299 ούχ
880 1209 1009 1281 ἁπλοῦν
1027 1211 1219 1298 ἐργάζονται
1244 1213 1280 1282 τό
1301 1219 1446 1284 δίκτυον.

304 1314 388 1385 ἀλλὰ
412 1317 464 1384 ἐπὶ
488 1314 643 1405 ἀλλήλοις
665 1325 798 1405 κείμενα
820 1317 926 1387 πολλὰ
949 1344 1030 1405 μετα
1052 1321 1114 1387 τοῦ
1137 1323 1316 1406 συνῆφθαί
1335 1323 1444 1390 τεκαὶ

305 1425 553 1511 συμπεφυκέναι
572 1423 689 1493 πάντα.
720 1426 775 1492 καὶ
793 1423 894 1494 πάλιν
913 1451 950 1510 γε
967 1423 1050 1492 κατὰ
1067 1429 1129 1492 τοῦ
1147 1428 1332 1514 πλέγματος
1349 1431 1446 1496 τοῦδε

264 1553 290 1592 10
303 1529 500 1618 τηλικούτου
528 1530 662 1616 ζεύγους
689 1528 857 1620 ἀρτηριῶν
886 1532 1109 1618 ἐκφυομένου,
1141 1529 1257 1618 ἡλίκον
1285 1535 1317 1614 έξ
1345 1529 1448 1622 ἀρχῆς

304 1631 408 1723 ἦντὸ
437 1637 525 1725 παρὰ
555 1641 623 1706 τῶν
652 1641 848 1724 καρωτίόιον
874 1628 973 1724 ἧκον,
1003 1643 1050 1717 είς
1071 1637 1132 1706 τὸν
1161 1641 1345 1725 ἐγκέφαλον
1367 1635 1448 1706 ιἰνα-

303 1744 437 1831 φέρεται
460 1743 557 1811 τότε
587 1741 669 1812 ἄλλα
696 1744 778 1831 μέρη
809 1745 988 1812 διαπλέκον
1010 1741 1115 1813 αὐτοῦ
1137 1743 1345 1831 παμπόλλαις
1367 1741 1448 1813 ἄπο

236 1848 459 1937 σθθνεμησεσι
481 1850 536 1916 καὶ
558 1848 599 1917 τὰ
622 1849 704 1918 κατὰ
721 1849 780 1930 τὰς
801 1857 930 1930 κοιλίας
948 1848 1169 1939 ἐργαζόμενον
1187 1852 1373 1940 πλέγμαΙτα
1409 1855 1448 1920 τὸ

302 1953 364 2040 μὲν
387 1945 450 2022 cim
472 1953 554 2024 κατὰ
577 1957 637 2036 τὰς
660 1953 817 2044 ἀρτηρίας
839 1957 894 2024 καὶ
917 1955 980 2044 τὴν
998 1961 1141 2045 καρδίαν
1158 1961 1290 2044 πνεῦμα
1309 1959 1450 2040 ζωτικόν

263 2083 288 2124 ιε
303 2061 374 2128 έστί
393 2085 428 2130 τε
450 2061 506 2130 καὶ
529 2062 820 2152 προσαγορεύεται,
842 2061 874 2132 τί
905 2061 943 2132 cl
960 2061 1042 2132 κατὰ
1064 2062 1125 2132 τὸν
1145 2065 1329 2151 ἐγκέφαλον
1353 2079 1451 2152 ψυχι-

338 2337 354 2385 3
373 2316 534 2398 σικτνοείδῆ
554 2330 589 2384 Μ.
616 2361 649 2370 -
673 2325 883 2397 παρεσκεύασαι
908 2331 947 2396 (in
970 2330 1174 2401 dittographin‚
1198 2331 1234 2386 tle
1252 2348 1308 2402 qne.
1325 2331 1400 2386 inin
1421 2351 1451 2402 p.

303 2407 363 2468 605,
384 2408 416 2456 16
435 2397 645 2468 παρεσκεύασαι
664 2417 734 2456 corr.
753 2401 814 2456 ced.
832 2418 907 2456 man.
930 2402 959 2455 in
977 2397 1183 2469 παρεσκεύασε)
1201 2402 1239 2458 Μ.
1258 2434 1291 2444 -
1312 2411 1326 2458 t
1346 2403 1395 2456 ταλ
1417 2403 1452 2458 τό

302 2473 381 2527 codd.
401 2471 462 2527 edd.
483 2473 531 2526 καὶ
550 2473 687 2527 eiecimus.
709 2502 741 2512 -
767 2479 798 2526 13
819 2467 1007 2542 ἐργαζόμενον
1035 2475 1074 2542 (in
1096 2473 1214 2560 dittogr3
1237 2469 1393 2542 ἐργάζεται)
1419 2475 1453 2529 l(

303 2538 478 2613 ἐργαζόμενα
497 2543 634 2598 Aecus.
655 2575 687 2584 -·
711 2538 743 2597 τό
764 2542 816 2611 μὲν
835 2535 889 2630 crin
908 2563 932 2598 ιι.
952 2565 974 2598 τ.
994 2547 1016 2598 λ.
1036 2545 1178 2629 usquead
1197 2547 1332 2628 ακριβομῗς
1350 2553 1452 2614 τυχεῖν

302 2617 338 2683 (p.
355 2620 415 2682 605,
430 2617 456 2682 8)
477 2612 584 2668 Ombos.
600 2615 646 2682 111,
665 2620 725 2669 clo.
742 2646 773 2653 -
796 2621 828 2668 14
847 2617 982 2682 αρτηρίας
995 2614 1043 2668 καλ
1062 2634 1113 2683 την
1127 2616 1250 2682 καρδίαν
1264 2615 1339 2672 Onb.
1357 2617 1411 2670 καλ
1427 2639 1452 2670 τ.

301 2704 331 2810 ’λ
347 2685 480 2811 {tlt
496 2685 578 2812 till
591 2685 713 2822 ἔέέλιῖ
728 2681 911 2812 titul?
922 2681 1194 2812 tl‘ttlffltt*
1214 2686 1252 2743 Μ·
1272 2719 1304 2728 “
1328 2685 1453 2754 ‘⁰²⁸⁶'

302 3047 356 3090 sse
383 3026 418 3091 in
445 3025 549 3112 ipsius
576 3026 699 3092 cerebri
726 3025 971 3092 frmdementum
1003 3027 1054 3092 vel
1087 3027 1183 3092 basin
1211 3065 1256 3075 -
1282 3029 1329 3094 sic
1357 3029 1450 3096 enim

302 3132 469 3216 appellent
492 3169 533 3180 -
558 3136 796 3200 concurrerunt
835 3132 887 3199 Ibi
910 3133 997 3198 enim
1020 3136 1138 3198 natura
1160 3132 1270 3200 locum
1292 3157 1358 3202 non
1379 3137 1450 3202 exi-

301 3260 401 3324 guum
420 3240 513 3324 quesi
532 3239 682 3306 cellulam
705 3240 867 3325 quendem
887 3263 906 3306 ο
929 3261 1040 3306 cresse
1058 3239 1250 3306 membrana
1269 3243 1450 3308 cicumde-

301 3349 368 3410 tam
396 3345 562 3412 reticulcri
589 3345 639 3412 illi
666 3350 813 3412 texturae
840 3347 1061 3432 praeparavit,
1089 3347 1122 3412 in
1150 3369 1248 3432 quem
1274 3349 1382 3414 locum
1408 3373 1449 3416 cr

301 3451 438 3535 arteriis,
461 3474 544 3537 quoe
566 3453 726 3520 cerotides
750 3453 910 3536 dicuntur,
932 3475 997 3518 non
1020 3475 1122 3538 parve
1145 3455 1305 3539 quaedem
1328 3457 1450 3540 portio,

301 3579 363 3624 uno
388 3559 513 3624 scilicet
535 3581 573 3624 ex
597 3561 733 3644 utreque
761 3562 853 3643 perte
876 3580 953 3624 vose
977 3561 1155 3644 promisso,
1178 3561 1340 3646 pervenit,
1363 3584 1449 3647 qnae

301 3667 416 3748 postca
443 3665 477 3729 in
505 3665 718 3750 multiplicem
747 3666 893 3732 sobolem
921 3666 1076 3732 discissae
1107 3673 1176 3733 rete
1208 3691 1275 3734 non
1307 3667 1448 3754 simplex

300 3771 483 3854 conficiunt,
502 3769 557 3836 scd
576 3770 680 3838 multe
694 3771 760 3837 alie
779 3772 853 3838 eliis
872 3773 1055 3858 superiecto
1073 3775 1130 3860 ite,
1149 3779 1185 3840 ut
1199 3775 1309 3840 omnis
1323 3796 1447 3840 conen

300 3876 367 3942 sint
389 3877 474 3942 inter
496 3900 530 3944 sc
554 3882 588 3941 et
605 3879 793 3946 coaluerint
824 3879 870 3944 Et
892 3901 1002 3946 rursus
1021 3901 1060 3946 ex
1079 3879 1142 3946 hec
1164 3883 1295 3946 texture
1317 3883 1446 3946 tantum

300 3983 491 4050 arteriarum
516 4007 575 4068 par
598 3985 759 4068 exoriens,
790 3989 948 4070 quantum
971 4008 990 4050 e
1016 3985 1179 4072 principio
1203 4009 1220 4050 e
1244 3987 1446 4054 cerotidibnr

299 4093 515 4174 processerat,
543 4091 577 4155 in
606 4093 773 4158 cerebrum
801 4091 932 4156 effertur
964 4094 1093 4157 etcum
1122 4093 1205 4158 elias
1233 4093 1304 4158 cius
1326 4097 1447 4178 putes,

300 4197 369 4258 tum
406 4196 657 4263 ventriculorum
697 4197 936 4280 complexiones
973 4196 1086 4263 multis
1125 4199 1260 4264 romulis
1298 4199 1445 4268 innectit

300 4295 440 4383 Spiritus
463 4301 573 4388 igitur,
596 4302 652 4386 qui
675 4302 710 4368 in
732 4301 827 4368 corde
847 4303 1039 4390 arteriisquc
1058 4304 1254 4388 continetur,
1277 4305 1387 4372 vitalis
1410 4315 1444 4370 st

300 4407 350 4469 est
372 4407 405 4472 et
427 4405 559 4493 dicitur,
581 4409 637 4494 qui
655 4409 691 4476 in
713 4409 860 4494 cerebro,
887 4409 1054 4494 nnimelis,
1081 4433 1148 4480 non
1170 4433 1235 4498 quo
1259 4411 1441 4480 substmm
