3298 5136
624 443 867 508 -241-

175 601 230 670 καλ
254 601 412 670 Πλάτωνι
435 615 606 690 μαρτυρεῖ,
628 600 781 688 καθάπερ
803 602 858 671 καὶ
877 599 985 671 ὁπόσα
1008 615 1077 681 τοῖς
1094 603 1325 689 θυμουμένοις

175 705 194 776 ὁ
214 713 219 794 Ι
240 708 432 797 Χρύσιππος
456 707 576 798 γράφει
597 703 795 796 συμπίπτειν
818 715 855 776 ἐν
877 736 912 777 τε
934 713 979 801 τῷ
998 708 1128 797 θώρακι
1147 710 1245 777 παντί
1268 712 1387 786 καὶαπ

174 814 256 883 κατὰ
286 814 349 904 τὴν
375 821 527 904 καρδίαν.
577 813 653 903 ἄχρι
685 813 750 902 γάρ
782 811 825 882 άν
856 817 893 884 ἐν
924 816 986 903 μὲν
1017 820 1062 908 τῷ
1091 815 1263 885 διδάσκειν
1289 845 1323 886 τε

173 923 228 990 καλ
252 922 444 1009 μανθάνειν
466 923 520 990 καὶ
550 919 635 1001 ὅλως
657 932 826 990 κινεῖσθαι
853 921 916 1009 τὴν
946 920 1057 1009 ψυχὴν
1084 921 1166 990 κατὰ
1195 924 1324 1012 ἐπιστή-

174 1057 241 1116 μην
263 1028 338 1098 τινὰ
362 1030 468 1117 μηδὲν
492 1028 723 1096 ἐπιδεικνύωσι
747 1034 937 1115 συμβαῖνον
959 1032 999 1117 τῇ
1022 1032 1158 1118 καρδίᾳ,
1181 1029 1263 1098 κατὰ
1287 1032 1350 1099 dis

173 1137 213 1205 τὰ
236 1135 329 1223 πάθη
350 1135 563 1220 δεικνύωσιν,
586 1131 628 1202 οὐ
650 1133 759 1222 μόνον
778 1132 839 1203 οὐκ
858 1132 1079 1222 ἀνατρέπουσι
1102 1136 1163 1205 τὸν
1179 1137 1324 1208 παλαιὸν

173 1243 291 1331 λόγον,
323 1241 406 1312 ἀλλὰ
434 1243 489 1312 καὶ
521 1241 808 1324 κατασκευάζουσι.
862 1240 901 1310 τὰ
929 1241 991 1330 μὲν
1018 1240 1060 1330 δὴ
1090 1248 1227 1314 τοιαῦτα
1256 1250 1325 1315 των

175 1350 436 1438 ἐπιχειρημάτων
463 1352 498 1419 ἐκ
525 1353 586 1423 τοῦ
615 1351 774 1436 δευτέρου
801 1351 920 1436 μένους
946 1351 1014 1418 ἐστὶ
1037 1353 1105 1420 τῶν
1132 1351 1324 1439 λημμάτων,

174 1456 295 1544 ὥσπερ,
320 1455 423 1546 οἶμαι,
446 1459 501 1527 καὶ
524 1457 561 1526 τὸ
581 1456 716 1545 πρωτην
739 1454 896 1524 ἁπάντων
918 1459 986 1526 των
1003 1463 1132 1545 μορίων
1153 1461 1215 1526 τοῦ
1239 1457 1324 1550 §pion

174 1563 434 1634 διαπλάττεσθαι
454 1564 524 1653 ’τὴν
547 1569 698 1651 καρδίαν.
743 1562 786 1632 οὐ
812 1563 876 1652 γάρ
904 1563 966 1652 τὴν
989 1561 1071 1632 κατὰ
1095 1563 1243 1652 δύναμιν
1266 1563 1323 1653 άρ-
1339 1591 1363 1628 ιο

174 1671 237 1760 χὴν
260 1674 465 1742 ἐνδείκνυται
492 1677 592 1740 τοῦτο
621 1672 856 1759 συγχωρηθίν,
883 1668 966 1759 ὑπὲρ
995 1662 1034 1758 ἦς
1062 1675 1128 1740 νῦν
1152 1676 1324 1760 ζητοῦμεν,

174 1775 257 1848 ἀλλὰ
280 1778 343 1866 τὴν
364 1780 446 1848 κατὰ
469 1781 611 1866 γένεσιν.
647 1788 773 1866 εἴρηται
798 1779 837 1846 δέ
857 1803 914 1866 μοι
938 1778 992 1846 καὶ
1013 1777 1185 1865 διώρισται
1209 1783 1324 1867 σαφῶς

173 1883 257 1973 ὑπὲρ
289 1890 347 1974 τῆς
380 1890 544 1975 διαφορᾶς
573 1889 640 1954 τῶν
669 1882 782 1972 ἀρχῶν
814 1886 851 1952 ἐν
879 1888 924 1977 τῷ
952 1885 1105 1974 πρόσθεν
1137 1885 1235 1979 λόγῳ.
1284 1887 1322 1956 τὸ

173 1993 287 2079 μέντοι
321 1991 457 2080 πρωτην
487 1991 550 2080 μὲν
580 1989 738 2060 ἁπάντων
771 1991 934 2080 ἄρχεσθαι
964 2001 1132 2062 κινεῖσθαι
1164 1997 1232 2063 τῶν
1262 1999 1324 2064 τοῦ

174 2098 260 2190 ζῴου
282 2107 412 2187 μορίων
435 2097 552 2187 αὐτήν,
574 2096 721 2186 ὑστάτην
744 2097 780 2166 δὲ
803 2099 971 2168 παύεσθαι
993 2103 1062 2168 τῶν
1084 2097 1324 2172 ἀποδεικτικῶν
1339 2125 1363 2166 15

173 2207 241 2273 ἐστι
260 2206 450 2295 λημμάτων.
486 2208 693 2275 ἐνδείκνυται
713 2204 776 2292 γὰρ
795 2203 903 2293 ἀρχὴν
921 2204 1006 2274 εἶναι
1026 2207 1188 2295 κινήσεως
1205 2206 1323 2297 αὐτήν,

173 2310 216 2381 οὐ
242 2312 310 2401 μὴν
340 2311 468 2402 ἁπάσης
494 2340 548 2401 γε,
584 2310 670 2381 ἀλλὰ
702 2312 809 2400 μόνης
835 2316 894 2400 τῆς
922 2312 1004 2381 κατὰ
1031 2312 1111 2393 τοὺς
1137 2315 1322 2403 σφυγμούς,

209 2553 224 2601 3
244 2540 281 2601 ἂν
300 2564 353 2602 om.
369 2548 399 2602 L.
420 2579 453 2587 —
474 2553 490 2602 ὅ
510 2541 684 2602 ἐπιδείκνυσι
703 2547 725 2601 L
747 2541 958 2602 ἐπιδεικνύουσι
973 2545 1106 2602 ΜΛΒΟΙ]
1121 2543 1321 2604 ἐπιδεικνάωσι

171 2617 206 2672 Κ.
226 2649 260 2659 -
286 2621 453 2690 συμβαίνειν
476 2619 506 2674 L.
532 2649 565 2658 -
589 2618 638 2672 καλ
656 2613 724 2672 τάδε
744 2613 779 2672 τά
799 2612 882 2685 πάθη
901 2617 923 2670 L
947 2613 1083 2687 τὰπάθη
1101 2619 1131 2674 Μ
1154 2615 1226 2674 κατά
1245 2619 1278 2676 dt
1297 2641 1320 2675 τ.

171 2709 200 2743 π.
220 2689 252 2743 A.
273 2722 306 2730 -
327 2695 341 2744 ’l
359 2685 619 2756 κατασκευάζουσιν
633 2689 693 2742 ΜΛ
711 2684 951 2754 κατασκευάζουσι
966 2690 997 2744 L.
1013 2722 1045 2730 -
1064 2691 1196 2747 Aversis
1214 2687 1249 2746 τά
1268 2690 1321 2763 μὲν

171 2757 208 2829 δὴ
228 2761 281 2816 inc.
300 2763 420 2832 excerpt.
440 2761 465 2816 ΙΙ
484 2761 563 2816 codd.
584 2760 645 2816 FP.
665 2793 698 2801 -
718 2767 734 2816 9
754 2757 866 2829 πρώτον
884 2760 945 2830 (sic)
965 2761 993 2814 Μ
1012 2762 1122 2830 πρῶτον
1141 2763 1190 2818 FP
1208 2760 1321 2834 πράτην

172 2833 234 2888 LA.
254 2865 286 2872 -
309 2839 342 2888 14
360 2832 457 2904 μέντοι
476 2831 528 2904 μὲν
548 2833 584 2886 Μ.
605 2863 638 2872 -
660 2839 690 2887 17
710 2828 799 2903 μόνης
817 2851 848 2901 με
868 2831 898 2886 L.
919 2863 952 2872 -

170 3072 205 3134 et
236 3069 382 3153 Platoni,
414 3091 481 3136 non
514 3066 633 3134 Stoicis
666 3071 699 3132 et
725 3067 953 3151 Peripateticis
986 3069 1232 3155 suffragaretur,
1260 3094 1320 3137 neo

170 3176 279 3241 minus
302 3176 370 3260 illa,
393 3198 474 3260 quae
498 3175 714 3241 irascentibus
739 3171 943 3258 Chrysippus
974 3175 1007 3240 in
1030 3176 1164 3244 thorace
1187 3183 1258 3246 toto
1283 3203 1320 3245 ao

170 3283 345 3368 praecipue
373 3283 408 3348 in
440 3283 547 3349 cordis
570 3283 719 3368 partibus
743 3280 887 3347 accidere
915 3281 1036 3346 scribit.
1083 3285 1197 3362 Quoad
1224 3287 1320 3370 enim,

170 3389 248 3454 dum
271 3391 443 3456 doceamus
467 3391 670 3456 discamusve
698 3389 749 3454 vel
773 3386 905 3454 omnino
929 3388 1055 3454 animus
1078 3397 1189 3458 noster
1212 3394 1321 3480 cogni-

169 3496 260 3561 tione
285 3496 395 3580 aliqua
419 3497 575 3582 agitetur,
602 3497 684 3562 nihil
709 3495 798 3561 cordi
821 3491 966 3559 accidere
990 3498 1144 3582 probant,
1173 3501 1229 3564 sed
1252 3503 1321 3566 tan·

169 3605 250 3687 tum,
274 3603 351 3668 dum
375 3603 544 3670 affectibus
563 3625 761 3686 moveamur,
784 3624 850 3667 non
872 3600 968 3667 modo
991 3625 1058 3669 non
1080 3607 1241 3691 refellunt,
1264 3608 1320 3673 sed

170 3709 271 3774 etiam
296 3712 488 3777 confirmant
510 3712 672 3779 rationem
690 3713 839 3775 veterem.
876 3706 1067 3776 Istiusmodi
1090 3713 1192 3798 igitur
1211 3715 1320 3780 onmia

171 3821 362 3900 argumenta
390 3841 407 3882 e
440 3819 580 3884 secundo
613 3817 813 3882 sumtionum
843 3834 962 3898 genere
996 3823 1084 3903 sunt,
1120 3843 1180 3885 neo
1211 3821 1319 3886 minus

169 3925 264 4009 illud,
296 3947 370 3990 cum
403 3948 458 3992 cor
489 3925 630 4010 primum
663 3923 808 3990 omnium
836 3920 987 3988 animalis
1015 3927 1158 4009 partium
1185 3926 1320 3992 formari

170 4032 291 4098 dicunt.
340 4031 453 4118 Neque
485 4033 571 4098 enim
598 4032 661 4097 hoo
690 4031 717 4094 si
751 4027 891 4112 dederis,
917 4029 1086 4098 facultatis
1113 4034 1320 4119 principium,

170 4140 208 4206 de
227 4163 292 4226 quo
311 4161 397 4205 nuno
415 4141 610 4224 quaerimus,
634 4137 689 4203 sed
708 4134 929 4222 generationis
949 4160 1018 4202 esse
1038 4141 1320 4206 demonstraveris.

170 4245 218 4312 De
242 4246 477 4331 principiorum
501 4249 609 4310 autem
633 4241 814 4309 differentia
833 4241 919 4306 claro
939 4267 958 4309 a
977 4269 1028 4310 me
1051 4247 1174 4311 dictum
1193 4247 1319 4331 exposi-

170 4359 302 4440 tumque
326 4354 360 4418 in
384 4354 548 4438 superiore
570 4353 656 4417 libro
681 4355 738 4416 est
784 4347 869 4415 Illud
893 4353 1012 4436 tamen,
1036 4375 1091 4418 cor
1113 4358 1151 4416 ut
1173 4353 1318 4419 omnium

172 4461 390 4527 membrorum
413 4460 556 4545 primum
584 4459 708 4526 moveri
731 4458 881 4542 incipiat,
909 4457 956 4521 ita
984 4459 1135 4526 ultimum
1163 4453 1319 4540 desinere,

223 4576 303 4617 Geloni
317 4577 345 4616 do
359 4575 419 4615 Piae.
433 4575 491 4615 Plat.
506 4579 528 4614 et
542 4576 650 4625 Hippoor.
666 4572 727 4613 libri.
1073 4572 1105 4620 1ss
