3228 5148
618 423 862 488 -155-

163 575 437 665 κατασχιζόμεναι
461 576 498 646 δέ
521 578 670 646 ἐνταῦθα
693 592 765 658 ταῖς
788 575 852 647 ἀπὸ
880 583 950 648 τῶν
972 585 1109 668 μαστῶν
1131 606 1313 668 καταφερο-

162 683 281 770 μέναις
303 688 351 764 είς
372 680 497 752 ταύτὸν
518 681 671 771 ἥκουσιν,
694 681 739 764 ῶς
761 685 925 756 ἑνοῦσθαι
947 685 1006 767 τὰς
1026 687 1183 775 τέτταρας
1205 686 1314 756 τάσδε.

162 790 239 876 περὶ
266 788 396 858 τούτων
423 793 491 858 τῶν
513 787 680 879 ἀρτηριῶν
707 799 838 880 εἴρηταί
860 820 918 882 μοι
941 794 996 861 καί
1018 793 1186 882 πρόσθεν,
1213 790 1313 880 ἡνίκα

161 894 224 976 τὰς
251 894 334 964 κατὰ
360 894 422 966 τὸν
449 895 594 985 θῶρακα-
618 897 727 987 διῄειν
757 903 802 992 τῷ
832 899 930 992 λόγῳ.
979 901 1092 968 λοιπαί
1120 899 1158 967 δὲ
1187 903 1225 968 αί
1247 903 1316 968 τῶν

163 1006 295 1072 σκελῶν
318 1002 471 1092 ἀρτηρίαι
495 1003 574 1090 δόο,
601 1011 661 1092 μία
683 1002 762 1074 καθ’
789 1005 945 1095 έκάτερον
963 1008 1136 1094 ἐνεχθεῖσα
1159 1009 1315 1092 βουβῶνα
1336 1034 1348 1072 s

163 1124 239 1190 τοῖς
267 1108 360 1191 έντὸς
388 1114 449 1179 τοῦ
475 1114 586 1199 μηροῦ
613 1112 833 1200 παρατέταται
864 1115 1000 1202 μέρεσιν
1023 1111 1098 1201 ἀχρι
1125 1117 1186 1182 τοῦ
1215 1111 1315 1199 μόνα-

163 1244 232 1298 τος.
262 1213 328 1285 ἀπὸ
345 1216 476 1287 τούτων
494 1217 648 1306 ἑκατέρας
667 1223 714 1298 είς
735 1217 815 1299 τοὺς
838 1216 918 1288 καθ’
940 1218 1096 1307 ἕκάτερον
1113 1223 1181 1288 τῶν
1198 1222 1316 1306 μηρῶν

163 1327 231 1412 μῦς
253 1320 407 1412 ἀρτηρίαι
431 1330 692 1412 κατασχίζονται,
714 1324 751 1394 τὸ
776 1324 813 1394 δὲ
836 1323 1023 1395 ὑπόλοιπον
1044 1322 1156 1394 αὐτῶν
1179 1323 1235 1392 dud
1257 1329 1315 1411 τῆς

163 1429 283 1518 ἰγνύας
312 1429 450 1517 ἐνεχθὲν
478 1438 524 1509 είς
546 1456 581 1498 τε
608 1430 648 1498 τὰ
671 1433 747 1520 περὶ
773 1430 836 1521 τὴν
858 1430 990 1520 κνήμην
1017 1431 1146 1500 ἅπαντα
1172 1431 1228 1499 καί
1254 1429 1316 1500 τὸν

162 1536 253 1606 πόδα
277 1539 462 1625 νενέμηται.
503 1537 558 1604 καὶ
582 1534 684 1606 οὐδέν
706 1536 785 1608 οὐδὲ
809 1540 958 1607 ἐνταῦθα
981 1539 1098 1626 δέομαι
1123 1539 1313 1627 διέρχεσθαι
1330 1571 1354 1607 ιο

162 1642 227 1712 τὸν
248 1641 374 1730 τρόπον
390 1647 450 1730 τῆς
468 1647 583 1731 νομῆς,
603 1649 608 1728 Ι
629 1641 712 1712 ἀλλά
735 1642 831 1734 ἀρκεῖ
846 1650 964 1733 βραχεῖ
979 1643 1067 1736 λόγῳ
1087 1645 1312 1733 δεδηλωκέναι
1323 1663 1378 1718 lut

166 1747 227 1829 τὰς
249 1750 286 1816 έν
308 1753 353 1840 τῷ
378 1748 448 1842 ζῴῳ
470 1748 578 1830 πάσας
600 1746 758 1838 ἀρτηρίας
780 1749 844 1820 ἀπὸ
873 1755 950 1839 μιᾶς
973 1753 1100 1839 ἐκείνης
1120 1757 1315 1838 πεφταινίας,

163 1852 210 1942 ἣν
238 1856 274 1924 ἐκ
300 1858 359 1943 τῆς
385 1853 560 1944 ἀριστερᾶς
589 1864 717 1938 κοιλίας
748 1862 806 1944 τῆς
834 1863 989 1944 καρδίας,
1021 1851 1097 1927 οἷον
1129 1861 1164 1927 έκ
1196 1862 1257 1946 γης
1284 1885 1314 1926 τι

165 1962 332 2049 πρέμνον,
356 1963 513 2050 ἐλέγομεν
535 1961 693 2050 φύεσθαι.
738 1968 807 2033 ἔστι
836 1964 873 2034 δέ
896 1966 951 2034 καὶ
980 1964 1074 2052 ἑτέρα
1100 1991 1150 2046 τις
1175 1961 1314 2053 ἀρτηρία

140 2064 224 2156 ’τῆς
247 2064 348 2155 αὐτῆς
370 2073 498 2149 κοιλίας
521 2071 726 2158 έκφνομένη,
753 2071 929 2160 φλεβῶδης
956 2073 1018 2141 τὸν
1041 2077 1173 2158 χιτῶνα.
1217 2099 1314 2140 κατα-
1330 2093 1354 2132 1⁵

165 2181 306 2262 σχιζεται
336 2174 372 2242 δὲ
400 2179 447 2255 είς
474 2173 556 2243 ὅλον
577 2174 661 2264 αὕτη
684 2175 746 2245 τὸν
767 2177 939 2266 πνεύμονα
966 2193 1036 2258 τοῖς
1063 2178 1159 2270 ζῴοις
1180 2177 1314 2260 ἅπασιν,

202 2378 218 2424 2
244 2367 278 2424 τά
302 2369 421 2438 τέτταρα
440 2365 507 2426 τάδε
529 2371 633 2427 Ooett.
652 2367 703 2435 τὰς
721 2371 856 2441 τέτταρας
874 2368 959 2428 τάσδε
979 2391 1042 2440 ποις
1066 2375 1101 2429 of.
1120 2374 1204 2429 Proll.
1224 2394 1251 2445 p.
1271 2381 1313 2429 86.

164 2473 200 2482 -
230 2449 247 2496 3
273 2443 367 2510 είρητο
391 2441 412 2496 C
440 2441 497 2497 Oai.
522 2441 562 2496 Ch
587 2445 695 2512 εἴρηται
718 2443 751 2498 K.
774 2475 810 2484 -
839 2445 935 2498 4τῶν
960 2445 1065 2500 σκελῶν
1092 2443 1126 2499 αἴ
1147 2444 1167 2499 G
1190 2448 1254 2500 oett.
1284 2443 1318 2499 αί

165 2513 222 2567 τῶν
231 2531 273 2568 σιτ.
288 2529 346 2568 nos.
367 2543 399 2553 -
420 2519 436 2567 6
453 2510 663 2582 παρατάττεται
678 2514 698 2570 C
716 2513 910 2583 παρατέταται
925 2515 982 2571 cai.
1002 2517 1096 2581 (Proll.
1113 2535 1139 2586 p.
1156 2519 1200 2584 λλ)
1220 2515 1261 2570 Oh
1280 2515 1313 2572 K.

168 2617 199 2624 ··
221 2591 237 2640 8
257 2581 290 2638 ui
306 2585 371 2638 anta
390 2577 521 2654 ἀρτηρίαι
540 2585 702 2641 delevimus.
778 2593 810 2640 13
829 2605 906 2650 τινος
924 2587 945 2641 C
964 2590 1029 2642 eett.
1049 2608 1075 2642 τι
1094 2605 1157 2652 uos;
1176 2587 1211 2641 ελ.
1229 2588 1314 2642 Proll.

166 2675 214 2726 pp.
235 2661 276 2709 44.
296 2661 338 2710 96.
365 2687 396 2695 -
429 2663 460 2710 14
484 2649 637 2725 λεγόμενον
663 2655 760 2712 torus}
788 2652 921 2728 ἐλέγομεν
944 2654 1081 2727 φύεσθαι.
1107 2656 1165 2712 ἔστι
1188 2657 1244 2713 Coi.
1265 2657 1313 2727 (of.

167 2727 252 2780 Proll.
271 2746 298 2796 p.
318 2728 363 2796 44)
383 2725 431 2781 Ch.
453 2759 483 2766 —
507 2734 539 2782 16
558 2720 632 2795 αὕτη
651 2729 706 2782 CK
725 2723 797 2797 αότὴ
818 2727 876 2782 cni.
896 2729 945 2785 Ch.
965 2761 998 2770 -

166 2925 431 3010 committuntur,
455 2949 536 3011 quae
565 2949 585 2990 a
608 2927 759 2991 mammis
783 2927 994 3011 descendunt,
1021 2931 1058 2992 ut
1085 2933 1225 3014 quatuor
1251 2929 1313 2994 hae

165 3033 327 3099 uniantur.
367 3031 429 3098 His
453 3033 491 3098 de
515 3031 644 3098 arteriis
663 3033 786 3098 dictum
809 3033 891 3099 mihi
915 3034 1015 3099 etiam
1039 3039 1135 3100 antea
1158 3039 1216 3120 est,
1239 3059 1313 3101 oum

166 3163 233 3222 eas,
255 3162 338 3224 quae
360 3139 396 3205 in
418 3138 550 3205 thorace
575 3142 662 3223 siml,
684 3140 910 3224 persequebar.
955 3141 1111 3225 Reliquae
1139 3141 1220 3206 duae
1244 3164 1313 3207 oru-

165 3271 238 3312 rum
258 3245 406 3330 arteriae,
430 3244 577 3330 singulae
596 3245 630 3310 in
649 3245 779 3331 singula
797 3247 933 3333 inguina
950 3247 1063 3312 illatae
1082 3249 1123 3314 ad
1141 3247 1313 3313 interiores

164 3354 299 3420 femoris
331 3355 440 3438 partes
472 3375 573 3436 usque
605 3352 646 3416 ad
677 3373 763 3437 genu
794 3355 1039 3438 protenduntur.
1096 3355 1146 3420 Ab
1174 3360 1310 3440 utraque

164 3462 282 3526 harum
317 3463 352 3524 in
388 3459 554 3544 utriusque
590 3459 724 3524 femoris
762 3461 926 3526 musculos
959 3462 1098 3526 arteriae
1130 3462 1311 3539 finduntur;

164 3568 251 3653 quod
278 3567 437 3652 reliquum
467 3588 578 3630 earum
605 3568 668 3649 est,
696 3588 754 3650 per
782 3568 940 3651 poplitem
972 3568 1101 3633 illatum
1132 3567 1167 3632 in
1199 3591 1310 3633 omnes

164 3675 267 3740 tibiae
302 3677 412 3758 partes
449 3675 482 3736 et
512 3672 547 3738 in
582 3672 697 3756 pedem
733 3673 948 3739 distribuitur.
1002 3674 1051 3739 Ne
1089 3673 1142 3740 hic
1181 3675 1311 3759 quidem

164 3779 406 3846 distributionis
429 3778 559 3844 modurn
583 3801 747 3845 recensere
771 3803 853 3864 opus
876 3784 940 3864 est,
963 3781 1019 3845 sed
1042 3781 1123 3846 satis
1147 3785 1198 3845 est
1221 3782 1313 3846 brevi

166 3887 315 3954 oratione
338 3887 578 3952 demonstrasse
602 3909 723 3970 ornnes,
746 3911 828 3972 quae
851 3887 885 3952 in
909 3888 1043 3952 animali
1068 3891 1153 3974 sunt,
1176 3888 1313 3953 arterias

165 4017 203 4059 ex
224 4017 289 4058 uua
307 3994 365 4058 illa
383 3992 511 4076 exoriri,
529 4015 627 4076 quam
646 4014 664 4056 e
683 3993 816 4058 sinistro
836 3995 941 4060 eordis
960 3995 1138 4060 ventriculo
1158 3997 1313 4078 tauquam

164 4123 182 4164 e
210 4105 299 4165 terra
326 4103 475 4164 truncum
507 4097 666 4184 quendam
698 4101 789 4165 nasei
821 4100 993 4166 diximus·
1025 4101 1088 4166 Est
1115 4100 1214 4164 etiam
1248 4099 1314 4163 alia

163 4207 324 4292 quaedam
344 4205 472 4290 arteria,
494 4229 576 4292 quse
598 4227 636 4272 ex
655 4207 767 4272 eodem
785 4207 964 4274 ventriculo
982 4208 1137 4289 exoritur,
1159 4227 1312 4270 renosam

164 4313 290 4378 habens
313 4311 467 4397 tunicam,
490 4335 572 4396 quae
596 4313 632 4378 iu
653 4317 759 4380 totum
783 4315 970 4398 pulmonem
997 4311 1131 4377 finditur
1153 4313 1188 4376 in
1211 4312 1312 4377 omni·

164 4419 225 4484 bus
249 4417 456 4503 animalibus,
479 4419 596 4505 quibus
619 4419 731 4507 pulmo
755 4423 814 4504 est,
835 4421 953 4506 quibus
976 4421 1128 4504 nonest,
1155 4418 1190 4486 in
1213 4418 1313 4486 aliam
