3246 5148
771 295 989 361 ...38-

251 439 256 454 ’
305 459 483 524 editoribus
511 458 636 522 reddite
665 460 752 521 sunt:
786 463 865 532 ἴσως
892 457 1011 520 τοίνυν
1038 457 1162 520 κλείων
1188 446 1231 518 ἂν
1257 447 1464 534 δικαιοσύνη

305 565 410 654 ἐντῷ
434 568 557 650 μείζονι
581 557 624 628 ἂν
647 570 696 646 εἴη
721 561 807 648 (lege
831 560 935 649 ἐνείη)
963 559 1016 626 καὶ
1047 563 1129 627 ἔστι
1156 567 1372 645 καταμαθεῖν.
1424 559 1465 624 Μ

305 659 360 738 καὶ
382 678 604 755 καταμαθεϊν;
627 670 722 736 Plato
746 671 890 754 scripsit:
918 667 972 733 καλ
997 665 1044 756 ῥά
1051 693 1104 733 ων
1127 674 1349 753 καταμαθεῑνς
1375 667 1462 731 illud

306 782 375 844 ἐστι
399 779 597 843 inculcatum
621 781 669 841 est
690 777 763 841 loco
788 776 951 841 Adiectivi
974 772 1083 862 ῥᾴων,
1111 776 1197 859 quod
1220 775 1254 838 in
1278 773 1462 857 archetypo

306 886 467 968 familiae,
493 886 577 949 unde
605 884 639 948 M
669 888 701 948 et
729 883 759 946 A
791 881 951 967 originem
979 884 1112 964 ducunt,
1141 881 1295 945 excidisse
1323 881 1462 944 videtur.

307 993 341 1056 P.
362 993 426 1058 756
446 994 521 1056 ante
541 993 592 1055 fin.
614 989 770 1053 Galerium
795 990 829 1052 in
853 989 963 1054 codice
982 1013 1039 1054 suo
1059 989 1229 1054 Platonico
1252 1009 1319 1053 non
1341 988 1462 1072 legisse

309 1092 402 1180 ὥστ’,
432 1099 462 1162 εἰ
489 1094 551 1182 μὲν
578 1092 658 1160 ἄλλο
686 1119 716 1159 τι
743 1093 818 1178 περὶ
845 1093 960 1178 τέχνης
987 1092 1098 1178 λόγων
1127 1091 1236 1177 λέγοις
1267 1093 1317 1181 (M
1346 1093 1463 1178 λέγεις,

308 1206 348 1271 cf.
372 1227 469 1290 supra
492 1228 523 1288 p.
547 1202 618 1290 21),
645 1197 825 1285 ιἰκούοιμεν
848 1197 906 1282 ἄν,
930 1204 961 1266 εἰ
982 1198 1018 1266 δὲ
1042 1198 1103 1285 μή,
1130 1193 1181 1277 οἷς
1203 1203 1270 1266 νῦν
1297 1197 1344 1285 δὴ
1369 1197 1462 1284 διήλ-

308 1317 417 1395 θομεν
445 1306 645 1392 πεισόμεθα,
676 1308 730 1371 sed
758 1298 808 1383 οἷς
835 1309 900 1372 νῦν
928 1304 1112 1392 διήλθομεν
1140 1307 1237 1392 (Plat.
1265 1307 1401 1373 Phaedr.
1431 1331 1462 1392 p.

310 1415 433 1503 2731))
456 1420 596 1481 testatur
614 1414 662 1496 M,
686 1414 720 1477 in
743 1436 806 1498 quo
829 1414 910 1478 illud
939 1408 981 1498 δή
1005 1437 1071 1479 non
1093 1415 1269 1498 invenitur,
1293 1415 1378 1500 quod
1400 1437 1462 1500 pro

310 1523 536 1608 dittograpbia
578 1521 738 1605 sequentis
781 1521 928 1604 syllabae
965 1522 1136 1587 dehaberi
1175 1525 1291 1606 potest
1353 1521 1463 1589 Dicto-

311 1629 468 1714 grepbiee
499 1633 607 1692 autem
637 1627 777 1711 vestigia
804 1628 898 1711 plura
925 1628 959 1692 in
989 1628 1019 1693 A
1050 1628 1344 1714 deprehenduntur,
1374 1630 1465 1694 velut

312 1759 342 1819 p.
362 1735 426 1798 779
451 1736 545 1818 med,
569 1733 626 1798 ubi
649 1735 682 1797 in
707 1734 779 1797 Ald.
804 1738 837 1797 et
855 1734 930 1799 Bas.
954 1736 1110 1818 scriptum
1134 1737 1183 1798 est
1205 1731 1406 1818 φιλοσόφοις
1429 1729 1461 1800 d'

313 1836 389 1906 οὔτε
408 1834 439 1904 d'
461 1833 543 1904 ἄντ’
564 1842 611 1915 εἰς
628 1835 690 1922 τὴν
708 1834 856 1923 εὕρεσιν,
879 1841 964 1925 quod
985 1839 1173 1906 Cherterius
1192 1840 1298 1905 deleto
1323 1835 1354 1905 δ’
1380 1836 1463 1907 ἄντ’

314 1947 466 2030 correxit,
490 1969 520 2031 p.
546 1947 609 2010 792
633 1950 707 2029 post
730 1947 825 2030 med,
853 1948 908 2011 ubi
933 1949 1033 2012 verba
1056 1943 1100 2032 μὴ
1126 1945 1262 2012 δυνατοὶ
1288 1945 1465 2033 γενώμεθα

313 2050 565 2138 πάνταςπάντας
584 2046 631 2117 ἂν
648 2049 741 2128 τοὺς
759 2047 881 2129 αὐτοῦς
900 2048 1017 2138 αὐτῆς
1036 2048 1326 2138 ὁμολογουμένους
1344 2052 1466 2140 λόγους

313 2158 367 2224 καλ
401 2153 696 2245 ἄτηκριβωμένους
723 2153 909 2224 ἀποδοῦναι
937 2183 954 2223 e
983 2160 1149 2225 Marciano
1178 2164 1210 2224 et
1238 2184 1255 2224 e
1286 2162 1465 2228 Platonicis

314 2266 478 2332 codicibus
509 2265 605 2352 (Tim.
634 2290 666 2350 p.
696 2268 738 2331 29
754 2264 794 2350 O)
824 2267 872 2330 ita
898 2267 1100 2331 restituendo
1130 2272 1216 2350 sunt,
1245 2272 1283 2331 ut
1312 2269 1393 2333 illud
1423 2262 1467 2333 ἂν

314 2369 393 2450 τοὺς
416 2375 552 2439 eiciatur
576 2377 608 2437 et
631 2367 732 2456 αὐτῆς
750 2374 786 2436 in
805 2368 919 2449 αὑτοῖς
937 2375 988 2438 vel
1013 2372 1142 2450 ἑαυτοῖς
1164 2379 1322 2459 mutetur;
1346 2398 1376 2459 p.
1402 2377 1466 2440 794

315 2483 391 2564 post
413 2481 508 2564 med,
531 2481 587 2545 ubi
608 2502 624 2542 e
644 2480 750 2544 verbis
775 2480 821 2544 sic
845 2480 953 2544 editis:
976 2477 1117 2564 πότερον
1141 2477 1178 2544 dl
1196 2479 1251 2545 καλ
1269 2478 1306 2546 τὸ
1328 2488 1467 2566 θυμοει-

317 2584 371 2661 δὲς
394 2584 448 2649 καὶ
475 2582 512 2650 τὸ
538 2584 780 2670 ἐπιθυμητικὸν
807 2579 962 2650 ἀθάνατα
988 2584 1165 2672 τετύχηκεν
1190 2582 1286 2670 ὄντα,
1314 2585 1466 2672 καθάπερ

319 2687 478 2776 ἡγοῦνται
506 2691 623 2757 πολλοὶ
650 2694 719 2758 τῶν
742 2696 983 2776 Πλατωνικῶν,
1010 2687 1030 2778 ἢ
1058 2689 1167 2777 θνητὰ
1195 2697 1317 2780 κυρίως
1340 2703 1467 2779 εἴρηται

317 2794 399 2862 κατὰ
436 2795 577 2882 Τίμαιόν
609 2825 645 2864 τι
678 2802 844 2884 μᾶλλον,
877 2795 918 2865 οὐ
948 2798 1038 2865 πάνυ
1069 2825 1100 2864 τι
1132 2797 1296 2885 χρήσιμον
1328 2825 1356 2867 κ,
1382 2825 1409 2867 τ.
1439 2807 1466 2867 λ.

319 2906 464 2970 eiciendo
486 2910 561 2970 sunt
583 2930 614 2970 τι
637 2908 779 2992 μᾶλλον,
802 2908 922 2992 quippe
946 2930 1027 2992 quae
1051 2930 1163 2972 vocem
1191 2911 1331 2991 Τίμαιον
1354 2909 1466 2993 depra-

318 3016 395 3076 vato
416 3013 523 3078 forme
545 3017 696 3097 repetant
717 3037 821 3098 neque
839 3015 873 3078 in
894 3014 928 3078 M
950 3014 1161 3097 reperiantur.
1196 3011 1362 3099 (Ceterum
1386 3013 1468 3080 κατὰ

318 3118 388 3185 τὸν
416 3123 558 3205 Τίμαιον
580 3120 614 3184 Μ
638 3121 784 3206 praebet3
809 3120 849 3185 cf.
872 3142 970 3203 supra
993 3142 1023 3204 p.
1047 3119 1111 3206 35).

407 3227 458 3292 Ex
489 3227 637 3292 omnibus
669 3227 770 3312 igitur
796 3227 847 3291 his
876 3226 1031 3309 exemplis
1062 3229 1154 3310 patet
1181 3227 1335 3296 Aldinam
1364 3229 1468 3294 multe

320 3336 402 3400 vitiu
429 3334 608 3418 singularia
634 3334 770 3417 hebere,
797 3355 880 3417 quae
910 3355 929 3396 e
956 3332 1064 3397 codice
1093 3333 1127 3397 M
1156 3335 1287 3418 obsunt,
1318 3335 1358 3399 ad
1386 3359 1468 3421 quac

321 3465 395 3506 cum
423 3441 578 3504 accedent
604 3441 768 3524 permulto
792 3440 857 3503 eliu
886 3462 959 3503 cum
987 3439 1100 3503 codem
1131 3441 1329 3524 communia,
1356 3446 1469 3526 utpote

320 3569 403 3631 quoe
436 3568 474 3610 ex
506 3548 618 3613 eodem
649 3547 740 3614 fonte
772 3547 901 3630 impuro
933 3545 1052 3609 hausto
1085 3547 1162 3630 sint,
1193 3547 1291 3611 facile
1322 3549 1471 3632 conicite,

321 3657 443 3738 quanta
470 3655 544 3718 labe
568 3676 776 3738 conspersum
800 3655 924 3716 textum
947 3652 1006 3716 illa.
1030 3653 1207 3718 editoribus
1237 3655 1470 3738 posterioribus

321 3759 501 3825 tradiderit.
542 3760 604 3836 Qui
632 3762 659 3824 si
683 3760 845 3826 codicibus
872 3759 921 3822 usi
946 3763 1064 3843 essent,
1092 3761 1148 3844 qui
1171 3760 1250 3852 olim
1279 3764 1311 3823 et
1338 3761 1471 3846 integri-

322 3889 393 3934 ores
422 3869 508 3930 certe
532 3870 565 3929 et
591 3867 698 3950 plures
722 3870 816 3930 erant
838 3889 936 3950 quem
959 3864 1068 3949 hodie,
1096 3871 1128 3930 et
1155 3867 1331 3950 scripturas
1360 3890 1471 3932 eorum

322 3975 417 4058 plene
441 3996 480 4038 ac
502 3972 640 4037 fideliter
664 3976 862 4054 enotasscnt,
888 3971 1002 4036 Galeni
1026 3971 1116 4056 libri,
1144 3973 1321 4056 dequibus
1346 3975 1471 4057 quaeri-

324 4104 407 4164 mus,
441 4081 480 4144 ed
512 4103 570 4145 nos
604 4080 706 4143 multo
741 4080 963 4163 pervenissent
994 4079 1238 4144 emendatiores.
1295 4077 1357 4143 Sed
1388 4080 1471 4144 nihil

324 4187 440 4250 horum
477 4187 600 4252 facturn
638 4189 695 4250 est.
753 4185 839 4250 Nam
876 4186 1051 4250 editionem
1088 4185 1296 4250 Bosilccnsem
1332 4181 1390 4269 (Β)
1426 4185 1472 4249 its

326 4273 514 4358 fluxisse-cx
534 4293 654 4360 Aldina
677 4296 814 4378 constat,
841 4296 878 4357 ut
901 4293 968 4356 eius
988 4293 1127 4357 editores
1156 4315 1194 4356 ex
1222 4291 1353 4378 ingenio
1380 4293 1471 4357 nullo
