3212 5146
483 1329 701 1406 BIBAION
729 1331 951 1408 OFAOON.

236 1664 320 1750 Περὶ
352 1666 420 1730 τῶν
441 1659 679 1748 Ἱπποκράτους
711 1662 765 1730 καὶ
798 1660 980 1740 Πλάτωνος
1011 1661 1189 1749 δογμάτων
1223 1664 1357 1730 ἐπι-648

146 1772 334 1850 σκέψασθαι
353 1770 556 1856 προθέμενοι
579 1769 792 1856 πρῶτονμὲν
812 1767 1010 1854 ἐδιδάξαμεν
1028 1765 1291 1854 ἀναγκαιότατον

147 1876 308 1964 ὑπάρχειν
331 1877 461 1963 ἰατρικῇ
483 1901 517 1942 τε
544 1875 599 1942 καὶ
627 1859 827 1965 φιλοσοφίᾳ,
857 1883 920 1942 εἴτε
948 1881 1082 1954 πλείους
1104 1876 1167 1944 εἰσὶ
1190 1875 1291 1944 δυνά-

146 2010 217 2071 μεις
240 1987 278 2051 αἱ
294 1985 481 2050 διοικοῦσαι
504 1981 564 2050 τὸν
583 1980 768 2068 ἄνθρωπον
790 1991 854 2049 εἴτε
877 1987 947 2067 μία,
969 1985 1111 2068 βεβαίως
1134 1984 1291 2067 ἐξευρεῖν·

147 2093 264 2178 ἐφεξῆς
287 2089 323 2157 δὲ
348 2089 399 2158 ἐπὶ
421 2087 485 2176 τὴν
509 2088 642 2176 ζήτησιν
665 2085 777 2156 αὐτῶν
799 2088 1000 2175 τραπόμενοι
1024 2087 1105 2156 κατὰ
1128 2089 1189 2156 τὸν
1211 2085 1318 2156 ἀπο-5

147 2196 312 2265 δεικτικὸν
340 2195 447 2282 νόμον
479 2200 616 2262 ἔννοιαν
648 2191 923 2281 ὁμολογουμένην
955 2199 1082 2281 ἔφαμεν
1116 2193 1202 2262 εἶναι
1230 2198 1291 2262 τοῦ

145 2307 203 2390 τῆς
226 2307 332 2390 ψυχῆς
354 2301 556 2390 ἡγεμονικοῦ
577 2299 614 2368 τὸ
638 2293 828 2388 ιἰατάρχονΙ
854 2300 1043 2388 αἰσθήσεως
1064 2327 1098 2370 τε
1120 2301 1176 2368 καὶ
1199 2300 1358 2388 κενή-649

147 2430 230 2490 σεως
251 2414 310 2496 τῆς
333 2406 414 2476 κατὰ
437 2413 643 2495 προαίρεσιν,
667 2403 808 2487 οὐδενὸς
830 2407 914 2493 πρὸς
940 2406 980 2474 τὰ
1003 2405 1152 2494 παρόντα
1176 2409 1291 2493 διαιρέ-

147 2542 267 2604 ροντος
299 2512 318 2603 ἢ
345 2513 427 2584 κατὰ
455 2520 651 2601 προαίρεσιν
679 2509 699 2601 ἢ
733 2511 811 2581 καθ’
843 2511 952 2602 ὁρμὴν
984 2518 1097 2581 εἰπεῖν.
1147 2509 1291 2600 εὔδηλον

148 2625 196 2707 δέ,
219 2619 271 2690 ὅτι
295 2623 402 2709 ἕτεραι
425 2623 486 2710 μέν
510 2625 596 2688 εἰσιν
619 2626 657 2688 αἱ
682 2619 828 2707 κινήσεις
851 2619 1068 2689 έκτεινόντων
1093 2645 1128 2688 τε
1155 2620 1210 2687 καὶ
1234 2641 1290 2688 συ·
1307 2635 1332 2674 ¹⁰

147 2728 353 2798 στελλόντων
375 2725 414 2795 τά
437 2731 538 2813 κῶλα,
561 2725 767 2814 βαδιζόντων
788 2752 823 2794 τε
846 2727 901 2794 καὶ
923 2724 1118 2814 τρεχόντων,
1141 2725 1292 2796 ἑσταότων

156 3011 163 3032 ,
211 2941 342 3028 Ιγαληαοά
362 2941 426 3009 περὶ
445 2940 501 2994 τῶν
520 2933 711 3008 ἷπποκράιους
730 2939 778 2993 καὶ
797 2935 941 3002 πλάτανος
959 2935 1120 3010 δογμάτωνι
1145 2936 1216 3010 άργή
1242 2941 1291 2996 τοῦ

148 3017 363 3146 ογδοδάδδάγδδά
381 3011 541 3140 οδίδδῖοδδ
562 3076 682 3146 uideris
701 3099 758 3138 nos.
779 3114 811 3122 -

567 3349 569 3356 .
588 3299 687 3365 Liber
710 3303 854 3367 octavus.

238 3407 321 3474 (ium
343 3407 382 3471 de
401 3405 612 3491 Hippocratis
637 3409 670 3471 et
691 3406 838 3473 Platonis
862 3407 1000 3472 decretis
1023 3429 1177 3491 quaerere
1200 3407 1291 3472 insti-

148 3517 337 3598 tuissemus,
366 3513 507 3597 primum
534 3513 614 3578 illud
642 3513 782 3578 maxime
809 3514 1027 3579 necessarium
1056 3517 1089 3578 et
1115 3514 1293 3580 medicinae

151 3627 184 3688 et
207 3619 435 3707 philosophiae
459 3642 529 3685 esse
556 3619 738 3701 docuimus,
765 3620 916 3704 pluresne
945 3623 1054 3684 essent
1080 3642 1162 3704 quae
1190 3621 1294 3687 homi·

148 3753 223 3795 nem
246 3729 395 3814 regerent
418 3725 589 3791 facultates
609 3748 650 3790 an
673 3749 748 3810 una,
771 3727 951 3792 certissime
976 3726 1157 3812 explorare,
1180 3727 1294 3792 deinde

149 3837 189 3900 ad
211 3834 327 3900 harum
350 3855 458 3898 rerum
477 3833 763 3919 investigationem
783 3834 971 3899 aecedentes
994 3833 1142 3898 adhibita
1164 3832 1294 3899 demon·

150 3941 319 4007 strationis
338 3941 411 4025 lege
429 3937 514 4004 hanc
532 3939 652 4003 habere
670 3939 810 4005 diximus
830 3939 931 4006 animi
950 3940 1170 4024 principatum
1189 3939 1293 4005 notio·

146 4070 222 4113 nem
242 4047 284 4112 ab
302 4045 452 4112 omnibus
471 4067 668 4130 concessam,
687 4049 723 4111 ut
742 4049 836 4130 esset,
854 4047 937 4111 unde
961 4045 1054 4131 origo
1072 4045 1244 4110 exsisteret
1262 4051 1295 4110 et

149 4175 262 4220 sensus
278 4155 311 4216 et
328 4155 437 4218 motus
452 4173 490 4215 ex
508 4152 686 4236 voluntate,
703 4152 736 4216 in
757 4173 821 4236 quo
839 4151 921 4217 nihil
937 4152 978 4216 ad
998 4173 1151 4236 praesens
1167 4151 1294 4218 institu-

148 4263 219 4325 tum
234 4259 415 4339 interesset,
438 4260 547 4323 utrum
571 4281 608 4322 ex
632 4259 800 4324 voluntate
824 4281 866 4323 an
890 4279 927 4323 ex
951 4258 1150 4342 appetitione
1174 4257 1293 4323 dicere·

149 4389 230 4432 mus.
253 4363 391 4429 Constat
406 4367 514 4430 autem
529 4365 611 4430 alias
621 4387 692 4430 esse
706 4366 867 4431 motiones
882 4363 1063 4429 brachiaet
1077 4369 1293 4431 cnrraerten·

148 4471 294 4538 dentium
313 4473 347 4534 et
369 4469 641 4556 contrahentium,
663 4471 900 4538 ambulantium
919 4475 953 4535 et
975 4472 1183 4556 currentium,
1206 4475 1293 4540 stan·
