3376 5144
616 348 859 412 -799—

154 510 253 573 αἰτία
290 507 329 573 δέ
363 531 412 585 τις
448 504 568 592 άλογός
603 532 637 572 τε
665 504 719 573 καὶ
747 503 882 592 ἄτεχνος
913 504 1088 592 εἰργάσατο
1126 504 1209 572 κατὰ
1245 503 1309 591 τὴν

151 611 268 700 τύχην
300 610 386 682 οὕτω
419 613 524 681 καλὸν
556 610 674 697 αὐτόν,
713 609 759 692 ὥς
790 617 821 680 εί
856 611 909 679 καὶ
946 611 1027 692 θεὸς
1064 611 1229 680 ἐπεστάτει
1266 615 1308 700 τῇ

153 723 348 808 κατασκευῇ
382 718 574 806 σοφώτατος
605 717 672 806 ἅμα
709 720 763 786 καὶ
797 717 1037 798 δυνατώτατος.
1085 716 1168 786 ἀλλὰ
1199 719 1239 786 τά
1269 745 1307 805 γε

153 830 301 894 τοιαῦτα
335 824 497 913 ζητήματα
529 832 612 913 πρὸς
642 824 680 894 τὸ
714 829 822 904 καλῶς
853 829 958 893 οἰκεῖν
993 827 1054 894 τὸν
1091 830 1180 893 ῖὸιον
1217 823 1311 893 οἶκον

154 929 178 1020 ἢ
207 936 277 1000 τῶν
302 936 360 1019 τῆς
386 932 513 1012 πόλεως
541 931 743 1020 πραγμάτων
773 941 993 1021 προνοεῖσθαι
1025 932 1260 1020 προσηκόντως
1288 927 1337 1018 ἢῡ

155 1040 339 1126 συγγενέσι
377 1040 431 1107 καὶ
468 1046 617 1120 πολίταις
653 1041 707 1107 καὶ
745 1041 851 1122 ξένοις
887 1040 1138 1127 προσφέρεσθαι
1175 1045 1311 1118 δικαίως

154 1172 197 1214 τε
220 1148 276 1213 καὶ
299 1151 504 1226 κοινωνικῶς
529 1145 629 1216 οὐδὲν
653 1154 810 1216 συντελεῖ.
855 1147 1078 1234 παρεγένοντο
1108 1146 1144 1214 δὲ
1173 1149 1223 1214 ἐπὶ
1248 1147 1311 1234 τὴν

157 1252 300 1339 ζήτησιν
324 1250 435 1320 αὐτῶν
464 1257 548 1322 ε”νιοι
579 1258 646 1322 τῶν
671 1252 856 1341 πρακτικὸν
879 1250 1134 1340 ὑποτιθεμένων
1156 1261 1192 1321 τὸ
1217 1255 1310 1334 τέλος

160 1361 200 1425 ἐκ
222 1363 291 1426 τῶν
323 1366 489 1447 χρησίμως
522 1363 730 1447 ζητουμένων
761 1359 844 1428 κατὰ
876 1357 985 1447 βραχὺ
1016 1358 1239 1446 προελθόντες
1266 1357 1310 1439 ὦς

160 1463 218 1551 ἐφ’
245 1464 351 1554 ὅμοια.
398 1464 525 1555 οὐγὰρ
557 1467 615 1554 δή,
639 1467 748 1555 ὥσπερ
776 1468 949 1553 γεγονέναι
976 1465 1037 1533 τὸν
1065 1466 1192 1554 κόσμον
1219 1461 1239 1554 ἢ
1262 1465 1307 1555 μὴ
1325 1489 1349 1526 ¹⁰

161 1574 338 1658 γεγονέναι
355 1578 462 1658 ζητεῖν
475 1572 653 1662 άχρηστον,
668 1572 756 1642 οὕτω
770 1575 825 1641 καὶ
840 1573 913 1662 περὶ
928 1579 1089 1659 προνοίας
1106 1574 1161 1640 καὶ
1176 1577 1276 1640 θεῶν.
1301 1573 1305 1660 l

162 1678 216 1746 ὅτι
250 1679 314 1767 γὰρ
347 1685 415 1747 ἔστι
447 1707 478 1747 τι
511 1696 660 1768 κρεῖττον
683 1678 868 1768 άνθράπου
891 1678 1032 1767 δυνάμει
1060 1706 1093 1747 τε
1121 1682 1176 1748 καὶ
1205 1688 1373 1770 σοφίᾳῖῦι

163 1785 247 1854 κατὰ
269 1785 330 1853 τὸν
352 1785 496 1875 κόσμον,
525 1787 648 1856 ἅπασιν
674 1784 755 1874 ἡμῖν
783 1793 951 1874 ζητεῖσθαι
985 1788 1131 1873 βέλτιον,
1160 1785 1202 1855 οὐ
1233 1787 1311 1875 μήν,

166 1890 281 1960 ὁποῖοί
304 1894 393 1972 τινές
421 1899 483 1961 είσι
520 1893 582 1981 τὴν
615 1892 735 1963 οὐσίαν
771 1899 807 1962 οί
836 1901 929 1980 θεοί,
966 1893 1109 1982 πότερον
1145 1892 1311 1984 άσάματοι

165 1999 375 2068 παντάπασιν
391 1999 421 2087 ἤ,
445 2000 596 2090 καθάπερ
616 1999 720 2090 ἡμεῖς,
744 1999 904 2069 οὕτωκαὶ
925 1999 1021 2069 αὐτοὶ
1040 2002 1120 2088 μετὰ
1139 2003 1312 2089 σωμάτων,
1329 2021 1352 2062 ¹⁵

165 2105 351 2193 ἀναγκαῖον
379 2116 586 2177 σκοπεῖσθαι.
631 2109 685 2178 καὶ
715 2109 778 2196 γὰρ
806 2108 861 2176 καὶ
889 2111 993 2175 ταῦτα
1017 2109 1071 2176 καὶ
1100 2106 1183 2175 ἄλλα
1206 2109 1311 2177 πολλὰ

203 2313 255 2388 td
275 2316 325 2375 τὸν
344 2322 393 2389 τῆς
412 2321 441 2374 Μ
460 2315 477 2390 ἢ
497 2318 528 2375 τὸ
548 2323 597 2390 τῆς
616 2323 723 2378 ABCh.
745 2355 776 2363 —-
797 2329 812 2377 8
833 2322 993 2390 πρακτικῶν
1012 2322 1091 2376 codd.
1111 2321 1174 2377 edd.
1194 2342 1309 2389 πρακτι-

164 2389 219 2446 κὸν
237 2409 295 2448 nos.
320 2423 354 2432 —
378 2389 408 2445 τὸ
428 2410 481 2448 om.
501 2397 534 2448 K.
556 2425 587 2433 —
613 2390 812 2466 9καταβραχὺ
831 2393 868 2449 M.
892 2425 927 2434 -—
952 2401 984 2448 12
1008 2390 1061 2462 γάρ
1082 2389 1139 2448 ἔστι
1158 2395 1188 2446 τί
1204 2394 1232 2446 Μ
1255 2390 1309 2480 γάρ

165 2463 224 2518 ἔστι
243 2465 270 2518 τί
288 2463 348 2532 (sic)
364 2465 415 2516 AB
434 2459 488 2533 γάρ
507 2483 533 2517 τι
548 2465 628 2519 ChK.
648 2496 680 2505 -
701 2461 845 2538 cledonium
860 2465 1002 2520 MABCh.
1020 2497 1051 2505 -
1074 2473 1104 2520 lt
1125 2458 1207 2534 οὕτω,
1227 2467 1309 2520 αυτοὶ

165 2536 195 2588 Μ
215 2529 304 2597 οὕτως
322 2529 405 2588 αὐτοὶ
425 2535 552 2592 Asculi
571 2530 644 2591 οὕτω
664 2539 713 2590 καί
732 2534 816 2591 αάτολ
835 2553 893 2592 nos.
913 2569 946 2578 —

222 2674 286 2680 .---.-
306 2673 354 2680 --—-
363 2673 379 2680 —

166 2774 240 2817 eum
263 2755 312 2819 ita
334 2753 505 2838 pulchrum
529 2754 683 2838 effecerit,
716 2755 808 2840 quasi
841 2755 920 2819 deus
944 2760 1110 2839 praeesset
1134 2759 1313 2824 structurae

166 2860 427 2946 sapientissimus
455 2859 604 2944 idemque
632 2861 891 2944 potentissimus.
941 2861 987 2924 At
1010 2861 1197 2928 huiusmodi
1221 2887 1315 2948 quae

167 2968 292 3034 stiones
319 2967 403 3031 nihil
433 2967 603 3043 conferunt
631 2969 671 3032 ad
700 2968 830 3033 domum
862 2967 1026 3051 privatam
1059 2967 1140 3032 bene
1177 2969 1313 3034 admini-

168 3075 336 3139 strandam
361 3078 418 3138 aut
440 3075 536 3139 rebus
560 3075 714 3158 publicis,
737 3077 774 3138 ut
797 3074 900 3157 decet,
924 3073 1154 3138 consulendum
1178 3079 1236 3138 aut
1260 3075 1313 3138 ad-

120 3165 128 3180 ’
167 3203 281 3246 versus
307 3185 478 3266 cognatos,
506 3181 606 3265 cives,
634 3181 781 3264 hospites
808 3180 971 3246 iustitiam
995 3180 1188 3244 servandam
1212 3181 1312 3245 socie·

167 3291 331 3373 tatemque
360 3287 506 3351 caritatis
535 3310 607 3351 cum
635 3287 675 3351 iis
705 3288 892 3353 coeundam.
938 3285 999 3352 Sed
1022 3286 1169 3352 nonnulli
1197 3309 1234 3350 ex
1263 3287 1313 3370 iis,

169 3395 222 3478 qui
256 3394 296 3458 ad
328 3416 421 3458 usum
446 3394 534 3458 vitae
558 3394 667 3458 omnia
699 3394 812 3459 referri
847 3394 1013 3478 volebant,
1046 3394 1087 3458 ab
1119 3393 1199 3476 illis,
1231 3415 1313 3478 quae

168 3501 293 3566 utiliter
316 3503 522 3586 quaeruntur,
547 3500 586 3564 ad
610 3499 690 3564 haec
715 3501 835 3565 sensim
854 3505 1021 3585 tamquam
1045 3498 1167 3564 similia
1189 3498 1314 3584 delapsi

170 3612 251 3673 sunt.
296 3607 373 3673 Non
404 3609 503 3691 enim,
534 3607 817 3702 quemadmodum,
850 3608 1020 3692 genitusne
1044 3607 1088 3672 sit
1109 3606 1248 3670 muudus
1272 3629 1314 3670 an

169 3737 234 3780 non
271 3714 415 3799 genitus,
452 3736 605 3798 quaerere
642 3737 706 3778 non
745 3717 795 3778 est
830 3735 977 3791 necesse,
1014 3715 1061 3778 itu
1089 3713 1200 3778 eadem
1229 3713 1313 3779 ratio

99 3803 101 3810 ,
170 3821 369 3905 quaestionis
398 3821 437 3885 de
461 3820 665 3904 providentia
697 3843 734 3884 ac
759 3820 820 3886 diis
851 3825 909 3884 est.
965 3820 1044 3884 Esse
1072 3820 1157 3884 enirn
1191 3819 1313 3904 aliquid

169 3927 299 3994 homine
322 3931 543 4012 praestantius
573 3927 721 4010 potentia
744 3931 776 3991 et
801 3927 921 3992 virtute
951 3928 1063 4012 quaeri
1086 3949 1106 3990 a
1127 3927 1223 3993 nobis
1248 3949 1312 3992 om-

169 4034 262 4099 uibus
286 4033 399 4099 utilius
429 4038 490 4120 θείη
519 4034 631 4118 quales
663 4039 773 4098 tamen
801 4037 918 4098 natura
946 4035 1014 4098 sint
1042 4034 1099 4117 dii,
1130 4035 1239 4096 utrum
1267 4031 1312 4096 in-

170 4141 354 4225 corporales
384 4141 514 4206 omnino
544 4163 598 4224 an,
632 4143 668 4203 ut
696 4163 769 4224 nos,
801 4140 849 4203 ita
877 4140 939 4222 ipsi
969 4161 1094 4225 quoque
1124 4139 1313 4222 corporibus

169 4247 319 4332 praediti,
343 4247 547 4313 considerare
571 4270 637 4312 non
662 4270 743 4332 opus
772 4251 830 4310 est.
875 4245 962 4334 Npm
986 4251 1019 4311 et
1047 4245 1126 4316 haec
1150 4250 1183 4309 et
1209 4246 1312 4309 multa

170 4355 235 4420 alia
262 4377 395 4440 prorsus
424 4355 555 4420 inutilia
583 4359 658 4419 sunt
686 4354 725 4418 ad
749 4375 815 4434 ess,
850 4374 932 4437 quae
966 4352 1103 4417 morales
1137 4351 1313 4437 civilesque
