<?xml version="1.0" encoding="UTF-8"?>
<!DOCTYPE html PUBLIC "-//W3C//DTD XHTML 1.0 Transitional//EN"
    "http://www.w3.org/TR/xhtml1/DTD/xhtml1-transitional.dtd">
<html xmlns="http://www.w3.org/1999/xhtml" xml:lang="en" lang="en">
 <head>
  <title>
</title>
<meta http-equiv="Content-Type" content="text/html;charset=utf-8" />
  <meta name='ocr-system' content='tesseract 3.04.00' />
  <meta name='ocr-capabilities' content='ocr_page ocr_carea ocr_par ocr_line ocrx_word'/>
</head>
<body>
  <div class='ocr_page' id='page_1' title='image "./claudiigalenide02mlgoog/claudiigalenide02mlgoog_0102.png"; bbox 0 0 3228 5148; ppageno 0'>
   <div class='ocr_carea' id='block_1_1' title="bbox 604 435 825 502">
    <p class='ocr_par' dir='ltr' id='par_1_1' title="bbox 604 435 825 502">
     <span class='ocr_line' id='line_1_1' title="bbox 604 435 825 502; baseline 0.018 -20"><span class='ocrx_word' id='word_1_1' title='bbox 604 435 825 502; x_wconf 71' lang='grc'>-85-</span> 
     </span>
    </p>
   </div>
   <div class='ocr_carea' id='block_1_2' title="bbox 117 595 1285 4522">
    <p class='ocr_par' dir='ltr' id='par_1_2' title="bbox 117 595 1285 4522">
     <span class='ocr_line' id='line_1_2' title="bbox 129 595 1284 687; baseline 0.009 -29"><span class='ocrx_word' id='word_1_2' title='bbox 129 599 340 660; x_wconf 73' lang='grc' dir='ltr'><strong><em>οοοιιετοτιιιιί</em></strong></span> <span class='ocrx_word' id='word_1_3' title='bbox 371 616 430 660; x_wconf 89' lang='lat' dir='ltr'><strong>nec</strong></span> <span class='ocrx_word' id='word_1_4' title='bbox 463 595 574 661; x_wconf 79' lang='lat' dir='ltr'><strong>omnin</strong></span> <span class='ocrx_word' id='word_1_5' title='bbox 606 597 647 660; x_wconf 80' lang='lat' dir='ltr'><strong>ab</strong></span> <span class='ocrx_word' id='word_1_6' title='bbox 681 597 859 662; x_wconf 67' lang='lat' dir='ltr'>editoribus</span> <span class='ocrx_word' id='word_1_7' title='bbox 898 598 1068 664; x_wconf 82' lang='lat' dir='ltr'><strong>emendata</strong></span> <span class='ocrx_word' id='word_1_8' title='bbox 1103 605 1192 686; x_wconf 84' lang='lat' dir='ltr'><strong>sunt,</strong></span> <span class='ocrx_word' id='word_1_9' title='bbox 1229 602 1284 687; x_wconf 91' lang='lat' dir='ltr'><strong>qui</strong></span> 
     </span>
     <span class='ocr_line' id='line_1_3' title="bbox 129 689 1285 793; baseline 0.005 -27"><span class='ocrx_word' id='word_1_10' title='bbox 129 723 206 766; x_wconf 88' lang='lat' dir='ltr'><strong>cum</strong></span> <span class='ocrx_word' id='word_1_11' title='bbox 229 724 260 787; x_wconf 91' lang='lat' dir='ltr'><strong>p.</strong></span> <span class='ocrx_word' id='word_1_12' title='bbox 284 702 347 766; x_wconf 88' lang='grc'><strong>377</strong></span> <span class='ocrx_word' id='word_1_13' title='bbox 373 700 454 766; x_wconf 90' lang='lat' dir='ltr'><strong>med.</strong></span> <span class='ocrx_word' id='word_1_14' title='bbox 478 698 652 788; x_wconf 78' lang='grc' dir='ltr'><strong><em>(Στωικοὶ)</em></strong></span> <span class='ocrx_word' id='word_1_15' title='bbox 677 697 718 770; x_wconf 87' lang='grc' dir='ltr'><strong>οὐ</strong></span> <span class='ocrx_word' id='word_1_16' title='bbox 740 699 798 781; x_wconf 84' lang='grc' dir='ltr'><strong><em>τάς</em></strong></span> <span class='ocrx_word' id='word_1_17' title='bbox 826 689 1076 790; x_wconf 75' lang='grc' dir='ltr'><strong><em>κρίσειςάὐτδις</em></strong></span> <span class='ocrx_word' id='word_1_18' title='bbox 1098 707 1156 792; x_wconf 79' lang='grc' dir='ltr'><strong><em>τῆς</em></strong></span> <span class='ocrx_word' id='word_1_19' title='bbox 1178 708 1285 793; x_wconf 75' lang='grc' dir='ltr'><strong><em>ψυχῆς</em></strong></span> 
     </span>
     <span class='ocr_line' id='line_1_4' title="bbox 128 802 1285 896; baseline 0.006 -24"><span class='ocrx_word' id='word_1_20' title='bbox 128 802 215 873; x_wconf 77' lang='grc' dir='ltr'><strong><em>ἀλλὰ</em></strong></span> <span class='ocrx_word' id='word_1_21' title='bbox 241 805 323 890; x_wconf 82' lang='grc' dir='ltr'><strong><em>[καλ,</em></strong></span> <span class='ocrx_word' id='word_1_22' title='bbox 347 807 409 873; x_wconf 90' lang='lat' dir='ltr'><strong>hoc</strong></span> <span class='ocrx_word' id='word_1_23' title='bbox 433 809 659 894; x_wconf 70' lang='lat' dir='ltr'><strong>expunximuS,</strong></span> <span class='ocrx_word' id='word_1_24' title='bbox 683 810 722 874; x_wconf 88' lang='lat' dir='ltr'><strong>cf.</strong></span> <span class='ocrx_word' id='word_1_25' title='bbox 742 833 841 896; x_wconf 84' lang='lat' dir='ltr'><strong>supra</strong></span> <span class='ocrx_word' id='word_1_26' title='bbox 863 835 894 896; x_wconf 91' lang='lat' dir='ltr'><strong>p.</strong></span> <span class='ocrx_word' id='word_1_27' title='bbox 914 813 969 894; x_wconf 85' lang='lat'><strong>24]</strong></span> <span class='ocrx_word' id='word_1_28' title='bbox 994 808 1053 888; x_wconf 80' lang='grc' dir='ltr'><strong><em>τὰς</em></strong></span> <span class='ocrx_word' id='word_1_29' title='bbox 1074 810 1126 878; x_wconf 78' lang='grc' dir='ltr'><strong>ἐπὶ</strong></span> <span class='ocrx_word' id='word_1_30' title='bbox 1149 810 1285 891; x_wconf 79' lang='grc' dir='ltr'><strong><em>ταύταις</em></strong></span> 
     </span>
     <span class='ocr_line' id='line_1_5' title="bbox 128 909 1283 1005; baseline 0.005 -27"><span class='ocrx_word' id='word_1_31' title='bbox 128 909 276 998; x_wconf 77' lang='grc' dir='ltr'><strong><em>ἀλόγους</em></strong></span> <span class='ocrx_word' id='word_1_32' title='bbox 303 911 466 992; x_wconf 84' lang='grc' dir='ltr'><strong><em>συστολὰς</em></strong></span> <span class='ocrx_word' id='word_1_33' title='bbox 493 914 547 980; x_wconf 78' lang='grc' dir='ltr'><strong>καὶ</strong></span> <span class='ocrx_word' id='word_1_34' title='bbox 575 911 789 994; x_wconf 76' lang='grc' dir='ltr'><strong><em>ταπεινώσας</em></strong></span> <span class='ocrx_word' id='word_1_35' title='bbox 816 915 870 982; x_wconf 79' lang='grc' dir='ltr'><strong>καὶ</strong></span> <span class='ocrx_word' id='word_1_36' title='bbox 899 918 1043 996; x_wconf 78' lang='grc' dir='ltr'><strong><em>δείξεις</em></strong></span> <span class='ocrx_word' id='word_1_37' title='bbox 1070 957 1114 966; x_wconf 93' lang='lat'><strong>—-</strong></span> <span class='ocrx_word' id='word_1_38' title='bbox 1137 913 1283 1005; x_wconf 84' lang='grc' dir='ltr'><strong><em>ὑπολαμ-</em></strong></span> 
     </span>
     <span class='ocr_line' id='line_1_6' title="bbox 128 1017 1284 1110; baseline 0.006 -25"><span class='ocrx_word' id='word_1_39' title='bbox 128 1018 296 1104; x_wconf 86' lang='grc' dir='ltr'><strong><em>βάνουσιν</em></strong></span> <span class='ocrx_word' id='word_1_40' title='bbox 326 1017 411 1086; x_wconf 77' lang='grc' dir='ltr'><strong><em>εἶναι</em></strong></span> <span class='ocrx_word' id='word_1_41' title='bbox 441 1017 481 1086; x_wconf 82' lang='grc' dir='ltr'><strong>τά</strong></span> <span class='ocrx_word' id='word_1_42' title='bbox 510 1022 569 1106; x_wconf 83' lang='grc' dir='ltr'><strong><em>τῆς</em></strong></span> <span class='ocrx_word' id='word_1_43' title='bbox 596 1024 703 1107; x_wconf 75' lang='grc' dir='ltr'><strong><em>ψυχῆς</em></strong></span> <span class='ocrx_word' id='word_1_44' title='bbox 730 1020 823 1109; x_wconf 88' lang='grc' dir='ltr'><strong><em>πάθη</em></strong></span> <span class='ocrx_word' id='word_1_45' title='bbox 852 1025 1034 1110; x_wconf 83' lang='lat' dir='ltr'><strong>ediderunt,</strong></span> <span class='ocrx_word' id='word_1_46' title='bbox 1061 1027 1139 1110; x_wconf 92' lang='lat' dir='ltr'><strong>quid</strong></span> <span class='ocrx_word' id='word_1_47' title='bbox 1166 1025 1284 1106; x_wconf 86' lang='grc' dir='ltr'><strong><em>δείξεις</em></strong></span> 
     </span>
     <span class='ocr_line' id='line_1_7' title="bbox 129 1127 1284 1216; baseline 0.006 -25"><span class='ocrx_word' id='word_1_48' title='bbox 129 1129 195 1192; x_wconf 80' lang='lat' dir='ltr'><strong>sibi</strong></span> <span class='ocrx_word' id='word_1_49' title='bbox 219 1128 330 1212; x_wconf 81' lang='lat' dir='ltr'><strong>vellet,</strong></span> <span class='ocrx_word' id='word_1_50' title='bbox 358 1151 473 1212; x_wconf 84' lang='lat' dir='ltr'><strong>parum</strong></span> <span class='ocrx_word' id='word_1_51' title='bbox 502 1135 709 1216; x_wconf 77' lang='lat' dir='ltr'><strong>curaycrunt3</strong></span> <span class='ocrx_word' id='word_1_52' title='bbox 738 1127 871 1215; x_wconf 84' lang='grc' dir='ltr'><strong><em>δήξεις</em></strong></span> <span class='ocrx_word' id='word_1_53' title='bbox 899 1136 984 1198; x_wconf 85' lang='lat' dir='ltr'><strong>recte</strong></span> <span class='ocrx_word' id='word_1_54' title='bbox 1013 1133 1151 1198; x_wconf 87' lang='lat' dir='ltr'><strong>coniecit</strong></span> <span class='ocrx_word' id='word_1_55' title='bbox 1179 1132 1284 1198; x_wconf 86' lang='lat' dir='ltr'><strong>Zeller</strong></span> 
     </span>
     <span class='ocr_line' id='line_1_8' title="bbox 127 1231 1282 1326; baseline 0.006 -27"><span class='ocrx_word' id='word_1_56' title='bbox 127 1231 266 1320; x_wconf 88' lang='lat' dir='ltr'><strong>(Philos.</strong></span> <span class='ocrx_word' id='word_1_57' title='bbox 289 1236 318 1299; x_wconf 93' lang='lat' dir='ltr'><strong>d.</strong></span> <span class='ocrx_word' id='word_1_58' title='bbox 347 1233 506 1300; x_wconf 87' lang='lat' dir='ltr'><strong>Griechen</strong></span> <span class='ocrx_word' id='word_1_59' title='bbox 529 1233 605 1320; x_wconf 80' lang='lat'>111²,</span> <span class='ocrx_word' id='word_1_60' title='bbox 637 1237 668 1319; x_wconf 89' lang='lat'><strong>1,</strong></span> <span class='ocrx_word' id='word_1_61' title='bbox 691 1235 780 1324; x_wconf 80' lang='lat'>209).</span> <span class='ocrx_word' id='word_1_62' title='bbox 816 1237 920 1302; x_wconf 88' lang='lat' dir='ltr'><strong>Iidem</strong></span> <span class='ocrx_word' id='word_1_63' title='bbox 943 1263 973 1323; x_wconf 93' lang='lat' dir='ltr'><strong>p.</strong></span> <span class='ocrx_word' id='word_1_64' title='bbox 997 1239 1062 1304; x_wconf 83' lang='lat'><strong>550</strong></span> <span class='ocrx_word' id='word_1_65' title='bbox 1086 1242 1165 1304; x_wconf 84' lang='lat' dir='ltr'><strong>extr.</strong></span> <span class='ocrx_word' id='word_1_66' title='bbox 1188 1239 1282 1326; x_wconf 81' lang='grc' dir='ltr'><strong><em>φέρε-</em></strong></span> 
     </span>
     <span class='ocr_line' id='line_1_9' title="bbox 127 1335 1282 1429; baseline 0.003 -23"><span class='ocrx_word' id='word_1_67' title='bbox 127 1349 211 1406; x_wconf 87' lang='grc' dir='ltr'><strong><em>σθαι</em></strong></span> <span class='ocrx_word' id='word_1_68' title='bbox 236 1335 267 1406; x_wconf 85' lang='grc' dir='ltr'><strong>δ’</strong></span> <span class='ocrx_word' id='word_1_69' title='bbox 299 1339 458 1406; x_wconf 80' lang='grc' dir='ltr'><strong><em>ἐντεῦθεν</em></strong></span> <span class='ocrx_word' id='word_1_70' title='bbox 481 1343 527 1418; x_wconf 87' lang='grc' dir='ltr'><strong>είς</strong></span> <span class='ocrx_word' id='word_1_71' title='bbox 548 1338 611 1426; x_wconf 79' lang='grc' dir='ltr'><strong>τὴν</strong></span> <span class='ocrx_word' id='word_1_72' title='bbox 639 1344 782 1427; x_wconf 80' lang='grc' dir='ltr'><strong><em>καρδίαν</em></strong></span> <span class='ocrx_word' id='word_1_73' title='bbox 804 1339 1101 1429; x_wconf 77' lang='grc' dir='ltr'><strong><em>ἀποληψόμενον</em></strong></span> <span class='ocrx_word' id='word_1_74' title='bbox 1133 1344 1282 1412; x_wconf 82' lang='grc' dir='ltr'><strong><em>ἐνταῦθα</em></strong></span> 
     </span>
     <span class='ocr_line' id='line_1_10' title="bbox 126 1443 1281 1536; baseline 0.004 -22"><span class='ocrx_word' id='word_1_75' title='bbox 126 1443 164 1514; x_wconf 84' lang='grc' dir='ltr'><strong>τό</strong></span> <span class='ocrx_word' id='word_1_76' title='bbox 190 1453 307 1512; x_wconf 82' lang='grc' dir='ltr'><strong><em>λεῖπον</em></strong></span> <span class='ocrx_word' id='word_1_77' title='bbox 329 1449 387 1533; x_wconf 79' lang='grc' dir='ltr'><strong><em>τῆς</em></strong></span> <span class='ocrx_word' id='word_1_78' title='bbox 410 1451 533 1524; x_wconf 83' lang='grc' dir='ltr'><strong><em>οἰκείας</em></strong></span> <span class='ocrx_word' id='word_1_79' title='bbox 557 1447 648 1525; x_wconf 78' lang='grc' dir='ltr'><strong><em>ίδὲας</em></strong></span> <span class='ocrx_word' id='word_1_80' title='bbox 670 1451 717 1526; x_wconf 86' lang='grc' dir='ltr'><strong>είς</strong></span> <span class='ocrx_word' id='word_1_81' title='bbox 741 1444 860 1534; x_wconf 80' lang='grc' dir='ltr'><strong><em>ἀκριβῆ</em></strong></span> <span class='ocrx_word' id='word_1_82' title='bbox 883 1448 1084 1536; x_wconf 80' lang='grc' dir='ltr'><strong><em>τελειότητα,</em></strong></span> <span class='ocrx_word' id='word_1_83' title='bbox 1111 1476 1177 1519; x_wconf 91' lang='lat' dir='ltr'><strong>non</strong></span> <span class='ocrx_word' id='word_1_84' title='bbox 1201 1448 1281 1518; x_wconf 88' lang='grc' dir='ltr'><strong><em>άπο-</em></strong></span> 
     </span>
     <span class='ocr_line' id='line_1_11' title="bbox 126 1553 1280 1638; baseline 0.003 -18"><span class='ocrx_word' id='word_1_85' title='bbox 126 1553 330 1638; x_wconf 64' lang='grc' dir='ltr'><strong><em>λειβόμενον</em></strong></span> <span class='ocrx_word' id='word_1_86' title='bbox 352 1555 444 1619; x_wconf 88' lang='lat' dir='ltr'><strong>edere</strong></span> <span class='ocrx_word' id='word_1_87' title='bbox 468 1554 656 1620; x_wconf 88' lang='lat' dir='ltr'><strong>debuerunt.</strong></span> <span class='ocrx_word' id='word_1_88' title='bbox 702 1557 882 1622; x_wconf 84' lang='lat' dir='ltr'><strong>Plurimum</strong></span> <span class='ocrx_word' id='word_1_89' title='bbox 906 1561 1016 1623; x_wconf 84' lang='lat' dir='ltr'><strong>autem</strong></span> <span class='ocrx_word' id='word_1_90' title='bbox 1041 1559 1076 1622; x_wconf 88' lang='lat' dir='ltr'><strong>in</strong></span> <span class='ocrx_word' id='word_1_91' title='bbox 1099 1560 1186 1624; x_wconf 85' lang='lat' dir='ltr'><strong>exitu</strong></span> <span class='ocrx_word' id='word_1_92' title='bbox 1210 1583 1280 1624; x_wconf 83' lang='lat' dir='ltr'><strong>rer·</strong></span> 
     </span>
     <span class='ocr_line' id='line_1_12' title="bbox 126 1661 1280 1750; baseline 0.004 -24"><span class='ocrx_word' id='word_1_93' title='bbox 126 1664 245 1728; x_wconf 89' lang='lat' dir='ltr'><strong>borum</strong></span> <span class='ocrx_word' id='word_1_94' title='bbox 267 1686 288 1748; x_wconf 85' lang='grc' dir='ltr'><strong><em>η</em></strong></span> <span class='ocrx_word' id='word_1_95' title='bbox 313 1665 346 1726; x_wconf 85' lang='lat' dir='ltr'><strong>ct</strong></span> <span class='ocrx_word' id='word_1_96' title='bbox 368 1683 396 1725; x_wconf 90' lang='grc' dir='ltr'><strong>ει</strong></span> <span class='ocrx_word' id='word_1_97' title='bbox 420 1685 439 1726; x_wconf 84' lang='grc' dir='ltr'><strong>ει</strong></span> <span class='ocrx_word' id='word_1_98' title='bbox 463 1661 606 1726; x_wconf 87' lang='lat' dir='ltr'><strong>librariis</strong></span> <span class='ocrx_word' id='word_1_99' title='bbox 630 1661 711 1727; x_wconf 83' lang='lat' dir='ltr'><strong>haec</strong></span> <span class='ocrx_word' id='word_1_100' title='bbox 734 1664 1005 1730; x_wconf 83' lang='lat' dir='ltr'><strong>confimdcntibus</strong></span> <span class='ocrx_word' id='word_1_101' title='bbox 1029 1668 1197 1749; x_wconf 78' lang='lat' dir='ltr'><strong>peccatum</strong></span> <span class='ocrx_word' id='word_1_102' title='bbox 1222 1670 1280 1750; x_wconf 87' lang='lat' dir='ltr'><strong>est,</strong></span> 
     </span>
     <span class='ocr_line' id='line_1_13' title="bbox 126 1767 1279 1854; baseline 0.003 -20"><span class='ocrx_word' id='word_1_103' title='bbox 126 1771 168 1834; x_wconf 85' lang='lat' dir='ltr'><strong>ad</strong></span> <span class='ocrx_word' id='word_1_104' title='bbox 198 1769 283 1854; x_wconf 89' lang='lat' dir='ltr'><strong>quod</strong></span> <span class='ocrx_word' id='word_1_105' title='bbox 312 1791 384 1832; x_wconf 90' lang='lat' dir='ltr'><strong>curn</strong></span> <span class='ocrx_word' id='word_1_106' title='bbox 413 1767 552 1832; x_wconf 86' lang='lat' dir='ltr'><strong>editores</strong></span> <span class='ocrx_word' id='word_1_107' title='bbox 581 1791 647 1834; x_wconf 88' lang='lat' dir='ltr'><strong>non</strong></span> <span class='ocrx_word' id='word_1_108' title='bbox 675 1770 755 1834; x_wconf 82' lang='lat' dir='ltr'><strong>sctis</strong></span> <span class='ocrx_word' id='word_1_109' title='bbox 785 1770 1104 1854; x_wconf 72' lang='lat' dir='ltr'><strong>animadvertissent,</strong></span> <span class='ocrx_word' id='word_1_110' title='bbox 1136 1769 1279 1837; x_wconf 82' lang='lat' dir='ltr'><strong>Galenus</strong></span> 
     </span>
     <span class='ocr_line' id='line_1_14' title="bbox 126 1875 1279 1962; baseline 0.003 -22"><span class='ocrx_word' id='word_1_111' title='bbox 126 1877 338 1942; x_wconf 81' lang='lat' dir='ltr'><strong>soloecismos</strong></span> <span class='ocrx_word' id='word_1_112' title='bbox 361 1897 425 1940; x_wconf 88' lang='lat' dir='ltr'><strong>non</strong></span> <span class='ocrx_word' id='word_1_113' title='bbox 449 1897 569 1957; x_wconf 84' lang='lat' dir='ltr'><strong>paucos</strong></span> <span class='ocrx_word' id='word_1_114' title='bbox 594 1875 765 1940; x_wconf 81' lang='lat' dir='ltr'><strong>admisisse</strong></span> <span class='ocrx_word' id='word_1_115' title='bbox 788 1877 923 1941; x_wconf 85' lang='lat' dir='ltr'><strong>videtur.</strong></span> <span class='ocrx_word' id='word_1_116' title='bbox 975 1877 1028 1942; x_wconf 86' lang='lat' dir='ltr'><strong>An</strong></span> <span class='ocrx_word' id='word_1_117' title='bbox 1054 1901 1085 1962; x_wconf 89' lang='lat' dir='ltr'><strong>p.</strong></span> <span class='ocrx_word' id='word_1_118' title='bbox 1109 1877 1173 1942; x_wconf 81' lang='grc'><strong>233</strong></span> <span class='ocrx_word' id='word_1_119' title='bbox 1200 1882 1279 1944; x_wconf 85' lang='lat' dir='ltr'><strong>extr.</strong></span> 
     </span>
     <span class='ocr_line' id='line_1_15' title="bbox 126 1975 1279 2068; baseline 0.002 -21"><span class='ocrx_word' id='word_1_120' title='bbox 126 1976 191 2047; x_wconf 74' lang='grc' dir='ltr'><strong>κᾶν</strong></span> <span class='ocrx_word' id='word_1_121' title='bbox 212 1978 296 2066; x_wconf 82' lang='grc' dir='ltr'><strong><em>αὕτη</em></strong></span> <span class='ocrx_word' id='word_1_122' title='bbox 320 1977 381 2066; x_wconf 72' lang='grc' dir='ltr'><strong>μὲν</strong></span> <span class='ocrx_word' id='word_1_123' title='bbox 404 1975 535 2064; x_wconf 80' lang='grc' dir='ltr'><strong><em>ἀπάγει</em></strong></span> <span class='ocrx_word' id='word_1_124' title='bbox 559 1976 645 2065; x_wconf 84' lang='grc' dir='ltr'><strong>-ἡ</strong></span> <span class='ocrx_word' id='word_1_125' title='bbox 670 1978 707 2046; x_wconf 67' lang='grc' dir='ltr'><strong>δὲ</strong></span> <span class='ocrx_word' id='word_1_126' title='bbox 730 1986 802 2048; x_wconf 88' lang='grc' dir='ltr'><strong><em>λεία</em></strong></span> <span class='ocrx_word' id='word_1_127' title='bbox 824 2005 858 2048; x_wconf 88' lang='grc' dir='ltr'><strong>τε</strong></span> <span class='ocrx_word' id='word_1_128' title='bbox 882 1981 937 2047; x_wconf 81' lang='grc' dir='ltr'><strong>καλ</strong></span> <span class='ocrx_word' id='word_1_129' title='bbox 960 1985 1097 2068; x_wconf 82' lang='grc' dir='ltr'><strong><em>βραχεῖα</em></strong></span> <span class='ocrx_word' id='word_1_130' title='bbox 1123 1981 1279 2068; x_wconf 77' lang='grc' dir='ltr'><strong><em>σφάλλει</em></strong></span> 
     </span>
     <span class='ocr_line' id='line_1_16' title="bbox 125 2083 1278 2175; baseline 0.001 -20"><span class='ocrx_word' id='word_1_131' title='bbox 125 2085 311 2174; x_wconf 79' lang='grc' dir='ltr'><strong><em>τάληθοῦς,</em></strong></span> <span class='ocrx_word' id='word_1_132' title='bbox 339 2111 369 2172; x_wconf 88' lang='lat' dir='ltr'><strong>p.</strong></span> <span class='ocrx_word' id='word_1_133' title='bbox 397 2089 462 2154; x_wconf 86' lang='grc'><strong>368</strong></span> <span class='ocrx_word' id='word_1_134' title='bbox 490 2092 566 2172; x_wconf 84' lang='lat' dir='ltr'><strong>post</strong></span> <span class='ocrx_word' id='word_1_135' title='bbox 592 2089 662 2152; x_wconf 89' lang='lat' dir='ltr'><strong>init.</strong></span> <span class='ocrx_word' id='word_1_136' title='bbox 690 2083 773 2154; x_wconf 80' lang='grc' dir='ltr'><strong><em>ἀλλὰ</em></strong></span> <span class='ocrx_word' id='word_1_137' title='bbox 801 2083 964 2154; x_wconf 77' lang='grc' dir='ltr'><strong><em>κάπειδὰν</em></strong></span> <span class='ocrx_word' id='word_1_138' title='bbox 987 2123 1027 2135; x_wconf 43' lang='grc' dir='ltr'>ε</span> <span class='ocrx_word' id='word_1_139' title='bbox 1053 2086 1181 2175; x_wconf 86' lang='grc' dir='ltr'><strong><em>φάσκη,</em></strong></span> <span class='ocrx_word' id='word_1_140' title='bbox 1208 2086 1278 2156; x_wconf 84' lang='grc' dir='ltr'><strong><em>εἶτα</em></strong></span> 
     </span>
     <span class='ocr_line' id='line_1_17' title="bbox 126 2188 1277 2281; baseline 0.001 -19"><span class='ocrx_word' id='word_1_141' title='bbox 126 2235 170 2244; x_wconf 87' lang='grc'><strong><em>-</em></strong></span> <span class='ocrx_word' id='word_1_142' title='bbox 193 2193 317 2280; x_wconf 80' lang='grc' dir='ltr'><strong><em>φάσκει</em></strong></span> <span class='ocrx_word' id='word_1_143' title='bbox 337 2233 378 2242; x_wconf 90' lang='grc'>-</span> <span class='ocrx_word' id='word_1_144' title='bbox 398 2191 585 2279; x_wconf 86' lang='grc' dir='ltr'><strong><em>λαμβάνει,</em></strong></span> <span class='ocrx_word' id='word_1_145' title='bbox 608 2217 638 2278; x_wconf 92' lang='lat' dir='ltr'><strong>p.</strong></span> <span class='ocrx_word' id='word_1_146' title='bbox 658 2195 723 2262; x_wconf 88' lang='grc'><strong>565</strong></span> <span class='ocrx_word' id='word_1_147' title='bbox 743 2201 820 2261; x_wconf 86' lang='lat' dir='ltr'><strong>extr.</strong></span> <span class='ocrx_word' id='word_1_148' title='bbox 840 2188 904 2261; x_wconf 82' lang='grc' dir='ltr'><strong>κάν</strong></span> <span class='ocrx_word' id='word_1_149' title='bbox 922 2233 963 2242; x_wconf 90' lang='lat'><strong>-—</strong></span> <span class='ocrx_word' id='word_1_150' title='bbox 984 2190 1138 2280; x_wconf 79' lang='grc' dir='ltr'><strong><em>ὑπάρχει,</em></strong></span> <span class='ocrx_word' id='word_1_151' title='bbox 1161 2219 1192 2281; x_wconf 93' lang='lat' dir='ltr'><strong>p.</strong></span> <span class='ocrx_word' id='word_1_152' title='bbox 1211 2199 1277 2263; x_wconf 82' lang='grc'><strong>572</strong></span> 
     </span>
     <span class='ocr_line' id='line_1_18' title="bbox 125 2287 1277 2388; baseline 0 -20"><span class='ocrx_word' id='word_1_153' title='bbox 125 2305 196 2369; x_wconf 87' lang='lat' dir='ltr'><strong>init.</strong></span> <span class='ocrx_word' id='word_1_154' title='bbox 220 2297 266 2368; x_wconf 79' lang='grc' dir='ltr'><strong>ἵν’</strong></span> <span class='ocrx_word' id='word_1_155' title='bbox 293 2301 328 2368; x_wconf 79' lang='grc' dir='ltr'><strong>ἐκ</strong></span> <span class='ocrx_word' id='word_1_156' title='bbox 351 2298 413 2386; x_wconf 71' lang='grc' dir='ltr'><strong>μὲν</strong></span> <span class='ocrx_word' id='word_1_157' title='bbox 435 2303 493 2386; x_wconf 82' lang='grc' dir='ltr'><strong><em>τῆς</em></strong></span> <span class='ocrx_word' id='word_1_158' title='bbox 515 2296 671 2385; x_wconf 78' lang='grc' dir='ltr'><strong><em>τοιαύτης</em></strong></span> <span class='ocrx_word' id='word_1_159' title='bbox 693 2287 854 2386; x_wconf 80' lang='grc' dir='ltr'><strong><em>κινήσεώς</em></strong></span> <span class='ocrx_word' id='word_1_160' title='bbox 872 2297 892 2386; x_wconf 82' lang='grc' dir='ltr'>ἡ</span> <span class='ocrx_word' id='word_1_161' title='bbox 912 2306 1093 2387; x_wconf 90' lang='grc' dir='ltr'><strong><em>σνμμετριά</em></strong></span> <span class='ocrx_word' id='word_1_162' title='bbox 1113 2299 1277 2388; x_wconf 87' lang='grc' dir='ltr'><strong><em>φυλάττη-</em></strong></span> 
     </span>
     <span class='ocr_line' id='line_1_19' title="bbox 124 2403 1276 2494; baseline 0.002 -20"><span class='ocrx_word' id='word_1_163' title='bbox 124 2435 177 2474; x_wconf 84' lang='grc' dir='ltr'><strong>ται</strong></span> <span class='ocrx_word' id='word_1_164' title='bbox 203 2449 262 2492; x_wconf 93' lang='grc'><strong>-,</strong></span> <span class='ocrx_word' id='word_1_165' title='bbox 286 2403 305 2494; x_wconf 85' lang='grc' dir='ltr'><strong><em>ἡ</em></strong></span> <span class='ocrx_word' id='word_1_166' title='bbox 330 2405 513 2493; x_wconf 88' lang='grc' dir='ltr'><strong><em>σκληρότης</em></strong></span> <span class='ocrx_word' id='word_1_167' title='bbox 536 2405 573 2473; x_wconf 71' lang='grc' dir='ltr'><strong>δὲ</strong></span> <span class='ocrx_word' id='word_1_168' title='bbox 592 2447 635 2454; x_wconf 84' lang='lat'><strong>—-</strong></span> <span class='ocrx_word' id='word_1_169' title='bbox 653 2407 820 2493; x_wconf 79' lang='grc' dir='ltr'><strong><em>παρέχει,</em></strong></span> <span class='ocrx_word' id='word_1_170' title='bbox 845 2409 1114 2494; x_wconf 78' lang='lat' dir='ltr'><strong>quemadmodum</strong></span> <span class='ocrx_word' id='word_1_171' title='bbox 1136 2411 1276 2476; x_wconf 75' lang='lat' dir='ltr'><strong>editores</strong></span> 
     </span>
     <span class='ocr_line' id='line_1_20' title="bbox 124 2516 1275 2600; baseline 0.003 -22"><span class='ocrx_word' id='word_1_172' title='bbox 124 2519 252 2600; x_wconf 80' lang='lat' dir='ltr'><strong>volrmt,</strong></span> <span class='ocrx_word' id='word_1_173' title='bbox 281 2516 420 2580; x_wconf 85' lang='lat' dir='ltr'><strong>scribere</strong></span> <span class='ocrx_word' id='word_1_174' title='bbox 449 2516 477 2580; x_wconf 85' lang='lat' dir='ltr'><strong>is</strong></span> <span class='ocrx_word' id='word_1_175' title='bbox 506 2516 628 2600; x_wconf 85' lang='lat' dir='ltr'><strong>potuit,</strong></span> <span class='ocrx_word' id='word_1_176' title='bbox 657 2517 711 2600; x_wconf 91' lang='lat' dir='ltr'><strong>qui</strong></span> <span class='ocrx_word' id='word_1_177' title='bbox 740 2517 899 2582; x_wconf 79' lang='lat' dir='ltr'><strong>sexcentis</strong></span> <span class='ocrx_word' id='word_1_178' title='bbox 923 2516 997 2581; x_wconf 85' lang='lat' dir='ltr'><strong>aliis</strong></span> <span class='ocrx_word' id='word_1_179' title='bbox 1025 2517 1106 2580; x_wconf 90' lang='lat' dir='ltr'><strong>locis</strong></span> <span class='ocrx_word' id='word_1_180' title='bbox 1135 2518 1169 2581; x_wconf 89' lang='lat' dir='ltr'><strong>in</strong></span> <span class='ocrx_word' id='word_1_181' title='bbox 1193 2518 1275 2582; x_wconf 87' lang='lat' dir='ltr'><strong>eius·</strong></span> 
     </span>
     <span class='ocr_line' id='line_1_21' title="bbox 124 2622 1276 2708; baseline 0.002 -20"><span class='ocrx_word' id='word_1_182' title='bbox 124 2623 213 2688; x_wconf 92' lang='lat' dir='ltr'><strong>modi</strong></span> <span class='ocrx_word' id='word_1_183' title='bbox 237 2624 413 2688; x_wconf 77' lang='lat' dir='ltr'><strong>enuntiatis</strong></span> <span class='ocrx_word' id='word_1_184' title='bbox 438 2622 688 2688; x_wconf 83' lang='lat' dir='ltr'><strong>Coniunctivum</strong></span> <span class='ocrx_word' id='word_1_185' title='bbox 712 2625 845 2708; x_wconf 83' lang='lat' dir='ltr'><strong>posuit?</strong></span> <span class='ocrx_word' id='word_1_186' title='bbox 894 2623 999 2690; x_wconf 87' lang='lat' dir='ltr'><strong>Multo</strong></span> <span class='ocrx_word' id='word_1_187' title='bbox 1028 2646 1103 2688; x_wconf 84' lang='lat' dir='ltr'><strong>vero</strong></span> <span class='ocrx_word' id='word_1_188' title='bbox 1133 2624 1276 2690; x_wconf 85' lang='lat' dir='ltr'><strong>crebrior</strong></span> 
     </span>
     <span class='ocr_line' id='line_1_22' title="bbox 124 2727 1274 2818; baseline 0.003 -24"><span class='ocrx_word' id='word_1_189' title='bbox 124 2733 175 2794; x_wconf 83' lang='lat' dir='ltr'><strong>est</strong></span> <span class='ocrx_word' id='word_1_190' title='bbox 200 2731 386 2794; x_wconf 81' lang='lat' dir='ltr'><strong>litterarum</strong></span> <span class='ocrx_word' id='word_1_191' title='bbox 415 2755 441 2796; x_wconf 86' lang='grc' dir='ltr'><strong><em>ω</em></strong></span> <span class='ocrx_word' id='word_1_192' title='bbox 470 2727 524 2818; x_wconf 80' lang='grc' dir='ltr'><strong>(ῳ)</strong></span> <span class='ocrx_word' id='word_1_193' title='bbox 554 2733 587 2793; x_wconf 89' lang='lat' dir='ltr'><strong>ct</strong></span> <span class='ocrx_word' id='word_1_194' title='bbox 614 2752 655 2793; x_wconf 90' lang='lat' dir='ltr'><strong>ov</strong></span> <span class='ocrx_word' id='word_1_195' title='bbox 684 2732 909 2814; x_wconf 82' lang='lat' dir='ltr'><strong>commutatio,</strong></span> <span class='ocrx_word' id='word_1_196' title='bbox 942 2753 1025 2814; x_wconf 85' lang='lat' dir='ltr'><strong>quae</strong></span> <span class='ocrx_word' id='word_1_197' title='bbox 1054 2731 1165 2794; x_wconf 88' lang='lat' dir='ltr'><strong>multis</strong></span> <span class='ocrx_word' id='word_1_198' title='bbox 1194 2732 1274 2797; x_wconf 89' lang='lat' dir='ltr'><strong>locis</strong></span> 
     </span>
     <span class='ocr_line' id='line_1_23' title="bbox 122 2831 1275 2922; baseline 0.002 -20"><span class='ocrx_word' id='word_1_199' title='bbox 122 2837 302 2902; x_wconf 87' lang='lat' dir='ltr'><strong>editoribus</strong></span> <span class='ocrx_word' id='word_1_200' title='bbox 331 2837 475 2901; x_wconf 80' lang='lat' dir='ltr'><strong>tollendo</strong></span> <span class='ocrx_word' id='word_1_201' title='bbox 502 2836 578 2918; x_wconf 83' lang='lat' dir='ltr'><strong>fuit3</strong></span> <span class='ocrx_word' id='word_1_202' title='bbox 606 2859 682 2900; x_wconf 84' lang='lat' dir='ltr'><strong>nam</strong></span> <span class='ocrx_word' id='word_1_203' title='bbox 710 2860 740 2920; x_wconf 92' lang='lat' dir='ltr'><strong>p.</strong></span> <span class='ocrx_word' id='word_1_204' title='bbox 768 2837 830 2901; x_wconf 78' lang='lat'><strong>195</strong></span> <span class='ocrx_word' id='word_1_205' title='bbox 858 2839 900 2902; x_wconf 88' lang='lat' dir='ltr'><strong>in.</strong></span> <span class='ocrx_word' id='word_1_206' title='bbox 929 2831 1036 2921; x_wconf 78' lang='grc' dir='ltr'><strong><em>ἀρχὴν</em></strong></span> <span class='ocrx_word' id='word_1_207' title='bbox 1064 2839 1135 2902; x_wconf 88' lang='grc' dir='ltr'><strong>τοῦ</strong></span> <span class='ocrx_word' id='word_1_208' title='bbox 1162 2834 1275 2922; x_wconf 80' lang='grc' dir='ltr'><strong><em>λόγον</em></strong></span> 
     </span>
     <span class='ocr_line' id='line_1_24' title="bbox 123 2938 1275 3030; baseline 0.002 -22"><span class='ocrx_word' id='word_1_209' title='bbox 123 2940 224 3028; x_wconf 86' lang='grc' dir='ltr'><strong><em>τήνδε</em></strong></span> <span class='ocrx_word' id='word_1_210' title='bbox 255 2941 413 3027; x_wconf 78' lang='grc' dir='ltr'><strong><em>θέμενος,</em></strong></span> <span class='ocrx_word' id='word_1_211' title='bbox 442 2966 508 3008; x_wconf 91' lang='lat' dir='ltr'><strong>non</strong></span> <span class='ocrx_word' id='word_1_212' title='bbox 537 2943 581 3030; x_wconf 78' lang='grc' dir='ltr'><strong>τῷ</strong></span> <span class='ocrx_word' id='word_1_213' title='bbox 615 2938 702 3030; x_wconf 73' lang='grc' dir='ltr'><strong><em>λόγῳ</em></strong></span> <span class='ocrx_word' id='word_1_214' title='bbox 733 2944 830 3007; x_wconf 84' lang='lat' dir='ltr'><strong>scribi</strong></span> <span class='ocrx_word' id='word_1_215' title='bbox 859 2946 1017 3028; x_wconf 86' lang='lat' dir='ltr'><strong>oportuit;</strong></span> <span class='ocrx_word' id='word_1_216' title='bbox 1046 2967 1076 3028; x_wconf 92' lang='lat' dir='ltr'><strong>p.</strong></span> <span class='ocrx_word' id='word_1_217' title='bbox 1104 2945 1170 3008; x_wconf 80' lang='grc'><strong>424</strong></span> <span class='ocrx_word' id='word_1_218' title='bbox 1199 2951 1275 3029; x_wconf 88' lang='lat' dir='ltr'><strong>post</strong></span> 
     </span>
     <span class='ocr_line' id='line_1_25' title="bbox 123 3042 1274 3136; baseline 0.001 -22"><span class='ocrx_word' id='word_1_219' title='bbox 123 3051 206 3116; x_wconf 81' lang='lat' dir='ltr'><strong>med.</strong></span> <span class='ocrx_word' id='word_1_220' title='bbox 230 3047 451 3132; x_wconf 77' lang='grc' dir='ltr'><strong><em>’ἐπιμέμφεται</em></strong></span> <span class='ocrx_word' id='word_1_221' title='bbox 482 3042 513 3111; x_wconf 93' lang='grc' dir='ltr'><strong>δ’</strong></span> <span class='ocrx_word' id='word_1_222' title='bbox 546 3042 660 3132; x_wconf 77' lang='grc' dir='ltr'><strong><em>ὀρθῶς</em></strong></span> <span class='ocrx_word' id='word_1_223' title='bbox 688 3049 737 3136; x_wconf 80' lang='grc' dir='ltr'><strong>τῷ</strong></span> <span class='ocrx_word' id='word_1_224' title='bbox 768 3052 974 3136; x_wconf 78' lang='grc' dir='ltr'><strong><em>Χρυσίππῳ,</em></strong></span> <span class='ocrx_word' id='word_1_225' title='bbox 1005 3073 1070 3115; x_wconf 91' lang='lat' dir='ltr'><strong>non</strong></span> <span class='ocrx_word' id='word_1_226' title='bbox 1096 3052 1158 3115; x_wconf 85' lang='grc' dir='ltr'><strong>τοῦ</strong></span> <span class='ocrx_word' id='word_1_227' title='bbox 1187 3055 1274 3134; x_wconf 86' lang='grc' dir='ltr'><strong><em>Χρο-</em></strong></span> 
     </span>
     <span class='ocr_line' id='line_1_26' title="bbox 123 3149 1272 3244; baseline 0.002 -24"><span class='ocrx_word' id='word_1_228' title='bbox 123 3161 264 3232; x_wconf 75' lang='grc' dir='ltr'><strong><em>σίπτιονς</em></strong></span> <span class='ocrx_word' id='word_1_229' title='bbox 287 3179 317 3240; x_wconf 93' lang='lat' dir='ltr'><strong>p.</strong></span> <span class='ocrx_word' id='word_1_230' title='bbox 342 3157 407 3222; x_wconf 74' lang='lat'><strong>624</strong></span> <span class='ocrx_word' id='word_1_231' title='bbox 431 3159 509 3220; x_wconf 86' lang='lat' dir='ltr'><strong>extr.</strong></span> <span class='ocrx_word' id='word_1_232' title='bbox 524 3152 591 3218; x_wconf 79' lang='grc' dir='ltr'><strong><em>’καλ</em></strong></span> <span class='ocrx_word' id='word_1_233' title='bbox 618 3151 818 3238; x_wconf 87' lang='grc' dir='ltr'><strong><em>θαυμαστὸν</em></strong></span> <span class='ocrx_word' id='word_1_234' title='bbox 846 3149 962 3233; x_wconf 80' lang='grc' dir='ltr'><strong><em>οὐδέν,</em></strong></span> <span class='ocrx_word' id='word_1_235' title='bbox 990 3159 1036 3231; x_wconf 86' lang='grc' dir='ltr'><strong>εἰς</strong></span> <span class='ocrx_word' id='word_1_236' title='bbox 1064 3152 1147 3222; x_wconf 83' lang='grc' dir='ltr'><strong><em>ὅσον</em></strong></span> <span class='ocrx_word' id='word_1_237' title='bbox 1175 3151 1272 3244; x_wconf 76' lang='grc' dir='ltr'><strong><em>αὐτῷ</em></strong></span> 
     </span>
     <span class='ocr_line' id='line_1_27' title="bbox 121 3255 1271 3347; baseline 0 -19"><span class='ocrx_word' id='word_1_238' title='bbox 121 3261 158 3329; x_wconf 89' lang='grc' dir='ltr'><strong>τὸ</strong></span> <span class='ocrx_word' id='word_1_239' title='bbox 183 3263 317 3347; x_wconf 75' lang='grc' dir='ltr'><strong><em>πρῶτον</em></strong></span> <span class='ocrx_word' id='word_1_240' title='bbox 336 3258 501 3346; x_wconf 83' lang='grc' dir='ltr'><strong><em>αἰσθητὸν</em></strong></span> <span class='ocrx_word' id='word_1_241' title='bbox 519 3255 754 3347; x_wconf 80' lang='grc' dir='ltr'><strong><em>ἀκριβέστερόν</em></strong></span> <span class='ocrx_word' id='word_1_242' title='bbox 772 3255 800 3326; x_wconf 93' lang='grc' dir='ltr'><strong>τ’</strong></span> <span class='ocrx_word' id='word_1_243' title='bbox 823 3260 907 3343; x_wconf 79' lang='grc' dir='ltr'><strong><em>ἐστί,</em></strong></span> <span class='ocrx_word' id='word_1_244' title='bbox 930 3285 995 3326; x_wconf 90' lang='lat' dir='ltr'><strong>non</strong></span> <span class='ocrx_word' id='word_1_245' title='bbox 1014 3257 1134 3337; x_wconf 87' lang='grc' dir='ltr'><strong><em>αὐτοῦ;</em></strong></span> <span class='ocrx_word' id='word_1_246' title='bbox 1158 3287 1188 3347; x_wconf 93' lang='lat' dir='ltr'><strong>p.</strong></span> <span class='ocrx_word' id='word_1_247' title='bbox 1208 3265 1271 3328; x_wconf 82' lang='grc'><strong>729</strong></span> 
     </span>
     <span class='ocr_line' id='line_1_28' title="bbox 121 3362 1272 3452; baseline 0 -18"><span class='ocrx_word' id='word_1_248' title='bbox 121 3374 197 3434; x_wconf 88' lang='lat' dir='ltr'><strong>ante</strong></span> <span class='ocrx_word' id='word_1_249' title='bbox 221 3370 304 3434; x_wconf 87' lang='lat' dir='ltr'><strong>med.</strong></span> <span class='ocrx_word' id='word_1_250' title='bbox 326 3362 389 3433; x_wconf 81' lang='grc' dir='ltr'><strong>κάν</strong></span> <span class='ocrx_word' id='word_1_251' title='bbox 413 3406 454 3416; x_wconf 91' lang='grc'>-</span> <span class='ocrx_word' id='word_1_252' title='bbox 479 3371 691 3452; x_wconf 84' lang='grc' dir='ltr'><strong><em>νομίζωσιν,</em></strong></span> <span class='ocrx_word' id='word_1_253' title='bbox 718 3392 783 3434; x_wconf 88' lang='lat' dir='ltr'><strong>non</strong></span> <span class='ocrx_word' id='word_1_254' title='bbox 811 3371 1019 3451; x_wconf 80' lang='grc' dir='ltr'><strong><em>νομίζονοινς</em></strong></span> <span class='ocrx_word' id='word_1_255' title='bbox 1048 3393 1076 3452; x_wconf 92' lang='lat' dir='ltr'><strong>p.</strong></span> <span class='ocrx_word' id='word_1_256' title='bbox 1104 3370 1169 3434; x_wconf 86' lang='lat'><strong>800</strong></span> <span class='ocrx_word' id='word_1_257' title='bbox 1197 3373 1272 3434; x_wconf 82' lang='lat' dir='ltr'><strong>onte</strong></span> 
     </span>
     <span class='ocr_line' id='line_1_29' title="bbox 121 3464 1272 3562; baseline -0.001 -21"><span class='ocrx_word' id='word_1_258' title='bbox 121 3478 204 3542; x_wconf 86' lang='lat' dir='ltr'><strong>med.</strong></span> <span class='ocrx_word' id='word_1_259' title='bbox 228 3475 338 3555; x_wconf 86' lang='grc' dir='ltr'><strong><em>δείξας</em></strong></span> <span class='ocrx_word' id='word_1_260' title='bbox 360 3464 424 3539; x_wconf 83' lang='grc' dir='ltr'><strong>οὖν</strong></span> <span class='ocrx_word' id='word_1_261' title='bbox 447 3469 465 3540; x_wconf 87' lang='grc' dir='ltr'><strong><em>ό</em></strong></span> <span class='ocrx_word' id='word_1_262' title='bbox 489 3471 634 3539; x_wconf 86' lang='grc' dir='ltr'><strong><em>Πλάτων</em></strong></span> <span class='ocrx_word' id='word_1_263' title='bbox 656 3469 830 3539; x_wconf 82' lang='grc' dir='ltr'><strong><em>κάνταῦθα</em></strong></span> <span class='ocrx_word' id='word_1_264' title='bbox 852 3471 916 3559; x_wconf 81' lang='grc' dir='ltr'><strong>τὴν</strong></span> <span class='ocrx_word' id='word_1_265' title='bbox 934 3469 1111 3559; x_wconf 86' lang='grc' dir='ltr'><strong><em>ὁμοιότητα</em></strong></span> <span class='ocrx_word' id='word_1_266' title='bbox 1129 3477 1174 3562; x_wconf 74' lang='grc' dir='ltr'><strong>τῷ</strong></span> <span class='ocrx_word' id='word_1_267' title='bbox 1193 3478 1272 3556; x_wconf 89' lang='grc' dir='ltr'><strong><em>βον-</em></strong></span> 
     </span>
     <span class='ocr_line' id='line_1_30' title="bbox 120 3577 1271 3667; baseline -0.001 -20"><span class='ocrx_word' id='word_1_268' title='bbox 120 3581 260 3666; x_wconf 81' lang='grc' dir='ltr'><strong><em>ληθέντι</em></strong></span> <span class='ocrx_word' id='word_1_269' title='bbox 289 3577 470 3659; x_wconf 73' lang='grc' dir='ltr'><strong><em>ἀπειπεῖν,</em></strong></span> <span class='ocrx_word' id='word_1_270' title='bbox 498 3605 563 3646; x_wconf 94' lang='lat' dir='ltr'><strong>non</strong></span> <span class='ocrx_word' id='word_1_271' title='bbox 590 3581 652 3645; x_wconf 84' lang='grc' dir='ltr'><strong>τοῦ</strong></span> <span class='ocrx_word' id='word_1_272' title='bbox 674 3580 902 3664; x_wconf 79' lang='grc' dir='ltr'><strong><em>βουληθέντος</em></strong></span> <span class='ocrx_word' id='word_1_273' title='bbox 932 3581 994 3667; x_wconf 77' lang='lat' dir='ltr'>(Cf.</span> <span class='ocrx_word' id='word_1_274' title='bbox 1027 3582 1126 3646; x_wconf 85' lang='lat' dir='ltr'><strong>ctiam</strong></span> <span class='ocrx_word' id='word_1_275' title='bbox 1158 3580 1271 3666; x_wconf 78' lang='lat' dir='ltr'><strong>Progr.</strong></span> 
     </span>
     <span class='ocr_line' id='line_1_31' title="bbox 120 3685 1269 3774; baseline -0.003 -19"><span class='ocrx_word' id='word_1_276' title='bbox 120 3695 222 3755; x_wconf 90' lang='lat' dir='ltr'><strong>nostr.</strong></span> <span class='ocrx_word' id='word_1_277' title='bbox 249 3689 297 3774; x_wconf 92' lang='grc' dir='ltr'><strong>Π,</strong></span> <span class='ocrx_word' id='word_1_278' title='bbox 327 3690 381 3774; x_wconf 93' lang='grc'><strong>13,</strong></span> <span class='ocrx_word' id='word_1_279' title='bbox 410 3690 481 3754; x_wconf 82' lang='lat' dir='ltr'><strong>adn.</strong></span> <span class='ocrx_word' id='word_1_280' title='bbox 507 3685 551 3774; x_wconf 85' lang='lat'>9).</span> <span class='ocrx_word' id='word_1_281' title='bbox 604 3687 643 3750; x_wconf 92' lang='lat' dir='ltr'><strong>In</strong></span> <span class='ocrx_word' id='word_1_282' title='bbox 672 3688 759 3751; x_wconf 84' lang='lat' dir='ltr'><strong>exitu</strong></span> <span class='ocrx_word' id='word_1_283' title='bbox 787 3689 954 3754; x_wconf 88' lang='lat' dir='ltr'><strong>nominum</strong></span> <span class='ocrx_word' id='word_1_284' title='bbox 984 3688 1084 3752; x_wconf 85' lang='lat' dir='ltr'><strong>etiam</strong></span> <span class='ocrx_word' id='word_1_285' title='bbox 1116 3688 1184 3752; x_wconf 80' lang='lat' dir='ltr'><strong>iota</strong></span> <span class='ocrx_word' id='word_1_286' title='bbox 1216 3688 1269 3752; x_wconf 79' lang='lat' dir='ltr'><strong>ad·</strong></span> 
     </span>
     <span class='ocr_line' id='line_1_32' title="bbox 119 3793 1269 3882; baseline -0.003 -20"><span class='ocrx_word' id='word_1_287' title='bbox 119 3798 280 3882; x_wconf 84' lang='lat' dir='ltr'><strong>scriptum</strong></span> <span class='ocrx_word' id='word_1_288' title='bbox 303 3799 435 3882; x_wconf 86' lang='lat' dir='ltr'><strong>propter</strong></span> <span class='ocrx_word' id='word_1_289' title='bbox 457 3796 581 3860; x_wconf 84' lang='lat' dir='ltr'><strong>formae</strong></span> <span class='ocrx_word' id='word_1_290' title='bbox 601 3793 848 3859; x_wconf 85' lang='lat' dir='ltr'><strong>similitudinem</strong></span> <span class='ocrx_word' id='word_1_291' title='bbox 867 3797 1036 3860; x_wconf 86' lang='lat' dir='ltr'><strong>accedente</strong></span> <span class='ocrx_word' id='word_1_292' title='bbox 1057 3794 1197 3878; x_wconf 80' lang='lat' dir='ltr'><strong>quadarn</strong></span> <span class='ocrx_word' id='word_1_293' title='bbox 1214 3816 1269 3859; x_wconf 87' lang='lat' dir='ltr'><strong>nc·</strong></span> 
     </span>
     <span class='ocr_line' id='line_1_33' title="bbox 118 3897 1269 3988; baseline -0.001 -21"><span class='ocrx_word' id='word_1_294' title='bbox 118 3904 286 3988; x_wconf 80' lang='lat' dir='ltr'><strong>glegentia</strong></span> <span class='ocrx_word' id='word_1_295' title='bbox 310 3902 471 3967; x_wconf 86' lang='lat' dir='ltr'><strong>scribendi</strong></span> <span class='ocrx_word' id='word_1_296' title='bbox 495 3907 552 3966; x_wconf 80' lang='lat' dir='ltr'><strong>cut</strong></span> <span class='ocrx_word' id='word_1_297' title='bbox 579 3922 651 3964; x_wconf 90' lang='lat' dir='ltr'><strong>cum</strong></span> <span class='ocrx_word' id='word_1_298' title='bbox 679 3897 766 3986; x_wconf 80' lang='grc' dir='ltr'><strong><em>σ(ε)</em></strong></span> <span class='ocrx_word' id='word_1_299' title='bbox 790 3904 847 3964; x_wconf 84' lang='lat' dir='ltr'><strong>aut</strong></span> <span class='ocrx_word' id='word_1_300' title='bbox 875 3923 948 3965; x_wconf 88' lang='lat' dir='ltr'><strong>cum</strong></span> <span class='ocrx_word' id='word_1_301' title='bbox 976 3925 996 3964; x_wconf 95' lang='grc' dir='ltr'><strong><em>ν</em></strong></span> <span class='ocrx_word' id='word_1_302' title='bbox 1019 3901 1188 3966; x_wconf 81' lang='lat' dir='ltr'><strong>confusum</strong></span> <span class='ocrx_word' id='word_1_303' title='bbox 1212 3904 1269 3966; x_wconf 88' lang='lat' dir='ltr'><strong>est.</strong></span> 
     </span>
     <span class='ocr_line' id='line_1_34' title="bbox 118 4004 1268 4092; baseline -0.003 -20"><span class='ocrx_word' id='word_1_304' title='bbox 118 4009 157 4076; x_wconf 85' lang='lat' dir='ltr'><strong>In</strong></span> <span class='ocrx_word' id='word_1_305' title='bbox 182 4009 216 4073; x_wconf 90' lang='lat' dir='ltr'>M</span> <span class='ocrx_word' id='word_1_306' title='bbox 240 4009 369 4092; x_wconf 88' lang='lat' dir='ltr'><strong>quidem</strong></span> <span class='ocrx_word' id='word_1_307' title='bbox 396 4008 550 4072; x_wconf 83' lang='lat' dir='ltr'><strong>librarius</strong></span> <span class='ocrx_word' id='word_1_308' title='bbox 574 4031 639 4072; x_wconf 90' lang='lat' dir='ltr'><strong>non</strong></span> <span class='ocrx_word' id='word_1_309' title='bbox 663 4008 784 4070; x_wconf 80' lang='lat' dir='ltr'><strong>veritus</strong></span> <span class='ocrx_word' id='word_1_310' title='bbox 813 4009 864 4071; x_wconf 86' lang='lat' dir='ltr'><strong>est</strong></span> <span class='ocrx_word' id='word_1_311' title='bbox 886 4030 916 4091; x_wconf 93' lang='lat' dir='ltr'><strong>p.</strong></span> <span class='ocrx_word' id='word_1_312' title='bbox 940 4009 1005 4072; x_wconf 88' lang='grc'><strong>440</strong></span> <span class='ocrx_word' id='word_1_313' title='bbox 1027 4011 1104 4092; x_wconf 88' lang='lat' dir='ltr'><strong>post</strong></span> <span class='ocrx_word' id='word_1_314' title='bbox 1120 4009 1207 4088; x_wconf 83' lang='lat' dir='ltr'><strong>med.</strong></span> <span class='ocrx_word' id='word_1_315' title='bbox 1231 4004 1268 4070; x_wconf 80' lang='grc' dir='ltr'><strong>ἐν</strong></span> 
     </span>
     <span class='ocr_line' id='line_1_35' title="bbox 117 4113 1267 4200; baseline -0.003 -19"><span class='ocrx_word' id='word_1_316' title='bbox 117 4117 176 4200; x_wconf 76' lang='grc' dir='ltr'><strong><em>τῆς</em></strong></span> <span class='ocrx_word' id='word_1_317' title='bbox 201 4115 307 4198; x_wconf 72' lang='grc' dir='ltr'><strong><em>ψυχῆς</em></strong></span> <span class='ocrx_word' id='word_1_318' title='bbox 334 4115 482 4179; x_wconf 87' lang='lat' dir='ltr'><strong>scribere.</strong></span> <span class='ocrx_word' id='word_1_319' title='bbox 533 4114 583 4179; x_wconf 89' lang='lat' dir='ltr'><strong>Ne</strong></span> <span class='ocrx_word' id='word_1_320' title='bbox 611 4114 695 4178; x_wconf 80' lang='lat' dir='ltr'><strong>hanc</strong></span> <span class='ocrx_word' id='word_1_321' title='bbox 722 4113 852 4197; x_wconf 88' lang='lat' dir='ltr'><strong>quidem</strong></span> <span class='ocrx_word' id='word_1_322' title='bbox 884 4115 1036 4198; x_wconf 83' lang='lat' dir='ltr'><strong>peccandi</strong></span> <span class='ocrx_word' id='word_1_323' title='bbox 1065 4113 1267 4178; x_wconf 87' lang='lat' dir='ltr'><strong>consuetudi·</strong></span> 
     </span>
     <span class='ocr_line' id='line_1_36' title="bbox 117 4219 1266 4306; baseline -0.003 -19"><span class='ocrx_word' id='word_1_324' title='bbox 117 4245 194 4287; x_wconf 89' lang='lat' dir='ltr'><strong>nem</strong></span> <span class='ocrx_word' id='word_1_325' title='bbox 223 4222 362 4286; x_wconf 85' lang='lat' dir='ltr'><strong>editores</strong></span> <span class='ocrx_word' id='word_1_326' title='bbox 390 4222 509 4305; x_wconf 88' lang='lat' dir='ltr'><strong>ubique</strong></span> <span class='ocrx_word' id='word_1_327' title='bbox 539 4221 804 4306; x_wconf 79' lang='lat' dir='ltr'><strong>observcvcnmt3</strong></span> <span class='ocrx_word' id='word_1_328' title='bbox 832 4244 908 4285; x_wconf 85' lang='lat' dir='ltr'><strong>nam</strong></span> <span class='ocrx_word' id='word_1_329' title='bbox 937 4245 967 4304; x_wconf 94' lang='lat' dir='ltr'><strong>p.</strong></span> <span class='ocrx_word' id='word_1_330' title='bbox 991 4221 1056 4285; x_wconf 80' lang='lat'><strong>532</strong></span> <span class='ocrx_word' id='word_1_331' title='bbox 1079 4223 1155 4304; x_wconf 87' lang='lat' dir='ltr'><strong>post</strong></span> <span class='ocrx_word' id='word_1_332' title='bbox 1184 4219 1266 4284; x_wconf 87' lang='lat' dir='ltr'><strong>med.</strong></span> 
     </span>
     <span class='ocr_line' id='line_1_37' title="bbox 119 4321 1264 4414; baseline -0.002 -20"><span class='ocrx_word' id='word_1_333' title='bbox 119 4326 312 4394; x_wconf 77' lang='lat' dir='ltr'><strong>MABOhK:</strong></span> <span class='ocrx_word' id='word_1_334' title='bbox 335 4323 372 4392; x_wconf 89' lang='grc' dir='ltr'><strong>τὸ</strong></span> <span class='ocrx_word' id='word_1_335' title='bbox 397 4323 532 4411; x_wconf 70' lang='grc' dir='ltr'><strong><em>συνεχὲς</em></strong></span> <span class='ocrx_word' id='word_1_336' title='bbox 554 4321 656 4410; x_wconf 80' lang='grc' dir='ltr'><strong><em>αὐτῆς</em></strong></span> <span class='ocrx_word' id='word_1_337' title='bbox 679 4325 732 4414; x_wconf 90' lang='lat' dir='ltr'><strong>(cf.</strong></span> <span class='ocrx_word' id='word_1_338' title='bbox 756 4351 855 4412; x_wconf 82' lang='lat' dir='ltr'><strong>supra</strong></span> <span class='ocrx_word' id='word_1_339' title='bbox 879 4351 908 4410; x_wconf 94' lang='lat' dir='ltr'>p.</span> <span class='ocrx_word' id='word_1_340' title='bbox 927 4325 984 4414; x_wconf 84' lang='lat'><strong>53)</strong></span> <span class='ocrx_word' id='word_1_341' title='bbox 1007 4325 1121 4411; x_wconf 75' lang='grc' dir='ltr'><strong><em>μέρος,</em></strong></span> <span class='ocrx_word' id='word_1_342' title='bbox 1144 4349 1203 4391; x_wconf 89' lang='lat' dir='ltr'><strong>nos</strong></span> <span class='ocrx_word' id='word_1_343' title='bbox 1226 4325 1264 4392; x_wconf 88' lang='grc' dir='ltr'><strong>τὸ</strong></span> 
     </span>
     <span class='ocr_line' id='line_1_38' title="bbox 119 4427 1266 4522; baseline 0.002 -24"><span class='ocrx_word' id='word_1_344' title='bbox 119 4451 148 4499; x_wconf 92' lang='grc' dir='ltr'><strong>σ.</strong></span> <span class='ocrx_word' id='word_1_345' title='bbox 171 4427 255 4520; x_wconf 75' lang='grc' dir='ltr'><strong><em>αὐτῇ</em></strong></span> <span class='ocrx_word' id='word_1_346' title='bbox 282 4431 339 4522; x_wconf 86' lang='lat' dir='ltr'><strong>(sc.</strong></span> <span class='ocrx_word' id='word_1_347' title='bbox 367 4434 406 4521; x_wconf 79' lang='grc' dir='ltr'><strong>τῇ</strong></span> <span class='ocrx_word' id='word_1_348' title='bbox 434 4431 568 4522; x_wconf 78' lang='grc' dir='ltr'><strong><em>καρδίᾳ)</em></strong></span> <span class='ocrx_word' id='word_1_349' title='bbox 596 4459 628 4517; x_wconf 93' lang='grc' dir='ltr'><strong>μ.</strong></span> <span class='ocrx_word' id='word_1_350' title='bbox 657 4437 689 4497; x_wconf 92' lang='lat' dir='ltr'><strong>et</strong></span> <span class='ocrx_word' id='word_1_351' title='bbox 715 4457 747 4520; x_wconf 89' lang='lat' dir='ltr'><strong>p.</strong></span> <span class='ocrx_word' id='word_1_352' title='bbox 769 4434 833 4498; x_wconf 84' lang='lat'><strong>569</strong></span> <span class='ocrx_word' id='word_1_353' title='bbox 863 4438 937 4518; x_wconf 86' lang='lat' dir='ltr'><strong>post</strong></span> <span class='ocrx_word' id='word_1_354' title='bbox 965 4434 1046 4498; x_wconf 84' lang='lat' dir='ltr'><strong>med.</strong></span> <span class='ocrx_word' id='word_1_355' title='bbox 1072 4456 1138 4500; x_wconf 89' lang='lat' dir='ltr'><strong>non</strong></span> <span class='ocrx_word' id='word_1_356' title='bbox 1161 4428 1266 4514; x_wconf 79' lang='grc' dir='ltr'><strong><em>εὐθὺς</em></strong></span> 
     </span>
    </p>
   </div>
   <div class='ocr_carea' id='block_1_3' title="bbox 0 0 1618 5148">
    <p class='ocr_par' dir='ltr' id='par_1_3' title="bbox 0 0 1618 5148">
     <span class='ocr_line' id='line_1_39' title="bbox 0 0 1618 5148; baseline 0 4"><span class='ocrx_word' id='word_1_357' title='bbox 0 0 1618 5148; x_wconf 95' lang='lat' dir='ltr'><strong> </strong></span> 
     </span>
    </p>
   </div>
  </div>
 </body>
</html>
