3210 5148
25 2733 26 2736 ,
109 2699 136 2750 p.
157 2689 199 2736 aa.
220 2710 250 2722 -
279 2687 311 2734 ro
329 2673 496 2734 σιειὶιιιιιι
515 2677 595 2732 Corn.
615 2709 649 2718 -
676 2685 705 2732 11
731 2673 821 2742 αοιὰς
840 2697 872 2734 co

565 457 606 468 -
656 421 811 488 499-

113 581 209 666 ‘noos
232 575 338 666 αὑτην
361 575 471 665 ῶσπερ
493 576 585 658 τινὸς
604 579 793 666 ἐρωτῶντος
810 581 1057 668 ἐπορεγομένην
1075 579 1180 652 αὐτοῦ
1202 587 1261 670 τῆς

113 685 300 771 ’γενέσεωςς
329 691 440 772 ἔγωγε.
485 691 520 752 τί
547 685 599 764 δέ;
627 685 665 754 τὸ
695 683 852 772 ἀβουλεῖν
879 688 933 756 καὶ
957 684 1001 776 μῆ
1026 689 1156 757 ἐθέλειν
1178 687 1256 778 μηδ’

113 794 305 880 ‘damnante
337 791 399 862 οὐκ
426 797 472 872 εἰς
503 791 539 860 τὸ
574 787 725 860 ἀπωθεῖν
756 795 811 860 καὶ
844 791 1044 864 ἀπελαύνειν
1071 792 1128 864 ἀπ’
1159 793 1260 884 αὐτῆς

111 899 179 968 ‘nol
208 905 255 979 εἰς
282 898 411 968 ἅπαντα
438 894 598 968 τάναντία
626 901 767 980 ἐκείνοις
792 897 977 990 θῆσομεν;’
1010 891 1107 968 αὗται
1135 901 1197 990 μὲν
1224 905 1263 970 αἱ

109 1011 173 1075 τοῦ
196 1005 379 1085 Πλάτωνος
405 1003 517 1092 ῥήσεις
540 1001 582 1074 οὐ
608 1005 717 1094 μόνον
743 1005 824 1095 ὅπερ
853 1009 1009 1096 ἐλέγομεν
1031 1007 1285 1078 ἐπιδεικνύω-ὸ

111 1135 168 1180 σαι
192 1117 322 1200 σαφῶς,
350 1109 395 1192 ῶς
416 1109 454 1180 τὸ
477 1115 598 1200 πεινῆν
620 1113 675 1180 καὶ
703 1112 739 1182 τὸ
765 1117 869 1202 διψῆν
892 1115 946 1184 καὶ
975 1114 1060 1194 ὅλως
1082 1114 1119 1183 τὸ
1144 1116 1258 1184 ἐπιθει-

24 1261 26 1272 ·
110 1235 189 1307 μεῖν
211 1247 302 1298 τινος
325 1215 345 1306 ἢ
365 1221 524 1306 ἐφίεσθαί
547 1245 582 1286 τε
605 1219 660 1287 καὶ
686 1219 825 1306 φεύγειν
846 1230 911 1290 εἴτε
933 1221 1100 1310 ποιῆματά
1123 1249 1173 1302 τις
1195 1232 1259 1291 εἴτε

24 1387 26 1392 .
110 1325 309 1414 παδῆματα,
335 1327 507 1394 τουτέστιν
536 1335 601 1394 εἴτε
629 1327 796 1414 ἐνεργείας
822 1335 885 1396 εἶτε
913 1326 1006 1415 πάδη
1034 1328 1259 1417 προσαγορεύ-

111 1455 217 1518 σειεν,
245 1430 347 1501 οὐδὲν
371 1435 537 1521 διαφέρει,
565 1429 648 1500 ἀλλά
671 1435 726 1502 καὶ
748 1436 822 1522 περὶ
845 1439 913 1504 τῶν
940 1439 1050 1524 μερῶν
1072 1439 1130 1524 τῆς
1153 1439 1259 1524 ψυχῆς

25 1591 26 1594 ,
112 1539 368 1628 διδάσιιονσαι.1
1271 1565 1297 1604 ιο

202 1646 266 1716 Διὸ
295 1647 350 1716 καὶ
377 1650 484 1726 καλῶς
516 1641 559 1716 ἀν
591 1651 659 1733 ἔχοι
687 1647 731 1735 μῆ
764 1653 995 1736 παραδραμεῖν
1023 1646 1140 1734 αὐτάς,
1172 1645 1255 1718 ἀλλὰ
1266 1667 1323 1723 514

110 1752 193 1823 ὅλον
215 1751 398 1840 ἀναλαβεῖν
420 1751 481 1821 τὸν
503 1752 622 1839 λόγον,
645 1751 687 1822 δν
710 1756 748 1823 ἐν
769 1758 814 1847 τῷ
838 1754 979 1846 τετάρτφ
1001 1759 1060 1842 τῆς
1082 1763 1258 1837 Πολιτείας

110 1865 252 1949 διῆλθεν
279 1859 362 1948 ὑπὲρ
389 1863 451 1928 τοῦ
480 1867 555 1946 τρία
586 1858 626 1928 τὰ
655 1864 714 1948 τῆς
741 1865 848 1950 φνχῆς
869 1860 964 1950 ῆμῶν
991 1860 1153 1950 ὑπάρχειν
1175 1869 1258 1951 ελδῆ.

109 1970 285 2055 προσέχειν
317 1967 353 2036 δέ
393 1965 454 2054 χρῆ
491 1964 666 2036 κάνταῦθα
682 1971 743 2059 τῶ
782 1970 950 2060 λεγομένῳ
982 1967 1043 2038 τὸν
1074 1973 1159 2038 νοῦν
1190 1968 1254 2040 ἀπὸ

24 2137 25 2142 ,
110 2073 222 2142 αὐτῶν
255 2072 461 2162 ἀρξαμένους
492 2064 596 2152 αὖθις
630 2077 699 2141 τῶν
735 2069 911 2162 δνομάτων
939 2076 994 2142 καὶ
1031 2073 1076 2163 μῆ
1108 2082 1256 2164 νομίζειν
1271 2097 1296 2136 ¹⁵

110 2178 396 2248 ἐπιλανθάνεσθαι
426 2177 487 2247 τὸν
515 2177 681 2248 Πλάτωνα
713 2184 780 2249 τῶν
812 2178 871 2268 ὑφ’
907 2182 1028 2252 ἑαυτοῦ
1055 2184 1256 2269 λεγομένων,

147 2403 160 2448 1
186 2388 278 2462 αῶτῆν
305 2391 469 2448 LMABch.
497 2423 529 2432 -
561 2387 681 2461 ἐρῶντος
703 2393 783 2448 codd.
807 2393 883 2460 αδδς
911 2395 946 2450 cl.
970 2395 1054 2450 Proll.
1083 2415 1110 2466 p.
1136 2402 1196 2450 124.
1221 2429 1254 2437 —

109 2461 284 2538 ὀρεγομένην
302 2465 388 2518 ldAB
413 2459 625 2534 ἐπορεγομένως
644 2465 674 2518 L.
699 2497 732 2506 —
756 2472 771 2518 2
791 2460 822 2519 τὸ
842 2461 879 2536 μῆ
899 2459 1033 2537 ἀβουλεῖν
1051 2467 1072 2520 L
1096 2463 1127 2520 τὸ
1148 2462 1253 2538 ἀβονλῆ

109 2539 146 2594 Μ.
164 2571 196 2578 .„
215 2547 232 2594 4
251 2533 285 2592 τά
306 2533 422 2592 ἐναντία
437 2535 531 2590 ΜΔΒ.
552 2567 583 2574 -·
605 2543 620 2590 o
640 2531 671 2590 τὸ
687 2537 753 2591 anto
766 2537 856 2606 διψῆν
874 2553 929 2593 om.
944 2537 980 2592 Μ.
996 2569 1028 2578 —
1050 2545 1064 2592 λ
1086 2533 1254 2606 έπεφίεσδαι

109 2629 160 2680 pro
185 2605 320 2677 ἐφίεσθαι
343 2609 372 2662 Μ
396 2601 613 2674 ἀποφαίνεσθαι
636 2607 666 2661 L.
692 2639 723 2648 -
754 2615 769 2662 9
793 2601 853 2678 ἅμα
874 2625 927 2733 gro
950 2603 1019 2662 oillei
1044 2609 1080 2674 L;
1110 2609 1144 2664 cl.
1170 2609 1253 2664 Proll.

893 2679 919 2734 d.
943 2679 1005 2736 edd.
1026 2675 1099 2734 αάτά
1119 2678 1199 2736 Corn.
1221 2711 1252 2720 -

112 2759 143 2806 14
167 2753 223 2806 τῶν
246 2749 404 2820 λεγομένων
429 2747 601 2818 onlnem
624 2749 658 2804 cl.
683 2750 766 2806 Proll.
786 2769 813 2820 p.
839 2757 898 2806 125.
928 2782 960 2791 -
993 2757 1026 2806 lo
1050 2745 1100 2822 ἐφ’
1125 2769 1175 2822 pro
1198 2747 1252 2821 ὑφ’

110 2821 255 2886 MABGh3
274 2821 309 2878 ol.
328 2820 412 2874 Proll.
432 2839 459 2890 p.
480 2827 539 2875 104.
560 2851 592 2860 —

110 2963 321 2971 ——·—

110 3041 274 3106 adnuere
308 3037 405 3122 opud
438 3059 476 3102 se
510 3041 702 3124 tamquam
735 3039 1005 3124 interrogante
1038 3039 1181 3125 aliquo,
1214 3045 1254 3104 ut

109 3147 146 3212 id
183 3146 259 3212 sibi
297 3143 514 3230 contingat,
550 3145 822 3229 expetentem?
876 3143 1073 3229 Equidem.
1133 3145 1253 3223 Quid?

109 3277 183 3318 non
206 3257 355 3338 optare,
382 3251 501 3334 nolle,
527 3274 602 3316 non
624 3273 762 3336 cupere
786 3274 911 3318 nonne
939 3253 978 3318 in
1005 3253 1192 3318 reiciendi
1215 3257 1253 3317 et

110 3385 129 3424 a
152 3383 189 3424 se
214 3359 432 3444 repellendi
456 3359 624 3442 speciem
643 3362 757 3444 atque
781 3359 820 3424 in
839 3360 969 3424 omnia
991 3360 1075 3424 illis
1100 3363 1252 3426 eontra·

110 3465 167 3529 ria
184 3463 435 3530 referemus?’
472 3464 563 3530 Haeo
582 3469 657 3530 aunt
670 3465 817 3530 Platonis
837 3466 945 3549 verba,
963 3489 1045 3550 quae
1063 3490 1129 3532 non
1148 3468 1253 3552 modo,

111 3577 145 3636 ut
168 3573 320 3656 diximus,
344 3575 456 3656 aperte
479 3571 704 3636 demonstrant
730 3571 813 3637 nihil
836 3572 969 3655 referre,
993 3573 1129 3657 esurire,
1152 3573 1253 3656 sitire,

112 3677 243 3744 omnino
266 3699 381 3761 cupere
409 3677 532 3762 aliquid
554 3678 606 3742 vel
631 3683 783 3762 appetere
808 3681 840 3742 et
866 3679 978 3764 fugere
1002 3680 1186 3746 affectiones
1211 3701 1253 3744 an

110 3784 296 3848 adiectiones
324 3783 427 3868 dicas,
455 3785 488 3849 id
516 3789 565 3848 est
593 3785 737 3850 actiones
761 3807 802 3850 an
831 3787 979 3870 affectus,
1006 3785 1063 3851 sed
1091 3787 1189 3852 etiam
1212 3785 1252 3850 de

110 3889 208 3956 animi
232 3890 381 3974 portibus
404 3891 529 3956 docent.

197 3995 289 4064 Unde
309 3998 428 4063 rectius
448 3998 512 4062 erit
530 4019 568 4062 ea
585 4017 652 4062 non
670 3999 939 4082 praetermittere,
958 3998 1013 4064 sed
1032 4001 1138 4064 totum
1157 3999 1250 4064 illum

111 4125 303 4188 sermonem,
330 4125 425 4188 quem
453 4104 487 4168 in
514 4106 630 4189 quarto
653 4101 864 4187 Reipublicae
893 4107 1080 4189 persecutns
1109 4107 1159 4169 est
1184 4109 1250 4170 tres

110 4233 177 4276 esse
205 4211 372 4276 affirmans
400 4209 501 4275 animi
534 4211 637 4276 nostri
670 4211 810 4294 speeies,
842 4215 996 4295 repetere.
1048 4207 1111 4276 Sed
1138 4215 1171 4274 et
1198 4211 1251 4284 lu'e

110 4317 251 4384 animum
275 4318 314 4384 ad
339 4341 386 4402 ea,
409 4340 492 4402 quae
514 4317 676 4401 dicuntur,
699 4317 746 4382 ita
770 4317 936 4382 advertere
958 4317 1127 4398 debemus,
1151 4321 1186 4382 nt
1210 4317 1251 4384 ab

109 4425 187 4510 ipsis
201 4448 313 4492 turena
332 4425 519 4492 nominibus
533 4425 737 4508 incipiamus,
755 4445 857 4508 neque
873 4424 1058 4490 existimare
1073 4423 1252 4508 Platonem,

983 4544 1040 4600 ³2*
