3210 5148
615 379 857 448 -475-

162 535 274 624 ‘tdyoc
295 543 449 626 σημαίνει
472 537 535 626 τὴν
562 535 668 627 ὀργὴν
695 547 850 626 πολεμεῖν
874 539 977 606 ἐνίοτε
1010 553 1081 619 ταῖς
1104 539 1307 627 ἐπιθυμίαις,

163 641 219 724 ’ὥς
241 641 321 714 ἄλλο
345 641 386 714 ὂν
409 643 508 738 ἄλλῳ.
527 649 706 733 ·σημαίνει
730 644 809 734 γάρ,
833 648 919 732 ἔφη]
964 645 1065 714 πάλιν
1092 644 1155 715 κᾶν
1177 647 1308 728 τούτοις

162 748 181 819 ὁ
200 749 345 820 Πλάτων
368 754 604 838 ἐπιδείκνυσιν,
627 751 672 832 ὡς
695 751 809 840 ἔτερόν
832 754 900 820 ἐστι
922 751 960 822 τὸ
985 751 1225 841 ἐπιθυμητικὸν
1247 757 1308 822 τοῦ

162 855 389 946 ὀργιζομένου,
411 858 669 948 προσχρώμενος
696 859 851 947 δηλονότι
879 863 924 951 τῷ
947 858 1030 927 κατὰ
1053 856 1156 948 ἀρχὰς
1177 855 1308 928 ὑποκει-

161 965 251 1055 μένῳ
274 961 448 1052 ἀξιώματι,
472 963 518 1046 ὡς
541 963 602 1034 οῦκ
625 967 791 1054 ἐνδέχεται
814 965 851 1035 τὸ
875 962 1019 1055 ἀκριβῶς
1041 969 1079 1034 ἐν
1101 966 1156 1034 καὶ
1180 959 1335 1034 ἆπλοῦνέ

161 1071 217 1139 καὶ
240 1068 430 1142 ἀσύνθετον
453 1069 635 1162 ὀρέγεσθαί
653 1099 745 1152 τινος
762 1073 817 1141 καὶ
836 1069 1080 1161 ἀποτρέπεσθαι
1103 1073 1157 1141 καὶ
1180 1078 1309 1160 χαίρειν

162 1181 207 1269 τῷ
235 1174 324 1270 αύτῷ
352 1181 408 1248 καὶ
432 1184 678 1268 δυσχεραίνειν,
706 1176 790 1248 ἀλλὰ
813 1177 1012 1268 ἀναγκαῖον,
1041 1181 1155 1266 ἕτερον
1182 1179 1243 1268 μὲν
1269 1179 1307 1248 τὸ

165 1286 355 1372 ἐπιθυμοῦν
369 1285 560 1356 θεάσασθαι
577 1285 657 1366 τοὺς
670 1285 820 1372 νεκρούς,
839 1287 954 1376 ἕτερον
973 1287 1009 1354 dt
1027 1283 1066 1355 τὸ
1084 1291 1217 1356 κωλῦον
1230 1285 1308 1356 θεύ-

164 1400 303 1476 σασθαι,
325 1392 381 1461 καὶ
403 1391 449 1474 ὥς
470 1397 515 1486 τῷ
544 1393 606 1481 μέν
629 1395 850 1482 ἐπιθυμοῦντι
872 1393 1005 1473 πάντως
1030 1392 1098 1462 πού
1124 1419 1174 1474 τις
1200 1389 1308 1481 ἡδονὴ

162 1497 244 1566 κατὰ
267 1497 329 1587 τὴν
351 1502 438 1570 θέαν
465 1498 604 1588 ἤμελλεν
631 1505 783 1586 ἔσεσθαι,
809 1505 854 1592 τῷ
883 1499 920 1570 δέ
947 1499 1111 1570 κωλύοντι
1134 1498 1308 1588 θυσχέρειύ
1324 1525 1349 1564 ιο

163 1605 274 1672 τεκαὶ
302 1601 389 1676 ιἰνία.
433 1607 471 1676 τὸ
500 1606 564 1696 γαρ
588 1604 779 1694 ὀργίζεσθαι
801 1611 846 1700 τῷ
871 1608 1092 1694 ἐπιθυμοῦντι
1114 1607 1169 1674 καί
1194 1608 1309 1693 δυσχε-

163 1716 293 1796 ραίνειν
315 1709 420 1782 αύτοῦ
442 1729 514 1794 ταῖς
539 1712 658 1800 ὁρμαῖς
679 1715 734 1782 καὶ
761 1713 904 1782 κωλύειν
927 1715 1057 1782 ἐθέλειν
1082 1738 1118 1781 τε
1144 1725 1216 1792 ταῖς
1243 1713 1310 1780 ἐπι-

163 1824 304 1904 θυμίαις
331 1820 484 1909 ἐπιτιμᾶν
511 1847 545 1890 τε
573 1821 627 1889 καὶ
657 1822 847 1910 μέμφεσθαι
875 1817 1058 1889 καὶπάνθ’
1087 1817 1150 1888 ὅσα
1172 1821 1309 1887 τοιαῦτα

162 1924 284 2010 μέρους
307 1927 420 2016 ἑτέρου
442 1933 501 2017 τῆς
523 1933 629 2017 ψυχῆς
652 1933 752 2016 ἔργον
774 1929 873 2016 ἐστίν,
896 1925 957 1996 οῦκ
980 1923 1169 1996 αὐτοῦτοῦ
1193 1928 1309 1995 ἐπιθυ-

201 2147 213 2194 1
239 2135 321 2210 λόγος
343 2142 525 2211 χαλεπαίνειν
547 2137 600 2214 τὴν
622 2137 711 2212 ὀργὴν
739 2141 828 2197 ΜΑΒ
850 2147 874 2196 λ.
897 2144 1028 2214 σημαίνει
1050 2162 1074 2197 τ.
1098 2135 1122 2196 d.
1147 2141 1253 2196 LChK.
1276 2173 1309 2182 —-

164 2205 253 2280 ύρχὴν
276 2213 441 2282 χαλεπαίνει
465 2211 513 2266 καλ
536 2217 670 2284 πολεμεῖν
689 2212 729 2268 ch
752 2209 776 2268 ύ.
795 2215 977 2283 χαλεπαίνειν
996 2212 1044 2268 καί
1063 2233 1090 2266 π.
1110 2212 1148 2279 Κ;
1171 2212 1205 2266 ei.
1225 2213 1308 2267 Proll.

163 2299 190 2372 p.
214 2289 256 2338 59.
282 2314 313 2324 -
341 2279 429 2339 ἐνίοτε
454 2287 587 2354 πολεμεῖν
610 2291 672 2345 ταῖς
694 2285 728 2350 L;
754 2284 788 2338 ci.
807 2285 892 2339 Proll.
915 2303 943 2356 p.
965 2290 1022 2338 ns.
1048 2315 1080 2322 -
1110 2289 1125 2337 2
1150 2278 1233 2338 ἄλλον
1279 2301 1308 2338 ro

163 2357 230 2408 αλλο
253 2347 287 2410 dv
310 2355 340 2410 L.
365 2385 397 2394 —
427 2357 595 2424 σημαίνηται
615 2353 710 2424 έφηΙι
739 2357 861 2440 τημαίνχ
884 2375 913 2410 τε
940 2353 986 2423 ἐφ.
1006 2354 1035 2408 Μ
1058 2355 1189 2422 σημαίνει
1213 2372 1240 2408 τε
1259 2302 1308 2422 ἐφ.

163 2427 216 2480 ΑΒ
234 2444 258 2480 c.
278 2421 345 2495 γὰρ,
369 2423 414 2496 ἐφ.
435 2425 515 2482 Corn.
536 2425 614 2481 ChK.
641 2458 671 2466 -
697 2433 949 2512 λπροσχρωμενον
972 2426 1002 2479 L.
1027 2457 1059 2464 —
1084 2425 1177 2494 δηλῶν
1200 2419 1234 2479 ού
1258 2442 1310 2494 pro

163 2492 294 2564 δηλονότι
312 2499 343 2552 L.
363 2529 396 2540 -
416 2503 432 2552 5
452 2487 504 2552 οῦν
521 2515 573 2568 pro
592 2491 645 2553 ούκ
664 2497 743 2552 L..-
763 2505 780 2554 8
799 2501 908 2553 κωλῦον
926 2497 1097 2553 LMABCh.
1118 2525 1151 2535 -
1171 2501 1186 2552 9
1206 2491 1237 2550 τὸ
1257 2493 1310 2567 μὲν

163 2569 200 2624 Μ.
221 2599 253 2608 -
281 2563 397 2624 πάντων
420 2569 475 2624 ποῦ
499 2568 540 2630 ric
559 2569 596 2623 M.
621 2598 653 2608 —
684 2575 717 2625 10
736 2567 850 2640 ἔμελλεν
868 2570 899 2624 L.
924 2599 956 2608 —
988 2575 1019 2623 11
1043 2565 1148 2622 α’νίατα
1168 2561 1199 2622 τὸ
1219 2567 1256 2622 Μ.
1276 2599 1309 2608 -

166 2646 198 2724 la
216 2634 343 2764 κὶλεύειν
366 2658 417 2711 pro
442 2634 561 2695 κωλύειν
579 2640 610 2694 L.
635 2671 668 2682 -
692 2635 741 2704 τὰς
765 2635 921 2711 ἐπιθυμίας
944 2639 974 2696 L.
999 2671 1032 2680 -
1059 2645 1091 2694 14
1115 2633 1150 2694 ού
1173 2633 1238 2694 κατ’
1258 2654 1310 2710 pro

164 2729 217 2766 ουκ
261 2741 320 2765 .-

165 2891 393 2975 spcctaculo
417 2891 638 2958 satiamini?
674 2891 832 2975 Audivi,
856 2893 997 2978 inquit,
1021 2892 1170 2976 etipse.
1206 2893 1309 2958 Haec

163 3020 268 3083 vero,
290 2999 459 3086 inquam,
482 3001 658 3066 narratio
682 2999 794 3066 docet
816 3001 912 3065 iram
930 3021 1202 3084 nonnunquam
1225 3021 1309 3064 cum

164 3104 450 3190 cupiditatibus
487 3127 672 3192 pugnare,
712 3111 908 3190 tamquam
949 3105 1057 3170 aliud
1098 3128 1181 3171 cunr
1218 3106 1309 3173 alio.

162 3209 288 3278 Docet
316 3213 429 3298 enim,
457 3212 605 3300 inquit'
650 3213 762 3278 Etiam
789 3213 850 3278 hec
874 3213 1020 3279 oratione
1043 3211 1138 3278 Plato
1162 3214 1310 3298 concupi·

164 3323 308 3384 scentem
335 3324 462 3404 partem
494 3319 655 3386 diversam
689 3319 729 3385 ab
759 3319 919 3384 irascente
947 3341 1017 3384 esse
1045 3319 1200 3403 ostendit,
1232 3341 1309 3384 usus

163 3425 317 3490 nimirum
341 3449 393 3512 eo,
415 3425 501 3512 quod
523 3449 543 3491 a
566 3427 728 3511 principio
752 3427 875 3511 posuit,
897 3425 1125 3512 pronuntiato,
1152 3426 1222 3490 fieri
1244 3448 1310 3492 non

163 3552 270 3615 posse,
292 3537 341 3616 ut,
364 3535 449 3618 quod
474 3555 572 3598 uuum
595 3535 765 3598 dumtaxat
787 3537 820 3599 ct
837 3532 979 3618 simplex
1003 3555 1040 3598 ee
1063 3554 1128 3598 non
1152 3534 1311 3618 composi-

165 3638 235 3700 tum
258 3637 315 3720 sit,
342 3639 476 3718 eundem
498 3662 567 3705 rem
595 3639 693 3705 simul
721 3643 855 3724 appetat
882 3644 916 3704 et
938 3643 1115 3723 aversetur,
1143 3641 1311 3704 cademot

164 3743 306 3828 gaudeat
324 3748 357 3810 et
379 3745 574 3831 indignetur,
597 3747 653 3812 sed
675 3767 806 3812 necesse
825 3768 895 3812 esse
919 3747 1105 3828 aliudesse,
1127 3747 1213 3829 quod
1236 3768 1309 3811 con·

165 3849 311 3934 cupiscat
338 3855 484 3935 spectare
513 3853 684 3937 cadevera,
715 3853 817 3936 aliud,
849 3853 943 3937 quod¹
961 3849 1148 3937 prohibeat,
1175 3855 1208 3914 et
1236 3873 1309 3918 con-

164 3955 343 4040 cupiscenti
362 3958 491 4044 quidem
509 3983 641 4044 prorsus
660 3961 863 4045 voluptatem
881 3959 990 4025 nescio
1010 3979 1106 4042 quam
1126 3979 1164 4022 ex
1183 3961 1310 4042 specta-

164 4064 237 4130 culo
255 4064 400 4131 futuram
418 4065 529 4151 firisse,
551 4066 740 4151 prohibenti
759 4069 873 4133 contra
892 4064 1076 4131 molestiam
1101 4068 1134 4130 et
1156 4064 1311 4131 dolorem.

162 4169 249 4236 Nem
272 4171 370 4236 irasci
394 4173 648 4258 concupiscenti,
675 4173 895 4257 appetitiones
919 4173 988 4236 eius
1011 4171 1143 4257 indigne
1170 4171 1254 4238 ferre
1278 4177 1311 4238 et

163 4276 349 4363 prohibere,
372 4278 456 4344 velle
479 4278 674 4363 cupiditates
702 4279 870 4363 increpare
894 4281 927 4342 et
954 4263 1116 4362 corripere
1140 4281 1309 4366 ceteraque

162 4382 259 4450 huius
286 4385 415 4471 generis
444 4384 527 4450 alius
555 4385 659 4470 partis
683 4386 798 4470 anion,
825 4408 891 4452 non
918 4385 1021 4471 ipsius
1050 4387 1309 4476 concupiscentis
