3246 5148
617 409 747 482 -lo
795 451 835 463 „

144 575 272 646 leenses
299 573 497 662 non'poueo
525 578 694 644 sustulisse
724 599 822 661 supro
854 578 1160 660 demonstravimus,
1192 575 1295 643 multo

144 687 242 770 pluro
262 687 371 750 eutem
390 681 578 750 Chorterius
602 684 743 750 sustulit
780 683 829 748 Ao
846 683 1025 750 Nominum
1043 685 1173 768 quidem
1191 685 1295 750 exitus

145 815 318 876 perversos
351 813 424 856 oum
453 792 535 856 elios
563 794 634 856 tum
658 791 719 857 hos
748 790 901 857 correxit:
931 813 961 876 p.
985 791 1051 856 282
1083 791 1223 875 ψυχικῆς
1248 793 1298 867 τίς

146 897 240 963 ἐστιν
263 891 489 982 ἀναθυμίασις
507 893 630 985 (ΜΑΒ)
649 898 684 962 in
707 893 829 981 ψυχική
852 921 881 962 κ.
903 920 930 962 τ.
953 902 982 963 λ.
1004 897 1158 982 mutavit,
1180 920 1211 981 p.
1232 897 1297 962 352

146 999 274 1089 δώματ’
301 1007 412 1090 ἔχουσι
436 1001 558 1091 (MAB)
581 1005 617 1069 in
640 1003 668 1068 δ.
692 1000 878 1088 ἐχόντων,
900 1027 931 1089 p.
955 1004 1021 1070 380
1044 1001 1144 1089 χωρὶς
1171 1005 1298 1087 βίβλων

147 1109 274 1198 (ΜΑΒ)
297 1111 331 1175 in
354 1113 487 1195 χωρίοις
509 1113 554 1194 β.,
578 1111 719 1176 fortasse
743 1113 874 1177 auotore
898 1111 1083 1176 Alexandro
1105 1109 1298 1194 Iustiniono,
1361 1095 1362 1100 ἵ

147 1239 179 1302 p.
198 1219 263 1282 491
284 1217 357 1299 είδη
376 1213 413 1280 ἐν
431 1217 519 1302 ψυχῇ
539 1213 675 1294 ἐνόντος
692 1215 816 1304 (ΜΑΒ)
835 1218 869 1282 in
888 1213 1023 1296 ἐνόντα,
1041 1241 1072 1302 p.
1090 1217 1153 1282 647
1173 1211 1299 1299 ὄγδοον

147 1319 330 1408 ὑπόμνημα
361 1323 419 1407 τῆς
449 1318 608 1410 ἡμετέρας
638 1328 861 1409 πραγματείας
893 1318 1082 1407 ἀναγνόντα
1110 1320 1232 1410 (ΜΑΒ)
1264 1322 1299 1385 in
1336 1353 1341 1360 ·

148 1425 341 1514 ἀναγνόντι.
391 1427 453 1494 Sed
480 1429 585 1494 multe
616 1431 682 1496 alin
716 1431 784 1496 eius
817 1431 944 1516 generis
972 1430 1054 1496 vitio
1085 1451 1151 1495 non
1184 1429 1293 1494 obser-

149 1537 254 1623 vavit;
277 1535 376 1621 quid?
408 1536 494 1620 quod
515 1558 602 1602 nove
629 1537 807 1622 commisit,
834 1538 952 1623 quibus
981 1537 1050 1602 edd.
1073 1536 1137 1601 AB
1166 1534 1299 1600 curent?

149 1665 181 1727 p.
205 1643 269 1708 347
297 1646 377 1706 extr.
404 1664 533 1706 versum
560 1642 769 1708 Homericum
794 1647 839 1709 sio
872 1643 1016 1728 scripsit:
1043 1639 1148 1727 Ἥρης
1180 1635 1211 1706 δ’
1239 1635 1300 1707 οὐκ

150 1751 248 1834 ἔχαδε
272 1749 397 1832 στῆθος
419 1744 535 1832 χόλον,
558 1748 618 1814 ΑΒ
642 1754 755 1816 oontre
777 1746 841 1838 ἥρη
866 1752 887 1815 i.
910 1773 936 1815 e.
951 1744 1053 1836 ''pr3
1081 1772 1111 1833 p.
1135 1750 1200 1814 479
1225 1751 1300 1813 ante

151 1856 235 1920 med
261 1851 324 1940 τὴν
350 1853 424 1940 περὶ
451 1856 520 1920 τῶν
546 1857 667 1948 παθῶν
694 1851 782 1946 αὐτῷ
808 1853 946 1942 γνῶμην
973 1852 1188 1940 ἐξητάκαμεν,
1215 1855 1302 1920 idem

153 1961 294 2046 Kuehn,
317 1961 375 2026 ΑΒ
394 1984 460 2027 non
483 1961 589 2050 αὐτῷ,
613 1963 669 2027 sed
687 1967 773 2030 reete
791 1959 897 2030 αὐτοῦ
919 1959 976 2050 (so.
993 1963 1055 2028 τοῦ
1073 1958 1302 2047 Χρυσίππου);

152 2089 184 2152 p.
213 2069 274 2132 711
306 2068 387 2132 med.
414 2069 515 2133 verbo
543 2091 560 2132 e
587 2069 720 2136 Timaeo
751 2069 899 2135 Platonis
929 2070 1082 2154 decerpta
1114 2070 1161 2134 sio
1189 2068 1303 2134 edidit:

151 2170 190 2239 τὸ
209 2175 353 2259 πνεῦμα·
372 2168 436 2239 ὑπὸ
452 2167 624 2260 τοῦ-ἀέρος
642 2182 720 2240 elom
740 2172 796 2241 διὰ
817 2177 935 2263 μανῶν
951 2177 1020 2242 τῶν
1034 2177 1167 2259 σαρκῶν
1186 2169 1303 2259 δυόμε-

152 2305 217 2345 νον
245 2279 300 2346 καλ
327 2278 629 2366 περιελαυνόμενον
664 2286 811 2366 γίγνεται
837 2283 966 2367 πλῆρες.
1013 2281 1117 2347 MAB
1145 2281 1304 2366 praebent
1403 2306 1411 2318 ·

153 2383 324 2472 δυόμενον
359 2387 414 2453 καὶ
446 2387 763 2474 περιελαυνομένου,
800 2387 990 2454 Cherterius
1026 2411 1099 2454 oum
1136 2383 1303 2471 δυόμενον

153 2493 245 2558 feoili
267 2494 401 2580 negotio
424 2495 459 2560 in
478 2494 645 2579 δυομένου
663 2498 790 2560 mutere
807 2497 931 2580 posset,
954 2495 1070 2560 mendo
1090 2494 1145 2559 uni
1165 2493 1304 2558 alterum

155 2599 275 2664 adiecit
297 2619 432 2686 eumque
460 2601 587 2666 Kuehn.
616 2605 744 2666 seoutus
772 2603 830 2666 est
879 2600 966 2686 Lege
994 2601 1096 2686 igitur
1120 2596 1305 2684 δυομένου

153 2703 211 2770 καὶ
242 2706 587 2791 περιελαυνομένου.
641 2708 675 2772 Ρ.
703 2707 768 2774 586
799 2709 843 2773 in.
875 2708 1020 2792 scripsit:
1053 2701 1114 2772 οὐκ
1146 2701 1210 2790 ἐγῶ
1243 2705 1306 2771 τοῦ

153 2809 282 2896 μήκους
308 2814 366 2897 τῆς
392 2817 615 2899 πραγματείας
641 2819 746 2890 αίτιος
772 2851 830 2896 —-‚
862 2807 933 2879 ἀλλ’
968 2815 1004 2878 οί
1028 2814 1163 2893 ψευδῶν
1194 2809 1306 2897 λόγων

155 2956 200 2966 --
225 2914 288 2985 οὐκ
314 2915 428 3003 όλίγας
449 2917 682 3006 πληρώσαντες
703 2921 855 3002 βίβλους,
878 2913 922 2998 ἀς
949 2923 979 2985 εί
1000 2918 1062 3005 μὲν
1090 2915 1306 3004 ἀνελέγκτους

154 3050 205 3102 τις
228 3032 340 3091 εἴασεν
362 3064 420 3109 -,
445 3021 506 3092 οόκ
528 3019 572 3091 ἀν
595 3022 702 3092 ἐδόκει
725 3028 867 3109 βεβαίοις
893 3020 1131 3112 ἀποδεδεῖχθαι
1154 3021 1307 3110 τάληθές.

155 3131 241 3197 Cum
264 3137 350 3198 recte
365 3127 499 3216 ὀλίγους
513 3130 636 3220 (MAB)
655 3134 690 3198 in
713 3127 827 3216 ὀλίγας
849 3137 1023 3220 mutasset,
1046 3134 1179 3203 modum
1201 3135 1306 3197 truns-

155 3240 197 3304 iit
224 3240 325 3304 etiem
349 3235 431 3321 οὕς,
459 3240 545 3324 quod
575 3239 669 3305 MAB
698 3241 869 3326 praebent,
900 3242 935 3307 in
963 3236 1001 3319 ἀς
1023 3241 1202 3327 corrigens3
1229 3260 1306 3304 nam

156 3367 223 3411 uon
251 3346 290 3410 de
316 3345 410 3411 libris
438 3347 617 3412 refutandis
645 3347 824 3432 quaeritur,
854 3347 911 3411 sed
939 3347 977 3413 de
1004 3347 1186 3414 rationibus
1212 3345 1306 3410 falsis

156 3451 309 3537 (ψευδῶν
335 3449 477 3540 λόγων),
505 3454 589 3539 quod
615 3453 719 3534 etiem
747 3454 914 3539 sequentis
940 3455 1041 3520 verbe
1066 3450 1228 3519 contrarie
1251 3473 1307 3536 po·

158 3559 223 3623 site
242 3559 273 3623 εί
295 3551 326 3622 δ’
353 3556 501 3645 ἐξήλεγχε
524 3556 671 3636 πάντας
694 3556 767 3644 ἑξῆς
790 3555 893 3624 ἐπιῶν
909 3561 1033 3627 docent
1070 3559 1185 3626 Nihilo
1202 3558 1306 3622 secius

157 3663 286 3730 Kuehn.
319 3666 349 3729 ei
381 3687 531 3731 assensus
564 3669 621 3732 est.
669 3665 739 3730 Neo
766 3667 874 3731 minus
905 3667 990 3732 mule
1017 3689 1069 3732 res
1097 3667 1127 3731 ei
1153 3665 1309 3731 suecessit

158 3795 191 3856 p.
213 3773 278 3837 467
304 3771 363 3838 snb
387 3773 454 3857 fin,
476 3772 533 3837 ubi
557 3771 698 3838 Gelonus
722 3772 761 3836 de
779 3772 948 3839 Posidonii
966 3773 1067 3840 Stoioi
1090 3771 1164 3859 περὶ
1187 3773 1308 3837 παθῶν

158 3879 244 3944 libro
271 3879 379 3962 primo
407 3879 561 3944 iudicium
588 3878 671 3943 feeit
698 3878 744 3944 sio
767 3879 925 3946 scribens:
954 3877 1063 3946 ἕπεται
1087 3873 1118 3945 δ’
1149 3868 1251 3955 αὖθις
1273 3876 1307 3964 (l.

160 3980 278 4074 εὐθὺς)
301 3988 408 4063 τοίςδε
431 3984 486 4051 καλ
510 3981 528 4052 ὁ
551 3985 625 4071 περὶ
648 3986 716 4050 τῶν
739 3978 866 4067 ἀρετῶν
888 3981 987 4070 λόγος
1009 3981 1126 4064 αὐτὸς
1149 3987 1247 4068 ἔχων
1269 3980 1306 4048 τὸ

159 4088 297 4176 σφάλμα
321 4087 448 4175 διττόν,
477 4087 534 4158 εἴτ’
565 4088 743 4176 ἐπιστήμας
769 4114 819 4169 τις
841 4085 970 4170 ἀπάσας
996 4088 1098 4170 αι’πὰς
1121 4097 1184 4156 εἴτε
1208 4085 1308 4154 δυνό-

159 4223 233 4284 μεις
258 4193 422 4282 ὑπολάβοι
449 4197 545 4286 (ltem
569 4197 720 4288 Kuehn).
767 4200 862 4265 MAB
891 4192 1010 4276 αὐτὰς
1038 4201 1123 4282 ἔχων
1151 4196 1309 4280 seriptum

160 4307 297 4390 hebent,
320 4303 379 4371 Oh.
402 4306 607 4372 scribendum
630 4329 700 4374 esse
724 4307 849 4372 sensuit
872 4299 1002 4382 αὐτός;
1027 4303 1111 4369 nihil
1135 4306 1243 4368 eutem
1268 4303 1309 4368 ed

160 4413 226 4480 looi
248 4413 471 4499 integritatem
494 4413 576 4477 lueri
597 4413 689 4501 feeit3
706 4435 782 4479 'non
811 4413 897 4479 enim
920 4410 1088 4478 Posidonii
1115 4409 1154 4475 de
1178 4410 1307 4477 virtuti·

215 4527 297 4571 σιιειιε
311 4528 338 4568 ει
352 4527 412 4568 uuo.
427 4527 483 4568 nur.
497 4529 520 4567 ει
534 4527 641 4576 urppoer.
656 4527 714 4568 rurs
1079 4519 1097 4570 4
