3298 5136
777 386 1020 448 --ιιιἡ

325 542 487 629 φήσομεν,
502 539 583 608 ἀλλά
600 538 670 627 ‘rip'
684 534 725 608 οὗ
735 544 857 628 μέρους
871 539 888 608 δ
904 540 1002 626 λόγος
1014 543 1219 628 ἐκπέμπεται,
1233 539 1334 609 καὶτὸ
1349 548 1472 628 λογίζε-

325 658 406 715 σθαι
430 647 511 716 κατὰ
531 647 637 716 ἐκεῖνό
662 675 695 715 τε
719 651 773 715 καὶ
794 650 831 715 έν
854 649 968 738 ἐκείνῳ
993 651 1169 733 γίνεσθαί.
1206 653 1311 734 δῆλον
1335 647 1398 734 γὰρ
1417 649 1473 734 δή,

325 754 375 824 ὅτι
399 754 435 821 τὸ
461 757 562 821 ἐκεῖσε
588 751 660 820 ἀντὶ
685 758 746 821 τοῦ
775 756 842 821 ε’κεῖ
863 753 881 822 ό
906 754 1100 842 Χρύσιππος
1123 764 1269 842 εἴρηκεν,
1293 753 1372 844 ὅπερ
1397 764 1473 822 ίσον

326 861 464 928 δύναται
489 865 534 951 τῷ
559 863 595 927 έν
620 862 734 950 ἐκείνῳ
758 865 802 951 τῷ
827 863 916 948 μέρει
940 865 1001 928 τοῦ
1025 860 1175 948 σώματος
1202 859 1345 950 (οὐγὰρ
1369 861 1410 949 δὴ
1433 863 1472 930 τό

299 992 360 1054 ιγε
386 973 432 1047 εἰς
455 970 560 1035 έκεῖνο
585 967 621 1035 τὸ
641 967 762 1055 μόριον
786 965 927 1052 ι’γγητέον
951 965 1055 1035 αὐτὸν
1078 967 1261 1053 βούλεσθαι
1286 973 1414 1054 δηλοῦν
1437 970 1474 1036 έν

325 1081 369 1165 τῷ
394 1078 503 1160 λέγειν
528 1075 660 1160 ἐκεῖσε),
684 1069 747 1140 κάν
771 1072 817 1140 ὅτι
845 1073 985 1158 μάλιστα
1012 1075 1049 1142 τὸ
1079 1075 1140 1162 μὲν
1165 1077 1267 1142 ἐκεῖσε
1295 1079 1342 1154 είς
1368 1074 1474 1142 τόποι·

260 1173 346 1270 95ηῇ
378 1185 521 1267 δηλοῦν,
548 1180 584 1248 τὸ
615 1180 651 1246 δέ
679 1181 747 1246 έκεΐ
773 1182 809 1246 έν
845 1183 848 1264 l
883 1179 980 1270 τόπῳ.
1031 1187 1227 1262 σολοικίζειν
1255 1180 1318 1267 γὰρ
1346 1186 1474 1268 μᾶλλον

325 1285 533 1374 ὑποληπτέον
562 1290 598 1354 ἐν
620 1291 659 1375 τῇ
683 1291 780 1374 φωνῇ
808 1285 868 1354 τὸν
894 1286 1089 1373 Χρύσιππον
1121 1286 1201 1374 ἥπερ
1230 1287 1317 1356 οὕτω
1344 1313 1472 1375 προφα-

327 1399 392 1472 νῶς
415 1393 598 1481 ἀδιανόητα
618 1395 738 1480 λέγειν·
763 1391 799 1460 τὸ
824 1393 885 1480 μέν
909 1393 972 1479 γάρ
998 1398 1118 1473 ἱκανῶς
1136 1393 1283 1481 σύνηθες
1307 1392 1396 1487 αὐτῷ
1420 1397 1474 1462 καὶ

289 1501 435 1588 ιομόνου
463 1500 504 1569 οὐ
532 1499 610 1568 καθ’
642 1501 783 1586 ἑκάστην
812 1503 911 1586 ῥῆσιν
935 1499 1131 1587 γινόμενον,
1159 1503 1196 1568 τὸ
1226 1501 1262 1567 δὲ
1290 1498 1475 1589 ἀδιανόητα

328 1611 437 1694 λέγειν
461 1605 625 1694 οὐδαμῶς.
671 1610 775 1674 ἐνίοτε
805 1607 868 1692 γάρ
897 1632 963 1674 που
989 1608 1043 1674 καὶ
1068 1613 1175 1694 ψευδῆ
1204 1608 1302 1694 λέγει,
1324 1608 1475 1694 καθάπερ

328 1715 382 1781 καὶ
407 1713 488 1781 κατὰ
507 1719 628 1782 τοῦτον
642 1714 702 1781 τὸν
721 1714 835 1799 λόγον,
859 1711 941 1781 ἀλλά
966 1711 1027 1782 οὐκ
1046 1712 1230 1801 ἀδιανόητα
1250 1736 1301 1800 γε·
1326 1717 1476 1803 διαφέρει

329 1818 393 1907 γὰρ
421 1821 577 1906 πάμπολυ
609 1819 646 1887 τὸ
680 1825 805 1900 ψεῦδος
835 1825 896 1887 τοῦ
929 1818 1142 1907 ἀδιανόητον.
1188 1821 1256 1888 ἐπεὶ
1288 1827 1407 1889 τοίνυν
1439 1822 1475 1888 τὸ

331 1929 433 1994 ἐκεῖσε
457 1925 530 1994 ἀντὶ
558 1931 618 1994 τοῦ
647 1929 715 1994 ἐκεῖ
740 1926 974 2014 πιθανώτερόν
1003 1930 1093 1994 ε’στιν
1122 1931 1277 2014 εἰρῆσθαι
1305 1927 1389 2014 πρὸς
1416 1933 1477 1996 τοὺ

293 2059 316 2097 ιο
332 2041 543 2122 Χρυσίππου,
572 2037 701 2120 γένοιτο
731 2029 815 2120 ἀνίη
841 2037 935 2122 ῥησις
962 2040 1009 2114 εἰς
1035 2034 1097 2120 τὴν
1124 2037 1191 2102 τῶν
1209 2031 1379 2120 Ἑλλήνων
1407 2033 1477 2102 διό-

332 2149 447 2208 λεκτον
470 2150 718 2228 persequerere
741 2141 867 2208 τοιάδε·
892 2139 991 2208 ‘iiten
1019 2138 1037 2208 ὁ
1061 2139 1160 2226 λόγος
1184 2141 1389 2227 ἐκπέμπεται,
1413 2143 1480 2209 έκει·

369 2421 468 2480 2κατ’
491 2422 588 2480 έκείνω
613 2428 645 2480 A.
677 2457 707 2466 -
737 2435 753 2480 4
783 2428 819 2480 τώ
841 2422 939 2480 lautu
963 2447 1012 2480 του
1042 2426 1121 2496 μέρει
1145 2429 1173 2482 L.
1195 2459 1226 2466 —-
1257 2435 1273 2481 5
1297 2421 1367 2480 αότὸ
1388 2428 1423 2480 Μ,

333 2499 418 2565 δῆλον
444 2495 533 2552 αόιόν
556 2499 577 2551 L
603 2499 707 2564 δηλοῦν
731 2499 795 2551 lin.
821 2530 852 2536 -‚
884 2506 897 2552 ’λ
923 2502 1070 2561 σολιιιίζειν
1089 2500 1125 2552 ll.
1151 2531 1183 2538 „-
1213 2506 1228 2552 8
1257 2500 1336 2565 εἴπερ
1364 2499 1478 2551 LMln

332 2565 404 2637 ἤπερ
429 2570 507 2622 ChK.
531 2601 566 2608 -
595 2577 610 2624 9
635 2569 707 2636 λέγει
734 2570 788 2621 Lll
817 2567 909 2637 λέγειν
938 2571 1074 2622 ΑλλλῖλιΚ.
1104 2602 1135 2609 -
1169 2577 1199 2622 10
1223 2564 1360 2636 ἀδινόητιτ
1385 2571 1421 2623 Μ.
1446 2601 1477 2608 -

335 2647 367 2693 12
387 2660 416 2707 γε
437 2643 501 2708 post
519 2635 613 2693 ἀδιιιν.
634 2659 686 2693 om.
708 2639 735 2692 L¹
758 2672 788 2678 -
819 2649 848 2694 ll
871 2641 918 2694 τοῦ
941 2637 1039 2694 έκείνιο
1059 2642 1087 2694 Μ
1107 2642 1155 2694 τοῦ
1178 2637 1208 2694 έν
1229 2637 1328 2713 ἐκείνῳ
1349 2641 1479 2695 Anchi(

334 2712 383 2763 τοῦ
405 2707 467 2764 turs
478 2712 506 2764 L.
529 2743 558 2750 -
580 2708 633 2778 πρὸ
654 2712 702 2764 τοῦ
721 2713 754 2764 lll.
776 2743 807 2781 .-

335 3001 367 3065 ‘o
391 3022 454 3084 quo
478 3003 570 3085 parte
595 3001 699 3065 oratio
724 3001 893 3081 emittitur,
917 3001 1002 3064 eirea
1025 3001 1117 3066 illem
1137 3005 1169 3065 et
1192 3003 1226 3066 in
1250 3025 1288 3066 oo
1311 3003 1479 3068 meditatio

335 3111 393 3173 fiat
416 3131 545 3173 neeesse
571 3106 641 3170 est?
686 3106 849 3171 Nimirum
875 3108 961 3190 illue,
984 3109 1004 3172 i.
1028 3131 1053 3173 e.
1078 3109 1163 3172 enim
1188 3107 1306 3191 ἐκεῖσε,
1330 3131 1389 3192 pro
1413 3110 1479 3173 illie

336 3214 429 3303 (ἐκεῖ)
454 3215 655 3298 Chrysippus
684 3217 807 3298 posuit,
834 3215 918 3296 qnod
943 3214 1076 3278 eundem
1101 3215 1168 3279 vim
1195 3215 1296 3278 habet
1323 3220 1420 3300 atque
1447 3217 1479 3280 iu

248 3307 256 3316 ¹
335 3324 394 3387 illu
422 3325 514 3406 porte
540 3321 686 3404 eorporis
713 3357 757 3366 -
787 3343 851 3384 non
876 3322 977 3404 enim,
1001 3343 1073 3385 eum
1101 3321 1184 3386 dixit
1205 3322 1298 3404 illue,
1328 3322 1363 3386 in
1390 3322 1479 3386 illum

336 3435 461 3514 purtem
489 3429 631 3494 voluisse
663 3427 810 3509 intellegi
839 3429 1001 3510 putandus
1030 3432 1079 3490 est
1111 3465 1168 3510 —,
1202 3449 1400 3512 quamquam
1432 3428 1482 3492 vel

336 3538 476 3602 maxime
498 3536 575 3600 illue
599 3535 634 3598 in
657 3535 774 3617 locum,
796 3533 864 3596 illie
888 3534 922 3596 in
944 3535 1017 3599 loeo
1041 3534 1213 3618 signifieat.
1252 3533 1339 3598 Nom
1363 3534 1397 3599 in
1421 3535 1481 3600 hoc

336 3665 414 3706 voce
438 3642 665 3706 soloecismum
690 3639 890 3704 commisisse
914 3641 1147 3704 existimandus
1171 3641 1280 3724 potius
1308 3645 1359 3704 est
1386 3665 1480 3726 quam

337 3748 384 3811 ita
406 3771 536 3831 prorsus
555 3748 795 3813 inconsiderata
815 3747 1052 3831 pronuntiasse,
1071 3747 1189 3831 quippe
1209 3770 1282 3812 oum
1301 3748 1382 3812 illud
1402 3749 1481 3813 satis

339 3853 368 3917 ei
386 3855 548 3918 familiare
568 3857 612 3919 sit
630 3856 760 3938 fereque
780 3855 813 3919 in
834 3855 970 3938 singulis
991 3854 1097 3918 verbis
1116 3854 1251 3938 aecidat,
1274 3854 1336 3919 hoc
1351 3855 1482 3919 minime

339 3965 529 4025 consuetum
562 3963 613 4025 sit.
668 3961 761 4026 Licet
793 3963 878 4026 enim
908 3961 1080 4045 aliquando
1110 3961 1208 4044 falsa,
1242 3962 1326 4026 sieut
1356 3962 1391 4026 in
1422 3963 1482 4026 hue

339 4067 478 4149 ratione,
500 4091 565 4132 non
592 4073 701 4133 tomen
728 4069 968 4134 inconsiderata
998 4067 1090 4152 dicit,
1117 4089 1190 4132 oum
1217 4068 1336 4132 falsum
1372 4070 1414 4133 ab
1437 4069 1482 4134 in·

340 4174 544 4239 considerato
580 4197 676 4258 qumn
710 4176 885 4258 plurimum
921 4175 1028 4238 distet.
1084 4175 1243 4251 Quoniam
1275 4175 1377 4260 igitur
1408 4198 1483 4240 vero

340 4281 473 4365 propius
497 4283 546 4344 est
569 4281 645 4346 illue
668 4305 727 4365 pro
752 4283 818 4344 illie
842 4283 964 4345 dietum
988 4304 1008 4345 a
1027 4279 1210 4366 Chrysippo
1234 4305 1313 4364 esse,
1335 4283 1369 4346 in
1393 4303 1483 4368 groe-

341 4411 411 4452 eam
427 4388 642 4454 elocutionem
659 4392 783 4452 mutata
798 4391 902 4452 omlio
919 4390 994 4452 talis
1011 4391 1060 4452 fit:
1086 4388 1181 4453 ‘unde
1196 4388 1300 4454 oratio
1316 4388 1484 4470 emittitur,
