3114 5146
778 403 822 411 -
867 365 933 430 392
979 403 1022 410 --

326 524 504 591 συστέλλει.
543 529 652 592 καίτοι
675 520 754 592 οὐδὲ
777 521 814 592 τὸ
838 520 1034 610 πρόσφατον
1058 523 1158 609 ἐχρῆν
1182 521 1347 608 ἐγκεῖσθαι
1367 538 1451 607 maj

249 627 387 716 Ι417τὸν
411 627 509 716 ὅρον,
532 638 622 716 εἰπερ
646 626 757 717 ἀληθῆ
781 627 821 696 τὰ
845 629 1053 716 Χρυσίππου.
1097 627 1180 696 κατὰ
1207 627 1272 716 γάρ
1298 627 1358 716 τὴν
1382 629 1454 714 γνό-

326 761 393 823 μηυ
416 731 520 804 αὐτοῦ
543 740 671 824 μᾶλλον
699 734 846 824 μεγάλου
873 739 978 804 κακοῦ
1000 730 1020 824 ἢ
1044 732 1304 824 άνυπομουήτου
1326 730 1346 822 ἢ
1371 732 1450 822 deuo

325 841 476 930 τερήτου,
490 841 642 931 καθάπερ
657 840 757 922 αὐτὸς
775 849 897 910 εἴωθεν
912 838 1099 930 ὀνομάζειν,
1116 842 1180 931 τὴν
1193 842 1305 929 λύπην
1318 844 1455 930 εἰρῆσθαι
1541 857 1542 876 ’

300 953 396 1017 ὸέδει
421 949 535 1036 δόξαν,
559 946 601 1018 οὐ
624 948 829 1037 πρόσφατον.
866 955 951 1018 ἔνθα
970 950 1025 1018 καὶ
1046 949 1185 1036 διχόθεν
1208 947 1227 1018 ὁ
1247 947 1459 1026 Ποσειδώνιος

328 1053 490 1143 ἀντιλέγει
527 1059 572 1148 τῷ
610 1062 808 1148 Χρυσίππῳ,
848 1056 931 1125 κατὰ
968 1055 1029 1144 μέν
1065 1060 1187 1125 τοῦτον
1218 1054 1280 1124 τὸν
1318 1053 1459 1142 δεύτερον

328 1161 470 1251 ὁρισμὸν
498 1160 760 1250 ἀναμιμνήσκων
788 1165 856 1232 τῶν
882 1189 917 1230 τε
945 1167 1062 1250 σοφτόν
1094 1163 1149 1232 καὶ
1176 1167 1245 1232 τῶν
1273 1161 1460 1252 προκοπτόν
1542 1209 1543 1212 ¹

328 1297 411 1356 των,
439 1268 484 1351 ὡς
512 1276 702 1358 ἔμπροσθεν
725 1279 865 1357 εἴρηται·
894 1273 930 1338 οί
954 1269 1015 1357 μὲν
1046 1267 1110 1356 γάρ
1138 1270 1175 1337 έν
1202 1275 1370 1356 μεγίστοις
1394 1267 1458 1356 άγιι-

328 1387 421 1464 uoce,
457 1381 493 1446 οί
520 1378 557 1446 δὲ
589 1378 626 1445 έν
662 1382 829 1465 μεγίστοις
860 1391 973 1456 κακοῖς
1006 1375 1145 1456 ἑαυτοὺς
1181 1373 1461 1464 ὑπολαμβάνοντες

291 1508 321 1547 ιο
330 1481 416 1552 εἶναι
444 1482 534 1572 ὅμως
561 1480 602 1552 οὐ
634 1489 785 1570 γίνονται
813 1481 870 1551 διὰ
897 1487 996 1552 τοῦτο
1027 1485 1064 1551 έν
1091 1482 1208 1552 πάθει·
1238 1483 1326 1552 κατὶι
1353 1483 1388 1552 δὲ
1412 1483 1462 1550 τόν

329 1595 462 1678 πρῶτον
492 1593 597 1680 ἐρωτᾷ
628 1589 691 1678 τὴν
723 1595 852 1676 αἰτίαν,
889 1588 945 1658 διὰ
975 1586 1018 1678 ἢν
1047 1587 1109 1678 οὐχ
1139 1588 1161 1677 ἡ
1193 1594 1251 1678 τῆς
1284 1593 1346 1658 τοῦ
1374 1592 1463 1658 κακοῦ
1543 1623 1544 1640 ÷

330 1703 514 1785 παρουσίας
546 1693 633 1780 δόξα
658 1695 721 1785 τὴν
751 1695 878 1784 λύπην,
911 1693 994 1766 ἀλλὰ
1027 1693 1047 1785 ἡ
1080 1695 1274 1784 πρόσφατος
1314 1695 1464 1784 ἐργάζεται

330 1803 485 1892 μόνη...
509 1811 568 1872 καί
583 1825 677 1892 φησι,
697 1802 783 1872 διότι
801 1807 868 1872 πᾶν
885 1802 923 1872 τὸ
943 1801 1128 1892 ἀμέτρητον
1150 1805 1205 1872 καὶ
1225 1805 1325 1886 ξένον
1346 1800 1466 1892 duodus

331 1910 736 1998 προσπίπτον-ἐκπλήττει
759 1936 793 1978 τε
816 1910 871 1978 καὶ
894 1913 961 1992 τῶν
984 1913 1135 1979 παλαιῶν
1158 1911 1306 1998 ἐξίστησι
1329 1917 1466 1996 κρίσεων,

294 2037 318 2078 1⁵
332 2014 481 2104 ἀσκηθὲν
509 2016 544 2086 δὲ
573 2018 628 2086 καὶ
651 2016 860 2087 συνεθισθὶν
886 2018 941 2086 καὶ
968 2013 1174 2106 χρονίσανῆ
1202 2015 1283 2086 οὐδὲ
1313 2017 1396 2097 ὅλως
1416 2019 1466 2098 έξί-
1544 2063 1545 2078 ι

333 2143 461 2211 στησιν,
485 2121 530 2204 ὥς
552 2122 634 2192 κατά
653 2124 764 2204 πάθος
786 2138 901 2210 κινεῖν,
925 2120 945 2211 ἢ
970 2125 1021 2192 ἐπὶ
1043 2122 1165 2211 μικρὸν
1186 2129 1326 2215 κομιδῇ·
1349 2124 1465 2194 διὸκαὶ

370 2331 382 2376 1
405 2317 554 2391 έγγεῖσθαι
567 2321 605 2376 Μ.
621 2351 653 2362 -
673 2327 689 2376 ³
709 2315 761 2390 τὴν
775 2315 898 2391 μεγάλου
912 2319 943 2374 Μ
956 2321 1007 2376 τοῦ
1020 2341 1049 2406 μ.
1064 2319 1207 2384 euch&
1227 2323 1385 2379 Articulum
1397 2320 1466 2376 eieci·

333 2411 409 2461 mus;
434 2393 469 2448 et'.
492 2392 577 2448 Pron
601 2411 628 2462 p.
655 2399 713 2448 116.
738 2421 770 2432 -
796 2399 813 2446 4
836 2389 969 2459 εἰρῆσθαι
992 2392 1082 2458 δοξαν
1104 2391 1237 2448 nnssch
1265 2393 1318 2464 είρ.
1348 2389 1428 2464 ἐχρῆν
1446 2395 1467 2444 ί.

334 2463 414 2520 Corn.
439 2463 489 2534 είρ.
514 2461 574 2518 ἔδει
597 2467 623 2520 δ.
643 2463 675 2517 Κ.
700 2494 732 2503 -
762 2469 778 2517 5
801 2457 966 2532 προσφάτου
991 2463 1070 2519 οοδδ.
1095 2462 1158 2518 edd.
1181 2459 1350 2534 πρόσφατον
1372 2481 1424 2520 οοο
1441 2493 1466 2502 -

334 2543 350 2592 8
370 2534 398 2590 εί
414 2533 466 2605 μὲν
485 2535 523 2590 Μ.
541 2565 577 2576 —-
601 2541 634 2590 13
654 2537 719 2588 unte
738 2535 790 2588 καί
806 2552 876 2602 φησι
899 2537 945 2602 (ετ.
964 2528 1143 2603 nodotum
1166 2535 1201 2590 es.
1221 2536 1290 2591 Bau.
1311 2535 1401 2592 Poeid
1418 2535 1467 2588 rell.

334 2611 444 2733 μέθη
467 2605 760 2732 ομηοοΠοΚοτοίδίεεε
783 2605 921 2661 videntur.
945 2637 978 2646 -
1006 2611 1038 2660 14
1063 2601 1191 2662 ἐκπίπτει
1210 2605 1347 2663 Mnsscn
1371 2602 1472 2662 έιιττοει·

396 2694 411 2733 e
446 2697 484 2732 κτι
501 2696 578 2746 ηττει
624 2707 683 2733 .—

337 2810 547 2818 ...—-——

336 2877 540 2963 Quamquam
562 2898 603 2942 ne
630 2899 741 2942 reeens
770 2877 898 2962 quidem
921 2877 1000 2961 poni
1027 2876 1141 2942 debuit
1166 2877 1201 2942 in
1227 2875 1470 2962 definitione,si

336 2983 465 3069 quidem
493 3005 570 3049 vera
601 2989 691 3068 sunt,
720 3005 802 3068 quae
825 2981 1028 3068 Chnysippus
1055 2983 1146 3048 dixit.
1194 2983 1283 3050 Num
1313 3007 1353 3052 ex
1379 2983 1470 3071 ipsius

337 3090 498 3156 sententia
520 3091 632 3176 magni
655 3090 734 3154 muli
757 3090 867 3174 potius
891 3091 1077 3174 opinionem
1100 3095 1159 3156 eut
1183 3091 1403 3158 intolerabilis
1425 3102 1471 3156 eut

336 3197 545 3283 impetibilis,
572 3199 609 3260 ut
631 3195 702 3279 ipse
726 3196 810 3262 solet
832 3197 1012 3282 appellare,
1040 3197 1279 3283 aegritudinem
1301 3199 1368 3264 diei
1389 3219 1470 3282 opor·

336 3305 414 3388 tuit,
440 3325 507 3370 non
529 3305 699 3368 recentem.
743 3302 807 3369 Hie
837 3304 936 3370 etium
964 3304 1089 3371 duobus
1116 3303 1329 3388 expertibus
1353 3303 1471 3370 Posido

336 3410 408 3476 nius
428 3408 647 3496 Chrysippum
667 3409 846 3495 impugnat.
882 3409 921 3476 In
943 3410 1004 3478 hoe
1027 3411 1208 3496 posteriore
1225 3409 1358 3496 quidem
1377 3409 1473 3476 defini·

338 3517 426 3582 tione
455 3516 653 3582 mentionem
676 3516 771 3602 fucit,
798 3519 834 3581 ut
862 3539 961 3603 supro
983 3517 1138 3600 diximus,
1165 3520 1199 3581 et
1225 3517 1422 3602 sapientium
1446 3526 1471 3578 et

338 3622 591 3708 proficientium,
618 3645 755 3708 quorum
783 3623 833 3688 illi
860 3625 895 3690 in
922 3624 1059 3688 summis
1086 3623 1194 3706 bonis,
1221 3623 1256 3688 hi
1286 3625 1322 3692 in
1349 3623 1472 3690 summis

339 3728 434 3793 mulis
458 3751 491 3792 se
511 3751 581 3794 esse
605 3729 775 3814 opinantes
798 3753 1002 3816 nequequam
1026 3733 1136 3796 tomen
1158 3731 1279 3796 idcireo
1302 3731 1339 3796 in
1360 3733 1472 3816 pertus·

339 3835 505 3900 bationem
528 3835 687 3922 incidunt3
709 3836 744 3902 iu
766 3839 874 3920 priore
897 3843 1007 3904 eutem
1026 3859 1157 3904 oausam
1180 3837 1317 3922 quaerit,
1341 3859 1398 3902 eur
1417 3857 1472 3900 non

339 3941 520 4026 proesentis
544 3941 622 4007 muli
648 3943 772 4028 opinio,
795 3944 850 4008 sed
874 3965 985 4010 reeens
1007 3947 1136 4010 tontum
1155 3943 1393 4028 aegritudinem
1415 3941 1472 4006 eot-

340 4048 414 4112 eiot.
429 4099 436 4114 .
451 4098 481 4113 ..
530 4047 696 4134 Dicitque,
727 4054 900 4136 propterea
933 4051 1018 4137 quod
1045 4071 1141 4118 omne
1173 4049 1472 4116 immoderatumet

339 4177 469 4238 novum,
492 4157 520 4222 si
539 4161 670 4242 repente
689 4157 847 4242 inciderit,
866 4161 1008 4224 mentem
1027 4158 1179 4224 exturbat
1196 4163 1294 4244 utque
1312 4179 1352 4222 ex
1370 4153 1472 4242 priori·

340 4261 398 4328 bus
421 4261 550 4329 iudiciis
573 4262 687 4346 deicit,
715 4287 774 4329 usu
802 4267 911 4330 autem
935 4270 968 4330 et
993 4263 1225 4332 consuetudine
1248 4267 1412 4349 receptum
1433 4261 1472 4326 iu·

341 4373 583 4456 veteretumque
620 4373 676 4435 out
715 4371 847 4438 omnino
880 4393 947 4437 non
983 4371 1096 4457 deicit,
1131 4375 1169 4437 ut
1204 4369 1471 4460 perturbationem
