3228 5148
591 395 834 459 —121-

139 557 195 622 fin
219 559 253 621 et
275 579 305 641 p.
328 557 395 621 260
417 556 499 620 med.
526 556 561 620 in
583 553 676 620 MAL
705 554 818 618 eadem
847 553 1019 618 collocatio
1047 551 1221 635 invenitur3
1250 550 1290 614 cf.

139 663 243 728 ctiam
270 685 300 747 p.
328 663 394 727 256
422 666 501 726 extr.
528 665 561 726 et
588 683 619 746 p.
647 662 711 727 258
740 660 822 724 med.
854 657 890 724 ἐκ
920 659 989 724 τῶν
1020 657 1170 742 συνεχῶν
1201 650 1290 744 αὐτῷ

138 773 287 854 μορίων,
319 791 350 853 p.
378 769 444 834 210
467 771 546 832 extr.
579 765 630 832 ἐπὶ
662 762 703 832 τὰ
735 767 857 850 συνεχῆ
888 776 959 841 τοῖς
990 757 1292 847 ἀποδεδειγμένοις,

139 897 171 960 p.
197 875 264 940 600
286 897 317 959 p.
340 876 422 939 med.
446 872 498 940 ίιτί
520 869 561 938 τὰ
589 874 711 957 συνεχῆ
733 883 804 949 τοὶς
828 869 1030 955 εἰρημένοις,
1059 893 1089 954 p.
1116 870 1181 934 666
1210 869 1292 932 med.

140 976 201 1046 διὰ
228 981 297 1046 τῶν
324 981 475 1066 συνεχῶν
501 981 542 1067 τῇ
569 977 791 1065 προειρημένῃ
820 977 918 1060 λέξει,
950 1000 981 1061 p.
1009 977 1073 1042 689
1101 976 1144 1040 in.
1172 971 1223 1038 ἐπὶ
1252 969 1292 1038 τά

141 1087 266 1170 συνεχῆ
299 1088 343 1175 τῷ
376 1083 464 1176 λόγῳ
497 1086 572 1172 (τοῦ
603 1083 707 1170 λόγου
737 1083 939 1171 MABOhK).
984 1083 1035 1148 Ab
1059 1083 1120 1147 hac
1143 1082 1293 1167 legitima

141 1194 359 1260 collocatione
378 1193 441 1258 duo
459 1197 598 1274 tantum,
617 1193 701 1277 quod
720 1193 835 1274 sciam,
855 1189 1059 1274 excipiuntur
1077 1189 1140 1254 loci
1160 1211 1180 1252 a
1198 1187 1291 1254 MAI.

141 1299 258 1365 eodem
290 1300 386 1365 modo
419 1300 547 1383 traditi,
578 1322 609 1383 p.
637 1301 703 1366 520
735 1301 777 1364 in.
808 1293 848 1362 τά
881 1293 943 1382 μὲν
969 1292 1139 1382 ἐγκεφάλῳ
1171 1295 1292 1377 συνεχῆ

141 1401 246 1491 μόρια
276 1411 310 1470 et
338 1406 416 1470 ibid.
447 1410 521 1470 ante
552 1407 632 1470 med.
660 1405 698 1470 αί
719 1402 781 1488 μὲν
810 1406 849 1491 τῇ
877 1405 998 1488 καρδίᾳ
1026 1412 1189 1484 συνεχεῖς,
1217 1422 1293 1465 nam

141 1533 174 1596 p.
199 1511 265 1576 260
286 1512 368 1576 med.
387 1510 422 1576 έκ
443 1513 512 1577 τῶν
534 1513 685 1597 συνεχῶν
707 1515 836 1596 μορίων
854 1505 942 1598 αὐτῷ
961 1510 1079 1575 vitiosa
1098 1508 1293 1572 collocatum

142 1641 205 1702 pro
228 1616 265 1682 ἐκ
286 1619 355 1684 τῶν
378 1619 528 1702 συνεχῶν
551 1613 640 1708 αὐτῷ
663 1622 793 1704 μορίων
816 1617 897 1682 mihi
920 1616 1056 1681 videtur.

236 1724 321 1788 Aliis
344 1725 426 1790 locis
449 1725 484 1788 in
502 1724 568 1789 MA
587 1749 783 1811 quamquam
803 1723 1005 1808 comparatio
1025 1745 1098 1787 cum
1118 1719 1171 1786 Ol.
1195 1721 1294 1803 deest,

143 1835 257 1896 tamen
290 1833 387 1896 certis
421 1833 621 1916 argumentis
656 1832 760 1897 evinci
797 1836 907 1916 potest
942 1830 1088 1895 ordinem
1123 1829 1294 1893 verborum

145 1938 232 2002 male
260 1938 424 2004 inversum
452 1960 530 2002 csse.
580 1938 615 2002 P.
639 1938 703 2002 529
731 1943 806 2003 ante
828 1940 881 2003 fin.
910 1932 993 2003 ἀλλά
1023 1937 1122 2001 τοῦτο
1150 1931 1212 2019 μὲν
1235 1934 1294 2009 είς-

145 2045 249 2121 asoa
270 2039 526 2128 ἀναβεβλήσθω·
550 2043 654 2123 δείξαι
678 2041 742 2129 γάρ
760 2040 954 2128 πρότερον
972 2037 990 2107 6
1010 2041 1116 2125 λέγων
1134 2035 1295 2104 ἀπέλιπον

145 2153 276 2233 ἔγνωκα
304 2151 369 2216 MA
393 2149 546 2238 (BOhK),
575 2155 610 2215 at
632 2173 745 2216 sensus
768 2175 834 2216 non
858 2155 921 2216 est:
947 2149 1049 2234 ‘prius
1072 2148 1294 2212 demonstrare

145 2257 302 2340 decrevi',
326 2259 380 2322 scd
404 2256 500 2322 ‘nunc
518 2261 665 2322 revertor
683 2257 723 2322 ad
745 2258 793 2342 id,
816 2258 899 2322 unde
918 2257 1071 2340 degressa
1089 2257 1140 2318 est
1157 2251 1295 2338 oratio’3

145 2362 258 2447 itaque
281 2386 341 2429 nos
363 2361 527 2449 πρότερον
549 2368 626 2450 post
652 2359 671 2429 6
694 2365 806 2448 utiquc
830 2363 1053 2429 collocandum
1079 2383 1149 2425 esse
1173 2359 1296 2424 censui-

148 2493 230 2534 mus.
275 2470 309 2534 P.
332 2471 396 2536 531
422 2472 481 2536 sub
506 2475 558 2536 fin.
581 2466 732 2556 ὀνομάζω
757 2466 793 2534 δὲ
817 2469 966 2554 ῥίζωσιν,
994 2463 1075 2552 ὅπερ
1103 2461 1220 2549 ὀλίγον
1243 2468 1296 2550 έμ-

147 2582 300 2661 προσθεν
323 2574 497 2643 ἐδείκνυον
519 2574 556 2643 τὸ
580 2575 734 2643 κάτωθεν
752 2575 852 2662 μέρος
870 2569 977 2661 ἀρχὴν
1000 2569 1085 2640 εἶναι
1102 2574 1164 2639 τοῦ
1187 2573 1298 2656 φυτοῦ

147 2681 215 2746 MA
230 2679 382 2770 (BOhK),
405 2706 465 2749 nos
488 2686 690 2750 restituimus
709 2679 860 2770 ὀνομάζω
880 2679 916 2748 δὲ
935 2682 1070 2767 ῥίζωσιν
1087 2676 1125 2746 τὸ
1144 2676 1298 2745 κάτωθεν

148 2785 264 2872 μέρος,
292 2783 372 2873 ὅπερ
395 2827 439 2837 -
462 2793 571 2875 φυτοῦ
598 2792 671 2857 coll.
697 2814 728 2876 p.
757 2791 822 2856 523
850 2793 930 2854 extr.
959 2811 1046 2873 seqq.
1091 2787 1153 2852 ΡΡ.
1176 2787 1240 2853 643
1266 2809 1297 2870 p.

149 2917 192 2960 m.
220 2899 253 2960 ct
281 2897 346 2961 673
375 2901 453 2962 extr.
481 2896 536 2962 καλ
564 2894 628 2982 γάρ
656 2899 741 2962 male
769 2898 804 2962 in
831 2897 897 2961 MA
921 2895 1124 2961 collocatum.
1143 2895 1178 2960 in
1207 2915 1298 2958 suam

149 3001 260 3066 sedem
284 3002 495 3069 restituonmt
517 3005 723 3070 Basileenses
747 3001 800 3088 (cf.
824 3025 924 3086 supra
950 3023 981 3084 p.
1004 2999 1071 3088 41).
1121 3001 1156 3065 P.
1180 3001 1244 3065 666
1268 3023 1298 3084 p.

148 3108 192 3172 in.
221 3103 242 3192 ἦ
269 3132 303 3173 τε
330 3110 502 3188 πλεονεξία
529 3109 584 3176 καλ
612 3105 632 3196 ἡ
661 3112 773 3175 ἔνδεια
800 3111 991 3193 διαφθείρει
1019 3102 1082 3191 τὴν
1107 3100 1298 3190 εὐκρασίαν,

148 3207 189 3278 έν
219 3201 240 3300 ᾖ
271 3215 348 3280 των
380 3213 544 3300 πρώτων
580 3213 770 3302 σωμάτων
803 3211 824 3300 ἡ
856 3209 965 3298 ὑγίεια
997 3211 1064 3278 MA
1078 3207 1232 3299 (Rom),
1265 3216 1299 3276 at

148 3321 276 3386 sanitas
299 3322 372 3406 ipsa
394 3324 429 3388 in
452 3324 632 3408 primorum
655 3346 738 3408 quae
761 3323 912 3388 dicuntur
935 3341 1107 3405 corporum
1136 3317 1298 3401 aequabili

149 3428 385 3511 temperatione
409 3430 572 3514 consistit3
595 3431 706 3514 itaque
725 3430 772 3495 sic
792 3428 1015 3495 collocandum
1035 3431 1086 3491 est
1102 3420 1166 3509 τὴν
1184 3417 1299 3507 εὐκρα-

150 3535 230 3598 σίαν
255 3534 323 3598 των
349 3531 490 3619 πράτων
518 3533 695 3621 σωμάτων,
728 3534 765 3601 έν
792 3523 812 3623 ᾗ
840 3529 860 3619 ἡ
893 3529 1010 3617 ὑγίεια.
1060 3533 1095 3597 Ρ.
1123 3531 1189 3598 655
1221 3533 1299 3594 extr.

149 3639 218 3705 cciv
241 3637 275 3718 έξ
297 3632 449 3725 ἀμέτρων
471 3635 556 3707 ὀκτω
580 3644 614 3708 Μ
637 3643 705 3708 των
729 3640 915 3726 ἑξαμέτρων
941 3634 1026 3706 ὀκτιό
1050 3640 1093 3726 A3
1120 3639 1188 3704 τῶν
1214 3631 1298 3702 ὀκτιό

151 3743 338 3831 ἑξαμέτρων
364 3747 533 3813 Kuehnius
561 3751 690 3814 demum
717 3749 871 3814 restituit.
922 3745 984 3812 Sed
1016 3747 1102 3810 idem
1135 3745 1199 3810 alio
1227 3745 1299 3809 loco

150 3852 232 3918 vitio
256 3852 385 3918 cuidam
404 3854 551 3920 codicum
570 3862 603 3920 et
622 3857 801 3922 editionum
820 3854 967 3920 indulsit:
990 3877 1021 3938 p.
1041 3854 1102 3918 801
1124 3856 1199 3917 ante
1218 3850 1299 3914 med.

150 3955 297 4024 MABOh
327 3960 531 4026 tradiderunt
558 3958 633 4028 οὔτε
665 3959 703 4028 τὸ
731 3958 852 4027 λευκὸν
878 3959 978 4045 μέρος
1004 3955 1082 4045 ἅμα
1107 3981 1147 4024 τε
1179 3952 1300 4022 λευκὸν

151 4059 239 4130 εἶναι
266 4063 319 4129 καλ
348 4065 452 4150 μέλαν
480 4063 557 4134 οὔτε
580 4065 617 4134 τὸ
645 4068 750 4154 μέλαν
771 4063 847 4153 άμα
870 4067 991 4154 μέλαν
1017 4091 1056 4132 τε
1079 4059 1300 4152 (μεμελάνθαι

151 4171 200 4258 M)
224 4169 279 4236 καὶ
303 4170 437 4252 λευκόν;
461 4175 492 4240 Κ
515 4177 680 4261 inpriore
703 4177 849 4242 membro
878 4171 954 4260 ἅμα
977 4169 1119 4240 λευκόν
1141 4193 1179 4237 τε
1203 4169 1300 4234 collo·

152 4278 242 4344 cavit
264 4282 378 4344 contra
401 4283 665 4348 consuetudinem
689 4281 819 4366 Galeni,
847 4281 902 4367 qui
925 4281 960 4345 in
982 4279 1034 4344 his
1060 4277 1152 4343 libris
1176 4275 1301 4340 duobus

151 4394 258 4461 modis
286 4388 354 4478 ἅμα
381 4411 455 4455 cum
477 4413 512 4456 τε
534 4427 578 4436 -
600 4392 660 4455 καί
679 4386 742 4478 (τε)
765 4389 958 4474 coniungere
982 4385 1074 4452 solet
1118 4383 1186 4450 Aut
1213 4383 1300 4450 enim
