3246 5148
793 351 1011 413 ..χχ-

327 537 387 578 τον
405 507 572 597 τράχηλον
591 509 730 574 ἕκαστον
749 502 871 573 αὐτὸν
889 500 909 591 ἢ
925 499 1091 590 τίμνεινῆ
1110 507 1200 570 elev
1218 529 1246 570 κ.
1259 530 1287 571 τ.
1300 511 1330 571 λ.
1347 505 1490 571 Kuebn.

327 614 432 684 αὐτόν
455 619 539 682 male
559 615 700 681 mutavit
717 616 753 679 in
773 609 871 695 αῦτό,
894 613 1006 678 debuit
1024 617 1151 677 mutare
1170 613 1203 676 in
1222 605 1366 693 αὐτῶν,
1390 614 1490 696 quod

328 729 362 790 in
385 726 418 789 M
443 728 500 788 est.
546 723 580 787 P.
604 724 670 787 290
694 723 775 785 med,
799 719 1003 804 Chrysippus
1027 743 1092 784 non
1120 719 1203 783 dixit
1228 716 1303 804 περὶ
1331 707 1381 784 ὧν
1404 717 1490 802 ἑξῆς

329 829 547 915 ζητήσομεν,
573 829 844 914 quemadmodum
871 827 906 890 in
933 827 1001 891 edd.
1024 827 1181 910 scriptum
1210 831 1272 910 est,
1300 827 1356 890 sed
1385 822 1489 910 ζητή-

328 957 472 1022 σωμεν,
495 937 581 1022 quod
604 936 639 1000 M
663 934 806 1015 tradidit.
828 933 864 998 P.
884 935 947 998 756
966 937 1045 998 extr.
1068 933 1163 998 Plato
1186 931 1335 1016 (Phaedr.
1358 955 1390 1017 p.
1412 934 1488 997 273

328 1043 371 1131 E)
396 1044 481 1128 apud
506 1043 664 1107 Galerium
686 1035 881 1106 11ο1οῦπιο
910 1042 1000 1103 ἔσται
1023 1035 1172 1122 τεχνικός
1195 1040 1340 1123 scripsit,
1367 1062 1488 1123 quem-

329 1151 502 1214 admodum
522 1149 647 1213 Kuehn.
671 1148 753 1230 vult,
776 1169 835 1211 neo
859 1138 980 1209 οὔποτ’
1003 1147 1109 1227 ἔσται,
1131 1145 1218 1230 quod
1241 1147 1283 1210 ab
1307 1146 1379 1210 ald.
1402 1146 1488 1210 Bas.

330 1255 440 1320 Chart
465 1255 557 1320 foede
582 1255 703 1318 editum
727 1258 790 1336 est,
818 1253 873 1316 sed
898 1247 1058 1334 οὔποτε,
1085 1274 1167 1336 quae
1196 1254 1357 1336 scriptura
1385 1257 1418 1315 et
1449 1255 1487 1315 111

330 1363 497 1427 Marciano
517 1361 633 1426 Galeni
652 1365 685 1424 et
702 1361 737 1424 in
756 1358 930 1424 Clarkiano
955 1359 1102 1423 Platonis
1122 1355 1219 1442 (teste
1239 1359 1281 1423 M.
1303 1357 1487 1442 Sebanzio)

331 1469 502 1534 invenitur.
547 1468 695 1532 Ermdem
722 1466 892 1531 Plutonem
915 1487 945 1548 p.
974 1467 1037 1529 799
1066 1466 1148 1530 med.
1176 1465 1347 1549 scripsisse
1377 1459 1488 1529 οὐδὲν

330 1571 394 1659 ἀρα
418 1569 503 1659 ἡμᾶς
520 1575 588 1638 τῶν
605 1567 769 1638 τοιούτων
792 1568 1007 1655 λεγόμενον
1030 1568 1178 1654 ἐκπλήξει
1198 1570 1250 1658 (de
1270 1594 1335 1655 rep.
1355 1571 1486 1656 43613)

331 1685 470 1745 testatur
484 1680 684 1762 Marcianus,
698 1701 764 1741 non
779 1677 983 1762 λεγομένων,
999 1679 1083 1763 quod
1098 1678 1166 1742 edd.
1182 1678 1343 1742 exhibent.
1367 1677 1486 1742 Etiam

331 1812 343 1851 ι
368 1792 444 1852 etv
467 1787 551 1850 inter
575 1808 609 1848 se
632 1785 810 1868 permutari
833 1807 899 1849 non
922 1785 1040 1848 mirum
1064 1789 1122 1848 est
1163 1784 1271 1849 Unum
1295 1784 1484 1869 exemplum

332 1894 479 1957 afferam:
507 1914 537 1975 p.
562 1893 623 1956 741
648 1896 725 1975 post
751 1891 886 1956 in..edd.
911 1891 1070 1955 scribunt:
1099 1886 1213 1976 (γυνὴ)
1238 1885 1403 1974 ἀπόλεμος
1425 1889 1483 1954 καὶ

333 1993 374 2064 οὐ
397 1994 707 2082 φυλογνμναστμκή,
735 1998 820 2082 quod
848 1999 999 2062 mendum
1022 1998 1118 2062 facile
1142 2021 1159 2061 e
1181 1998 1329 2062 Platonis
1352 1996 1392 2061 de
1415 2020 1485 2080 rep.

331 2105 404 2170 loeo
433 2101 513 2189 (456
537 2103 581 2191 Α)
609 2105 772 2168 emendari
800 2105 910 2188 potuit
937 2102 1086 2190 (01111
1116 2105 1250 2188 praebet
1279 2102 1334 2168 καὶ
1365 2097 1485 2186 ἀφιλο-

333 2207 562 2296 γυμναστική).

425 2317 608 2402 Sequuntur
629 2339 740 2383 eorum
759 2317 960 2400 mendorum,
983 2339 1065 2400 quae
1089 2319 1139 2382 vel
1158 2317 1312 2382 ductuum
1331 2340 1483 2402 compen·

335 2427 524 2509 diorumque
548 2424 727 2492 similitudo
751 2426 803 2488 vel
823 2425 962 2488 caecitas
985 2424 1193 2490 librariorum
1212 2463 1254 2471 -
1274 2429 1411 2508 utraque
1429 2446 1484 2489 res

336 2556 432 2616 saepe
457 2532 569 2596 eodem
593 2531 677 2595 redit
696 2569 739 2577 -
759 2531 895 2615 creavit,
918 2530 1079 2614 exempla,
1102 2554 1184 2616 quae
1208 2531 1336 2616 quidem
1358 2553 1425 2595 non
1449 2532 1483 2595 in

336 2640 384 2722 M,
408 2639 464 2702 sed
488 2639 522 2702 in
545 2637 618 2701 Ald.
641 2638 858 2702 inveniimtur.
904 2637 1048 2702 Litterae
1072 2662 1092 2700 α
1116 2645 1149 2702 et
1171 2663 1221 2720 αι,
1245 2662 1266 2701 α
1290 2642 1323 2702 et
1345 2661 1383 2720 ω,
1407 2661 1428 2700 α
1452 2643 1483 2701 et

337 2769 390 2825 ευ,
414 2767 441 2808 ει
466 2747 500 2806 et
523 2767 541 2825 η
570 2743 656 2806 inter
684 2765 717 2807 se
745 2748 971 2827 permutantur
998 2743 1049 2807 his
1072 2745 1168 2810 locis:
1195 2766 1226 2827 p.
1250 2745 1314 2808 236
1342 2743 1386 2807 in.
1408 2738 1481 2826 τάχ’

338 2859 417 2927 lonis
444 2849 602 2932 ἐπιθυμεῖ
631 2873 680 2926 τις
711 2844 852 2915 ἀκοῦσαι
879 2888 923 2898 -
955 2846 1033 2926 τοὺς
1064 2851 1241 2926 κινοῦντας
1271 2851 1336 2934 μῦς
1364 2848 1485 2926 οἵτινές

337 2957 374 3023 τέ
396 2960 458 3022 είσι
481 2994 525 3003 -
548 2955 603 3021 καὶ
627 2959 702 3021 τίνα
725 2937 878 3041 δίχοντάι
902 2957 1004 3040 νεῦρα
1027 2955 1081 3021 καὶ
1100 2954 1187 3021 πόσα
1211 2954 1266 3021 καὶ
1284 2959 1404 3040 πηλίκα
1428 2957 1482 3022 καὶ

337 3061 419 3131 κατὰ
448 3068 483 3128 τί
509 3059 651 3148 μάλιστα
680 3061 780 3147 με’ρος
810 3061 843 3141 ἐξ
874 3060 1059 3146 ἐγκεφάλου
1088 3059 1394 3146 βλαστάνονται,
1424 3088 1483 3149 pro

338 3166 580 3255 βλαστάνονται
595 3192 704 3234 veram
721 3169 914 3254 scripturam
927 3165 1156 3251 βλαστάνοντα
1167 3169 1201 3234 Μ
1216 3171 1362 3254 praebet3
1377 3194 1408 3254 p.
1418 3173 1483 3235 497

339 3280 399 3342 sub
418 3281 471 3342 fin.
487 3271 504 3342 ὁ
525 3270 557 3340 δ’
575 3275 693 3361 ἔτερος,
712 3271 802 3352 ὅστις
820 3269 863 3338 ἀν
882 3270 1070 3340 ἀδικεῖσθαι
1092 3280 1223 3362 νομίζῃ,
1241 3277 1410 3361 θυμοῦται
1429 3277 1484 3342 καὶ

339 3388 527 3468 χαλεπαίνει
551 3381 605 3447 καὶ
629 3393 795 3466 συμμαχεῖ
814 3383 858 3470 τῷ
879 3383 1035 3447 δοκοῦντι
1056 3385 1198 3447 δικαία.
1220 3383 1311 3448 Idem
1332 3386 1484 3449 mendum

339 3493 373 3556 in
396 3491 471 3554 Bas.
495 3491 758 3575 (leprobeuditum
786 3487 932 3553 Charter.
961 3494 993 3552 et
1017 3489 1141 3554 Kuehu.
1169 3513 1235 3554 non
1263 3490 1370 3555 miuus
1400 3494 1485 3556 male

340 3601 451 3662 δίκαια
481 3599 745 3680 emendaverunt,
775 3596 861 3681 quod
891 3618 928 3660 eo
958 3597 1064 3680 magis
1095 3597 1277 3661 mirandum
1308 3603 1371 3680 est,
1400 3600 1485 3682 quod

341 3704 437 3788 paulo
461 3707 536 3767 ante
563 3705 661 3768 iidem
690 3705 793 3768 locum
821 3701 1026 3766 Platonicum
1055 3700 1107 3788 (de
1131 3725 1197 3786 rep.
1220 3705 1286 3767 440
1309 3702 1362 3790 O),
1390 3727 1484 3788 quem

342 3810 483 3873 Galenus
508 3809 672 3891 explanat,
697 3809 864 3873 emendate
889 3807 1088 3891 seripserunt
1110 3809 1154 3895 τῷ
1177 3810 1333 3874 δοκοῦντι
1355 3812 1487 3898 dauntre!

341 3915 376 3980 P.
399 3915 472 3979 520.
497 3916 560 3980 521
586 3913 689 4002 ἐντῷ
714 3910 824 4002 χρόνῳ
846 3910 1022 3996 βλάπτεται
1049 3910 1085 3980 τὸ
1111 3915 1195 4002 ζῷον
1222 3917 1269 3992 είς
1291 3910 1487 3998 ἀτροφίαν

341 4046 375 4087 τε
398 4018 453 4086 καὶ
477 4016 642 4104 ἀχροιαν
665 4016 787 4104 ἥπατος
810 4015 1043 4105 ἀτονήσαντος.
1088 4020 1208 4086 Veram
1233 4023 1427 4107 scripturam
1452 4024 1485 4087 M

342 4129 497 4193 servavit:
530 4130 577 4203 είς
607 4121 824 4210 εῦτροφίαν
853 4151 886 4192 τε
917 4125 972 4191 καὶ
1003 4121 1199 4210 εῦχροιαν.
1250 4129 1285 4193 Ρ.
1315 4129 1381 4193 545
1411 4136 1486 4194 ante

342 4236 424 4299 med.
446 4231 509 4318 τὴν
532 4229 563 4299 d'
589 4229 696 4318 ἀρχὴν
718 4235 776 4317 τῆς
799 4228 958 4316 εὑρέσεως
981 4228 1061 4298 αι’ντὸ
1085 4235 1184 4298 τοῦτο
1208 4229 1300 4319 οἶμαι
1323 4235 1486 4319 παρέξειν,
1517 4253 1521 4263 ·

343 4335 361 4405 11
384 4336 468 4424 πρὸς
490 4336 648 4406 ἁπάντων
671 4335 912 4424 ὁμολόμηται
939 4341 1007 4405 τῶν
1033 4335 1252 4424 ἀνατομικιῦν.
1298 4339 1356 4408 Oh.
1379 4365 1484 4408 emen-
