3444 5140
639 441 882 507 -roo-

182 595 202 684 ἡ
230 601 336 682 αίτία,
369 595 425 665 διὰ
456 592 500 683 ἣν
530 593 591 665 οὐκ
620 602 687 666 ἔστι
718 585 884 686 συνεχής(
901 596 1010 686 ὥσπερ
1034 596 1052 666 d
1080 602 1218 684 καῦσος,
1246 595 1330 668 aaut

182 707 362 772 διαλείπων
388 707 524 790 γίνεται.
569 707 672 772 ταῦτα
695 696 799 774 οὖνὸ
824 706 968 772 Πλάτων
991 700 1053 774 οὐκ
1076 700 1220 794 ἀκριβῶς
1242 709 1328 792 ἔγνω

180 813 237 898 τῆς
255 808 493 898 Ἱπποκράτους
521 810 653 898 τέχνης,
680 817 788 880 καίτοι
814 814 1017 901 πειρώμενος
1044 813 1183 882 ἕπεσθαι
1210 807 1328 901 τάνδρί

180 916 234 984 καί
258 917 393 1004 προσέτι
417 943 454 1003 γε
477 917 532 986 καὶ
555 919 629 1005 περὶ
652 923 713 989 τοῦ
736 923 858 989 λευκοῦ
868 920 1075 1008 φλέγματος.
1119 918 1156 988 τὸ
1180 919 1329 1007 μὲνγὰρ

178 1022 408 1111 πομφολύγων
431 1026 817 1114 έναπολαμβανομένων,
847 1023 1002 1114 ἀοράτων
1030 1025 1092 1114 μὲν
1115 1025 1171 1096 διὰ
1195 1027 1356 1114 σμικρά-ὅ

180 1156 273 1216 τητα,
296 1130 447 1220 καθάπερ
472 1129 572 1211 αὐτὸς
595 1137 671 1220 ἔφη,
695 1137 899 1204 συναπασῶν
922 1132 959 1202 δὲ
982 1132 1043 1202 τὸν
1066 1131 1168 1220 ὄγκον
1191 1158 1329 1222 παρεχο-

178 1238 302 1324 μένων,
326 1235 450 1326 ὁρατὸν
479 1242 665 1325 γεννᾶσθαι
701 1238 762 1308 τὸν
792 1241 949 1308 τοιοῦτον
980 1239 1090 1328 χυμὸν
1121 1237 1263 1328 εὔλογόν
1293 1265 1329 1308 τε

178 1341 247 1432 άμα
270 1345 324 1412 καὶ
348 1347 511 1415 πιθανόν·
539 1345 576 1416 τὸ
609 1347 645 1414 δὲ
674 1348 709 1414 ἐκ
732 1348 919 1434 συντήξεως
943 1342 1072 1436 ’ἁπαλῆς
1094 1346 1216 1436 σαρκὸς
1237 1347 1329 1435 γενέ-

178 1459 260 1518 σθαι
283 1451 362 1520 ποτὲ
386 1453 515 1540 φλέγμα
537 1456 605 1522 τῶν
625 1449 847 1522 ἀτοπωτάτων
870 1454 950 1540 ίστί,
972 1451 1061 1541 πλὴν
1083 1462 1117 1524 εί
1135 1481 1194 1542 τις,
1217 1452 1327 1540 ὥσπερ

177 1551 362 1645 Πρόδικοςζ
385 1555 602 1630 ὑπαλλάττων
629 1558 779 1648 τοῦνομα
806 1558 867 1630 τὸν
889 1559 1092 1648 πιιιοόχολον
1117 1559 1227 1650 χυμὸν
1250 1556 1326 1630 ὀνο·
1342 1579 1367 1620 ¹⁰

176 1665 271 1751 μάζει
295 1665 424 1753 φλέγμα
448 1665 504 1734 διὰ
527 1665 564 1734 τὸ
589 1673 735 1754 νομίζειν
758 1663 823 1735 άπὸ
847 1670 909 1734 τοῦ
931 1667 1117 1756 πεφλέχθαι
1140 1667 1203 1755 τὴν
1225 1677 1326 1756 ποοσ-

175 1775 320 1859 ηγορίαν
347 1767 437 1864 αὐτῷ
465 1774 649 1860 γεγονέναι.
698 1770 781 1841 ἀλλὰ
815 1771 834 1841 d
861 1799 898 1860 γε
931 1772 1076 1844 Πλάτων
1102 1770 1205 1856 αὐτὸς
1233 1771 1324 1865 uldel

175 1879 386 1966 θερμότατον
409 1877 490 1948 ὄντα
512 1879 573 1949 τὸν
590 1884 648 1968 τῆς
670 1882 825 1968 τοιαύτης
842 1884 942 1968 χολῆς
959 1879 1068 1970 χυμὸν
1087 1883 1125 1951 ἐν
1149 1877 1200 1962 οἷς
1221 1902 1327 1970 φησιν
1338 1897 1394 1954 100

94 2039 99 2052 .
178 1981 254 2052 ’ὅσα
278 1983 315 2053 δὲ
338 1992 556 2074 φλεγμαίνειν
579 1988 707 2074 λέγεται
729 1990 791 2056 τοῦ
814 1985 981 2075 σώματος,
1009 1985 1074 2058 άπὸ
1101 1993 1163 2060 τοῦ
1185 1985 1332 2058 κάεσθαί

177 2093 225 2158 ‘ve
249 2091 304 2158 καὶ
328 2083 511 2179 φλέγεσθαι
535 2092 592 2162 διὰ
614 2092 718 2180 χολὴν
741 2094 858 2182 γέγονε
880 2093 1000 2162 πάντά
1023 2093 1078 2164 καὶ
1102 2094 1231 2166 τούτων
1254 2097 1367 2184 &pe-1⁵

176 2199 234 2286 ξῆς
259 2198 487 2285 λαμβάνουσα
510 2199 572 2288 μὲν
595 2192 658 2268 οὖν
685 2197 861 2287 ἀναπνοὴν
889 2203 949 2283 ἔξω
972 2215 1116 2272 παντοῖα
1143 2199 1326 2291 ἀναπέμπει

212 2401 229 2447 2
247 2390 332 2450 ταῦτ’
352 2386 405 2450 οὖν
423 2395 452 2450 Μ
470 2396 557 2450 ταῦτα
576 2386 629 2450 οὖν
643 2395 696 2450 AB
714 2396 799 2451 τοῦτο
813 2387 866 2452 οὖν
880 2395 961 2453 Corn.
978 2397 1066 2466 chin
1086 2399 1120 2458 cf.
1135 2399 1220 2455 Proll.
1239 2417 1266 2470 p.
1281 2406 1324 2456 84.

176 2498 210 2506 —
231 2473 247 2520 3
266 2462 441 2536 ίπποκράτοο
460 2467 498 2522 M.
526 2499 558 2507 —
582 2467 668 2524 λααλ
690 2469 754 2536 post
777 2487 808 2536 γε
828 2485 883 2523 om.
906 2467 1048 2536 lacum
1073 2471 1107 2526 cf.
1131 2471 1215 2526 Proll.
1234 2489 1261 2542 p.
1281 2477 1324 2527 al.

175 2568 210 2578 —
231 2543 247 2591 b
267 2533 575 2611 ἐναπολαμβανόμενον
589 2539 684 2596 ΜΔΒ.
705 2570 738 2578 -
758 2545 774 2592 9
793 2533 887 2624 ὥσπερ
906 2557 959 2595 οτι.
980 2541 1059 2596 codd.
1077 2541 1157 2608 edd.;
1177 2541 1211 2597 cs.
1227 2542 1323 2612 Progr.

173 2609 210 2676 ll,
231 2614 262 2663 11
283 2609 348 2664 adn.
363 2616 388 2666 8.
408 2642 441 2650 —
462 2616 496 2665 10
515 2605 683 2664 ὖπαλλάτων
697 2609 734 2663 M.
754 2641 787 2650 -
809 2617 842 2666 14
860 2629 915 2665 οσα
933 2609 965 2666 dl
985 2632 1010 2666 ιι.
1029 2633 1052 2667 τ.
1072 2616 1095 2667 λ.
1115 2613 1186 2684 yRirn.
1227 2619 1283 2670 ,85
1295 2615 1325 2670 Β.

174 2711 208 2719 -
230 2675 389 2736 σαεάασθαι
404 2681 433 2736 Μ
452 2676 576 2738 κάεσθαι
589 2681 642 2736 AB
661 2681 797 2736 καίεσθαι
812 2679 891 2736 OhK.
911 2714 943 2723 —
965 2688 998 2738 16
1018 2675 1071 2738 οὖν
1089 2699 1143 2740 om.
1163 2702 1196 2741 co
1216 2684 1243 2740 d.
1262 2683 1325 2741 edd.

173 2749 294 2806 inseruit
312 2749 393 2806 Corn.
414 2783 446 2791 —
466 2753 589 2806 παντίαν
607 2752 632 2805 Δ
649 2753 789 2806 παντοίαν
809 2752 946 2808 MBChK
964 2761 1086 2810 παντοῖα
1106 2755 1187 2812 Corn.
1208 2787 1241 2798 -

174 2883 389 2890 -ι--η

173 2951 298 3016 ibidem
321 2949 563 3036 explicavimus.
604 2949 643 3016 In
666 2949 718 3016 bis
741 2949 843 3036 igitur
866 2950 961 3020 Plato
983 2951 1196 3038 Hippocratis
1220 2955 1325 3018 artem

171 3081 240 3124 non
264 3061 315 3122 est
337 3060 520 3143 assecutus,
542 3079 739 3142 quamquam
759 3057 851 3142 sequi
870 3079 944 3124 eum
963 3058 1087 3126 studuit
1108 3058 1205 3143 idque
1224 3060 1324 3124 etiam

172 3165 214 3230 de
233 3165 355 3250 pituita
373 3165 458 3231 alba.
495 3163 587 3242 Quod
606 3165 691 3230 cuim
707 3165 754 3230 ait
768 3186 806 3228 ex
825 3163 923 3230 bullis
942 3164 1077 3230 inclusis
1095 3164 1176 3231 adeo
1195 3164 1324 3252 quidem

172 3271 296 3357 parvis,
319 3276 356 3338 ut
379 3272 467 3337 cerni
491 3271 594 3338 oculis
613 3275 785 3356 nequeant,
807 3291 889 3355 quae
912 3273 1024 3336 tamen
1046 3275 1181 3338 cunctae
1204 3272 1323 3338 molem

173 3378 340 3466 quandam
370 3378 514 3444 efficiant
541 3379 765 3462 conspicuam,
795 3378 944 3462 generari
971 3377 1058 3444 huno
1084 3377 1267 3464 humorem,
1291 3381 1324 3443 et

173 3489 427 3552 consentaneum
460 3490 493 3551 et
523 3485 693 3570 probabile
727 3489 789 3570 est3
828 3487 863 3549 at
896 3506 934 3550 ex
967 3484 1195 3572 colliquefacta
1227 3505 1323 3550 earne

172 3592 268 3659 molli
296 3615 528 3678 nonnunquam
559 3592 714 3676 pituitam
746 3591 901 3656 exsistere
934 3590 1051 3656 stabrit
1082 3590 1324 3676 absurdissime,

172 3700 240 3766 nisi
263 3701 346 3784 quis,
369 3704 405 3764 ut
424 3698 588 3782 Prodicus,
610 3700 783 3764 immutato
806 3697 937 3764 nominc
956 3719 1086 3764 amarae
1110 3699 1186 3764 bilis
1209 3698 1322 3764 humo·

170 3828 242 3872 rem
273 3807 429 3892 phlegma
455 3809 622 3890 nuncupat
653 3804 842 3870 existimans
876 3827 895 3868 a
921 3802 1122 3890 πεφλέχθαι,
1154 3805 1240 3890 quod
1273 3809 1323 3869 est

171 3911 413 3978 inflammatum
436 3935 519 3998 esse,
543 3913 612 3976 eius
636 3911 891 3995 appellationem
917 3911 1001 3976 duci.
1047 3910 1108 3976 Sed
1132 3911 1228 3978 Plato
1252 3911 1322 3996 ipse

171 4018 399 4085 huiuscemodi
421 4019 498 4084 bilis
516 4018 687 4084 humorem
705 4017 942 4084 calidissimum
961 4039 1031 4084 essa
1049 4019 1150 4103 probe
1173 4039 1208 4084 se
1225 4039 1322 4084 nosse

171 4129 314 4190 testatur
337 4125 389 4190 his
414 4126 534 4192 verbis:
567 4123 840 4210 ‘Quaecunque
864 4147 953 4190 vero
983 4124 1162 4209 corporis
1189 4127 1322 4209 partes

172 4229 414 4296 inflammari
438 4232 634 4315 dicuntur,
661 4235 870 4318 propterea
892 4231 992 4318 quod
1015 4236 1178 4298 uruntur
1200 4235 1238 4295 ct
1261 4253 1320 4295 ar·

171 4337 279 4416 dent,
306 4341 467 4423 propter
494 4339 612 4404 bilem
640 4360 768 4404 omnes
792 4339 832 4404 in
859 4360 902 4402 eo
931 4341 1036 4404 statu
1064 4335 1179 4423 sunt’,
1207 4336 1321 4402 deinde

172 4445 237 4510 ita:
260 4443 433 4530 ‘Eadem
456 4445 522 4511 ubi
546 4448 656 4509 extra
679 4466 819 4530 corpus
845 4445 1127 4530 respirationis
1152 4443 1322 4510 facultas

232 4557 501 4600 (insumendam
515 4563 537 4598 et
552 4559 660 4608 Hippocr.
674 4559 732 4599 llbrl.
1072 4555 1107 4604 45
