3212 5146
592 387 929 452 -663-·

138 543 300 631 τρέψομαι
334 541 440 632 ἀρχῆν
472 541 536 612 dat
569 545 638 612 τῶν
669 548 821 630 φυσικῶν
853 552 1026 632 στοιχείων
1054 547 1285 636 ποιησάμενος.

117 645 333 736 ’ὀνομάζεται
361 650 423 738 μὲν
451 643 514 718 οὖν
546 666 720 738 στοιχεῖον,
753 650 833 736 ὅπερ
863 646 905 718 ἂν
936 650 1109 739 ἐλάχιστον
1137 647 1157 744 ᾖ
1185 657 1285 744 μέρος

139 759 269 825 ἐκείνου
295 761 357 825 τοῦ
384 756 590 845 πράγματος,
619 750 721 845 οὗπερ
749 755 793 826 ἂν
819 750 841 846 ῆ
867 773 1044 846 στοιχεῖον·
1073 763 1108 828 έκ
1135 761 1199 849 γὰρ
1227 767 1285 850 τῆς

137 863 220 949 πρός
246 891 278 930 τι
306 870 505 950 κατηγορίας
539 865 629 932 ἐστίν
661 863 681 951 ἡ
713 878 877 951 στοιχεῖον
905 865 1018 952 φωνή,
1050 867 1202 955 καθάπερ
1229 870 1284 937 καὶ

136 975 198 1038 τοῦ
220 971 351 1058 μέρους.
395 969 433 1038 τό
456 997 490 1038 τε
513 971 577 1057 γὰρ
602 985 766 1058 στοιχεῖον
793 970 884 1050 τινός
912 972 979 1039 έστι
1003 989 1167 1061 στοιχεῖον
1189 974 1227 1043 τό
1249 995 1311 1044 τεῦ

136 1079 237 1163 μέρος
258 1075 350 1156 τινός
370 1077 437 1144 ἐστι
455 1078 562 1164 μέρος.
600 1076 709 1164 ὥσπερ
734 1069 797 1145 οὖν
814 1082 872 1163 τῆς
889 1082 1006 1166 φωνῆς
1028 1077 1135 1167 ἡμῶν,
1157 1073 1178 1171 ᾖ
1201 1082 1285 1170 χροί-

136 1193 225 1270 μεθα
253 1182 485 1270 διαλεγόμενοι
512 1185 596 1271 πρὸς
623 1181 801 1272 ἀλλήλους,
830 1185 968 1272 τέτταρα
1000 1187 1054 1254 καὶ
1083 1194 1192 1256 εἴκοσί
1216 1190 1283 1256 έστι

136 1304 297 1377 στοιχεῖα,
329 1288 411 1357 κατὰ
441 1288 501 1359 τὸν
530 1287 635 1358 αὐτον
666 1290 792 1378 τρόπον
823 1289 982 1360 ἁπάντων
1013 1297 1082 1361 τῶν
1112 1298 1284 1381 γεννητῶν

134 1398 190 1464 καί
218 1401 382 1483 φθαρτῶν
411 1396 575 1483 σωμάτων
605 1402 609 1482 l
639 1397 792 1484 ἐλάχιστα
820 1397 920 1485 μόρια
948 1403 989 1485 γῆ
1017 1400 1072 1467 καὶ
1100 1397 1165 1487 ἆῆρ
1194 1402 1349 1475 toutonem

133 1502 228 1590 ὕδωρ
263 1530 298 1570 τε
325 1503 379 1570 καὶ
407 1505 490 1589 ιιῦρ,
522 1504 696 1590 ἐλαχίστου
724 1505 906 1591 λεγομένου
937 1507 998 1572 τοῦ
1030 1506 1143 1592 μηκέτι
1175 1506 1282 1594 τομὴν
1298 1529 1324 1568 10

133 1612 370 1698 ἐγχειροῦντος.
425 1605 444 1696 ῆ
474 1608 535 1697 μὲν
571 1608 635 1698 γὰρ
667 1611 749 1678 κατὰ
771 1609 808 1679 τὸ
842 1612 984 1698 μέγεθος
1015 1613 1099 1699 τομῆ
1128 1617 1283 1681 τοιοῦτον

134 1714 237 1786 οὐδὲν
267 1714 440 1802 ἐλάχιστον
469 1721 550 1804 ἔχει,
580 1715 666 1803 μόνη
698 1717 734 1784 δὲ
762 1714 782 1805 ῆ
814 1717 896 1784 κατὰ
925 1715 1014 1797 εἶδος
1040 1722 1173 1786 ἵσταταί
1192 1745 1282 1805 τιοτε,

132 1822 286 1910 καθάπερ
310 1822 362 1890 tat
385 1826 444 1910 τῆς
465 1826 590 1910 φωνῆς.
632 1821 735 1910 οὔσης
756 1823 821 1910 γάρ
844 1851 936 1904 τινος
959 1825 1126 1892 συνθέτου
1149 1829 1282 1894 τοιᾶσδε

338 1932 439 2016 μῆνιν
462 1927 567 2015 ἄειδε,
590 1928 672 2015 θεά,
695 1929 897 2018 Πηληιάδεω
919 1927 1076 2016 Ἀχιλῆος,

132 2037 195 2124 ὅλη
218 2037 280 2124 μέν
304 2037 393 2104 ἐστιν
416 2033 514 2123 αὕτη,
541 2037 624 2124 μέρη
649 2032 686 2103 dt
713 2035 750 2104 τὸ
779 2041 882 2124 μῆνιν
905 2037 960 2104 καὶ
988 2035 1025 2105 vd
1053 2035 1143 2105 ἄειδε
1166 2039 1220 2106 καὶ
1244 2037 1281 2106 τὸ
1298 2059 1322 2100 ιε

131 2143 198 2214 θεά
221 2144 276 2212 καὶ
299 2141 336 2211 τὸ
365 2141 564 2230 Πηληϊάδεω
588 2143 642 2209 καὶ
670 2141 707 2210 τὸ
729 2139 885 2229 Ἀχιλῆος.
930 2145 1070 2212 ἕκαστον
1094 2143 1130 2210 δὲ
1153 2143 1283 2213 τούτων

169 2367 184 2414 1
206 2360 349 2428 στοιχείων
374 2357 403 2411 in
429 2375 482 2411 ras.
502 2357 538 2411 M.
564 2388 597 2396 —
623 2363 638 2412 3
663 2352 717 2425 γὰρ
741 2356 791 2411 τοῦ
815 2358 866 2426 τῆς
888 2357 968 2412 oodd.
988 2357 1050 2412 edd.
1078 2351 1146 2427 ‘yda
1170 2377 1212 2412 τοι
1237 2358 1282 2414 vel

131 2431 281 2488 delendum
306 2429 373 2484 τοῦ’
400 2426 482 2482 Corn.
505 2428 556 2482 τοῦ
580 2427 723 2494 eiecimus;
748 2427 782 2482 ol.
806 2428 891 2484 Proll.
914 2447 941 2498 p.
967 2435 1026 2484 112.
1049 2459 1085 2470 —
1108 2436 1124 2484 8
1144 2436 1282 2496 στοιχεῖον

129 2505 168 2558 Μ.
190 2534 222 2542 -
250 2508 283 2556 10
302 2499 333 2555 δὲ
353 2497 507 2569 λεγομένου
526 2499 604 2554 codd.
625 2499 687 2554 edd.
711 2497 742 2553 δὲ
764 2499 903 2555 eiecimus.
924 2531 956 2539 -
982 2505 1015 2553 14
1039 2497 1076 2554 θλ
1096 2516 1147 2570 pro
1166 2495 1224 2553 θεά
1244 2501 1280 2555 Μ.

130 2607 165 2614 -
186 2567 316 2642 ἆχιλλῆος
335 2571 376 2639 (it.
396 2589 421 2626 v.
442 2571 487 2639 16)
506 2571 542 2624 Μ.
564 2601 596 2610 -
618 2576 650 2624 16
669 2565 830 2639 πηληιιίὸεω
851 2572 880 2625 Μ
898 2566 1055 2639 πηληιάιλεο
1074 2571 1107 2624 Α.
1127 2602 1160 2611 -

129 2793 188 2878 pio
218 2815 238 2855 a
266 2787 471 2855 naturalibus
502 2787 670 2852 elementis
699 2791 816 2854 sumto.
868 2788 1074 2854 Elementum
1098 2789 1282 2874 appellatur

131 2898 269 2964 minima
299 2919 376 2981 pars
404 2895 473 2961 eius
505 2895 565 2978 rei,
598 2897 688 2960 ouius
722 2899 772 2960 est
808 2897 1015 2981 elementum;
1050 2919 1088 2960 ex
1122 2897 1281 2962 relatione

131 3006 219 3071 enim
243 3005 284 3070 ad
307 3004 429 3088 aliquid
453 3025 514 3069 vox
542 3003 692 3068 elementi
716 3003 857 3087 eapitur,
886 2996 1158 3087 quemadmodum
1182 3003 1281 3066 etiam

131 3112 247 3198 partis.
292 3099 379 3175 Nam
403 3115 436 3174 et
464 3110 658 3174 elementum
687 3109 821 3174 alicuius
851 3113 901 3174 est
930 3109 1125 3173 elementum
1149 3111 1182 3172 et
1204 3131 1281 3192 pars

131 3217 269 3284 alieuius
289 3239 374 3300 paro.
417 3215 695 3294 Quemadmodum
713 3215 815 3300 igitur
833 3217 921 3282 vocis
937 3202 1081 3300 nostrae,
1099 3237 1163 3300 qua
1182 3214 1280 3280 eollo·

128 3328 267 3411 quentes
291 3324 458 3388 internos
481 3322 616 3405 utimur,
639 3326 793 3405 quattuor
816 3327 849 3388 et
872 3323 990 3408 viginti
1015 3323 1173 3386 elementa
1197 3325 1281 3404 sunt,

128 3435 181 3498 ita
205 3431 349 3497 omnium
368 3451 550 3513 corporum,
573 3450 654 3512 quae
674 3429 854 3514 gignuntur
877 3432 910 3494 et
932 3430 1104 3511 intereunt,
1128 3427 1281 3492 minimae

128 3538 313 3625 particulae
342 3540 418 3601 sunt
444 3539 545 3620 terra,
569 3540 636 3619 a‘e'r,
661 3558 759 3620 aqua,
782 3536 881 3621 ignis,
910 3536 942 3598 in
967 3557 1031 3620 quo
1054 3534 1223 3600 minimum
1248 3534 1280 3596 id

128 3644 264 3729 dicitur,
296 3642 380 3730 quod
412 3665 479 3707 non
511 3642 652 3726 amplius
681 3641 876 3707 divisionem
905 3641 1058 3706 admittit
1107 3639 1281 3722 Nimirum,

129 3774 213 3837 quae
256 3749 430 3815 seeundum
473 3749 729 3834 magnitudinem
775 3749 890 3814 divisio
928 3749 979 3832 fia,
1019 3747 1145 3811 nullum
1181 3745 1283 3810 habet

130 3856 354 3924 huiuscemodi
381 3855 567 3942 minimum,
596 3855 664 3940 sed,
700 3877 782 3940 quae
815 3854 987 3940 aliquando
1016 3853 1180 3936 consistit,
1209 3853 1281 3917 sola

128 3963 253 4049 speciei
277 3964 378 4029 sectio
403 3967 466 4047 est,
489 3962 590 4027 veluti
614 3962 649 4026 in
671 3983 759 4028 vooe.
806 3961 894 4038 Quae
924 3961 951 4025 si
979 3961 1013 4025 in
1040 3960 1127 4025 hune
1149 3959 1280 4025 modum

128 4069 316 4154 composita
339 4073 406 4135 est:
462 4127 467 4143 ,

288 4176 375 4241 Iram
398 4175 528 4242 Pelidae
552 4198 693 4259 meeum,
717 4175 790 4259 dea,
815 4174 948 4240 concine
972 4173 1125 4258 Achillia,

130 4288 206 4370 ipsa
224 4283 353 4368 quidem
373 4286 444 4348 tota
459 4287 517 4366 est,
535 4285 645 4366 partes
661 4286 771 4346 autem
785 4285 862 4346 sunt
876 4282 969 4362 iram,
987 4279 1125 4363 Pelidae,
1144 4300 1280 4360 mooum,

133 4392 204 4477 deo,
228 4390 374 4476 concine,
397 4388 543 4455 Achillis.
589 4388 715 4452 Harum
739 4409 950 4472 unaquaeque
972 4386 1007 4451 in
1035 4385 1178 4470 syllabas
1202 4384 1280 4448 divi-
1324 4467 1326 4473 k
