3376 5144
638 387 682 396 -—
730 351 793 414 783
840 387 882 394 --

180 507 390 594 φηναμένων
417 504 582 594 άγένητον
611 504 698 575 εἶναι
725 505 785 574 τὸν
814 504 956 593 κόσμον,
982 509 1087 574 τινων
1116 507 1152 576 δὲ
1180 508 1334 596 γενητόν,

180 613 296 702 ὥσπερ
319 614 429 700 γεκαὶ
453 617 556 682 τινῶν
579 613 640 701 μὲν
659 610 761 681 οὐδὲν
785 615 910 694 ἔξωθεν
932 609 1038 680 αὐτοῦ
1060 614 1214 702 περιέχον
1238 613 1335 701 εἶναι,

179 725 289 790 τινων
327 720 364 788 δὲ
401 718 487 788 είναι
524 720 692 806 λεγόντων
728 720 783 788 καὶ
819 717 949 788 τούτων
976 717 1088 788 αὐτῶν
1113 721 1151 789 τὸ
1180 723 1335 809 περιέχον

182 826 278 895 εἶναί
312 855 343 895 τι
375 826 529 914 φάντων,
568 829 669 895 ἐνίων
710 825 771 914 μὲν
811 824 912 894 κενὸν
947 823 1217 915 ἀποφηναμένων
1250 827 1335 896 εἶναι

181 939 286 1004 τοῦτο
315 938 481 1022 μηδεμίαν
513 930 634 1002 ούσίαν
671 938 749 1020 ἔχον
785 933 822 1000 ἐν
850 933 971 1024 ἑαυτῷ,
1002 939 1106 1003 τινῶν
1130 935 1165 1003 δὲ
1190 935 1362 1023 κόσμουςο

182 1041 310 1121 ἄλλους
346 1038 480 1132 ἀριθμῷ
518 1037 774 1128 άπεριληπτους,
812 1037 856 1118 ὡς
883 1046 930 1118 είς
966 1039 1105 1130 άπειρον
1142 1042 1335 1112 ἐκτετάσθαι

182 1152 328 1235 πλῆθος.
386 1147 541 1234 αἰσθήσει
583 1146 647 1235 γάρ
690 1149 825 1236 έναργεῖ
857 1145 920 1234 τὴν
955 1148 1115 1236 τοιαύτην
1145 1155 1335 1237 διαφωνίαν

182 1254 359 1323 ἀδύνατον
395 1258 565 1342 κριθῆναι.
611 1252 652 1323 ού
690 1283 757 1343 μην
794 1253 914 1341 ὅμοιόν
951 1283 988 1342 με
1024 1255 1061 1324 τὸ
1090 1261 1149 1344 της
1176 1255 1338 1344 ὠφελείας

182 1363 244 1430 καὶ
266 1361 392 1448 βλάβης
414 1365 482 1429 τῶν
509 1362 514 1450 Ι
543 1363 828 1450 προσφερομένων
850 1376 920 1440 τοῖς
943 1361 1094 1450 σάμασιν
1118 1362 1267 1451 ἰαμάτων
1291 1371 1401 1444 segrei

185 1475 382 1556 διαφωνίαν
405 1464 613 1555 ἀφικόμενον
637 1470 674 1536 έν
697 1483 767 1548 τοῖς
790 1474 926 1558 ίατροῐς,
951 1469 1142 1556 δυνάμενύν
1165 1497 1201 1556 γε
1224 1467 1337 1540 αὐτῶν
1353 1493 1377 1529 10

154 1591 300 1664 ’κρίναι
328 1603 367 1665 τη
403 1581 499 1664 πείρᾳ
528 1575 566 1644 τό
598 1602 632 1643 τε
666 1573 822 1663 ὠφελοῦν
852 1577 906 1643 καὶ
938 1574 974 1643 τὸ
1009 1575 1165 1661 βλάπτον.
1214 1577 1337 1647 τούτου

184 1691 306 1752 τοίνυν
331 1687 394 1752 τοῦ
427 1681 608 1769 ζητήματος
635 1679 655 1768 ἡ
685 1682 779 1762 λύσις
810 1680 851 1750 ού
884 1682 973 1751 πάνυ
999 1709 1030 1750 τι
1068 1689 1183 1771 σαφῶς
1210 1695 1336 1774 είρηται

185 1794 235 1882 τῷ
263 1788 468 1878 Ἱπποκράτει
501 1790 556 1857 καί
586 1788 642 1856 διὰ
674 1793 773 1859 τοῦτο
803 1788 925 1877 σχεδὸν
952 1789 1100 1872 ἅπαντας
1133 1799 1231 1862 ἔλαθε
1259 1793 1338 1873 τοὺς

187 1899 456 1985 ἐξηγησαμένους
477 1894 515 1964 τὸ
539 1901 680 1983 βιβλίον.
726 1902 795 1964 ἔστι
825 1897 861 1964 δὲ
885 1898 1011 1966 τοιάδε·
1047 1903 1115 1968 των
1143 1900 1338 1970 νοσούντων

187 2011 274 2074 ἔνιοι
298 2005 359 2089 μὲν
382 2001 510 2084 άσιτίας
532 2002 726 2092 χρῄζουσιν,
754 2002 848 2092 ἄχρις
870 1999 914 2072 άν
937 2002 957 2090 ἡ
981 2005 1081 2084 νόσος
1111 2011 1228 2096 κριθῇ,
1251 2009 1338 2088 τινὲς
1354 2026 1378 2064 1⁵

231 2265 240 2309 1
264 2251 420 2325 ἀγέννητον
439 2257 518 2310 codd.
539 2257 599 2310 edd.
620 2249 759 2326 άηένητον
783 2272 892 2310 noe.—
892 2250 1053 2338 γεννητόν
1072 2255 1153 2310 codd
1173 2256 1234 2310 edd.
1254 2251 1388 2324 pesp-⁴

190 2323 242 2382 τόν
260 2345 374 2382 noe.-
400 2327 596 2412 Περιέχειν
594 2328 673 2382 codd.
697 2326 759 2380 edd.
786 2323 987 2412 περιεχόμενον
1014 2324 1094 2380 Corn.
1120 2325 1253 2394 περιέχον
1277 2345 1336 2383 nos.

191 2429 226 2438 -
253 2405 269 2454 3
294 2394 387 2452 αὐτῶν
411 2395 614 2468 περιεχομενάν
637 2419 664 2453 τι
688 2397 768 2453 codd.
795 2397 856 2452 edd.
882 2392 975 2451 αύτῶν
999 2393 1030 2451 τὸ
1055 2396 1188 2480 περιέχον
1212 2395 1291 2452 ειναί
1310 2418 1337 2453 τι

192 2489 255 2536 noa;
274 2471 307 2525 oi
328 2469 411 2524 Proll.
430 2488 458 2540 p.
479 2477 590 2524 106.-
618 2477 648 2524 13
668 2462 793 2531 ἅπαντες
812 2469 872 2522 ead.
892 2485 964 2522 man.
985 2469 1110 2522 mutat'
1103 2487 1132 2522 in
1152 2461 1281 2531 ἅπαντας
1300 2471 1337 2524 M.

196 2550 281 2596 -14
301 2537 489 2610 ἐξηηημένονς
507 2543 598 2595 Μ.-
624 2549 656 2596 15
675 2543 816 2610 χριζουοιν
834 2541 873 2594 M.
896 2571 928 2580 -
953 2540 1053 2602 νοῦσος
1076 2539 1154 2595 codd.
1174 2541 1235 2595 cdd.
1255 2537 1338 2604 νόσος

196 2632 250 2669 nos.
271 2645 305 2653 -

197 2760 408 2770 -———-—---—

195 2869 252 2933 alii
275 2890 340 2932 non
364 2867 509 2952 genitum
534 2885 603 2930 esse
622 2864 787 2948 mundum,
813 2864 870 2928 alii
888 2867 1035 2950 genitum
1059 2867 1261 2951 tradiderint,
1284 2868 1340 2932 alii

194 2974 276 3040 nihil
300 2976 393 3038 extra
414 2973 578 3056 mundum,
602 2971 687 3057 quod
711 2971 904 3054 contineret,
930 2971 989 3035 alii
1013 2993 1082 3034 ease
1107 2971 1230 3056 aliquid
1254 2973 1340 3037 affir-

195 3081 369 3165 maverint,
399 3084 495 3164 atque
524 3102 562 3143 ex
589 3079 641 3143 his
670 3079 751 3162 ipsis
783 3076 931 3143 nonnulli
959 3076 1006 3160 id,
1038 3076 1122 3162 quod
1151 3078 1340 3162 contineret,

195 3189 318 3272 aliquid
342 3209 426 3270 esse,
453 3186 600 3252 nonnulli
629 3207 768 3251 vacuum
796 3207 865 3250 esse
898 3183 1038 3250 dixerint
1064 3185 1188 3250 nullam
1215 3184 1340 3251 habens

195 3297 229 3360 in
253 3318 287 3360 se
311 3294 543 3377 substantiam,
567 3292 698 3378 quidam
727 3291 862 3357 mundos
887 3291 983 3376 alios,
1010 3293 1066 3376 qui
1093 3314 1226 3357 numero
1256 3313 1340 3357 com-

195 3401 350 3488 prehendi
368 3402 548 3486 nequirent,
570 3404 607 3464 ut
626 3399 660 3463 in
678 3399 841 3464 infinitum
861 3399 1084 3465 extenderetur
1103 3421 1213 3465 eorum
1232 3400 1341 3464 multi-

195 3509 283 3575 tudo.
329 3508 524 3574 Huiusmodi
548 3507 635 3572 enim
662 3506 886 3571 controversia
915 3506 1055 3572 evidenti
1084 3529 1237 3572 sensuum
1260 3507 1341 3572 iudi·

196 3617 247 3681 cio
274 3615 450 3700 disceptari
477 3637 543 3680 non
576 3616 695 3698 potest.
745 3613 791 3678 At
821 3635 898 3679 vero
926 3636 993 3680 non
1024 3614 1142 3680 similis
1174 3615 1259 3680 ratio
1292 3619 1342 3679 est

196 3722 350 3787 utilitatis
374 3727 407 3786 et
429 3744 532 3787 noxae
555 3719 881 3804 medicamentorum,
909 3743 990 3804 quae
1014 3721 1142 3805 corpori
1171 3722 1341 3787 admoven-

196 3832 259 3914 tur,
281 3851 364 3914 quae
383 3827 567 3893 habeantne
587 3827 653 3890 vim
673 3825 849 3891 salutarem
869 3849 910 3892 an
929 3829 1127 3913 pestiferam,
1145 3849 1340 3913 quamquam

198 3935 397 4020 experientia
419 3935 516 4000 facile
539 3933 675 3999 iudicari
699 3937 822 4017 potest,
844 3937 954 4010 tamen
977 3939 1070 4001 tanta
1092 3936 1178 4000 inter
1200 3934 1341 3999 medicos

198 4044 314 4109 oborta
333 4041 553 4108 controversia
572 4046 630 4106 est.
667 4039 773 4106 Huius
788 4042 889 4126 igitur
907 4042 1106 4126 quaestionis
1126 4042 1246 4107 solutio
1265 4041 1342 4124 quia

197 4171 263 4215 non
286 4149 459 4215 admodum
484 4150 569 4214 clare
594 4149 634 4212 ab
653 4146 854 4231 Hippocrate
877 4149 1040 4233 explicata
1062 4152 1121 4232 est,
1145 4169 1255 4214 omnes
1274 4147 1341 4211 lere

197 4257 273 4322 libri.
297 4257 491 4341 interpretes
519 4257 630 4341 latuit3
658 4277 740 4338 quae
768 4255 921 4321 nimirum
948 4255 1024 4321 talis
1052 4259 1110 4320 est
1154 4253 1205 4319 Ex
1229 4275 1341 4339 aegro-

197 4365 344 4429 tantibus
372 4363 443 4443 alii,
471 4363 577 4448 quoad
604 4363 738 4430 morbus
766 4361 927 4426 iudicatus
952 4366 1015 4446 cst,
1043 4361 1164 4444 inedia,
1187 4359 1244 4424 alii
1268 4360 1341 4426 cibo
