3246 5148
615 416 844 479 Ν.3]-.

145 571 252 641 έαυτῶ
277 575 434 658 scribens,
457 574 478 638 i.
501 595 527 638 e.
551 570 717 655 ἑαυτῶν,
741 576 826 660 quod
850 576 942 640 unice
961 599 1074 642 verum
1093 583 1151 642 est.
1181 577 1215 642 P.
1230 579 1294 644 293

143 703 276 746 versum
300 680 511 747 Homericum
539 673 675 766 ἀνδρῶν
703 679 740 746 έν
767 678 949 765 στήθεσσιν
980 677 1106 762 ἀέξεται
1130 678 1212 769 ’ἠΰτε
1238 709 1295 750 κα-

143 784 228 864 πνός
258 787 418 854 Galenum
449 809 515 852 non
548 788 597 851 ita
628 787 790 871 laudasse,
821 793 858 853 ut
891 791 1047 854 scriberet
1076 784 1201 876 ἀνδρὸς
1233 789 1295 872 ἐνί,

144 899 286 960 testatur
307 896 356 979 M,
383 896 438 980 qui
462 889 597 980 ἀνδρῶν
625 893 742 958 saltem
765 895 913 980 tradidit,
940 918 1136 982 quamquam
1166 901 1199 962 et
1225 899 1294 982 ipse

146 999 202 1066 ἐνί
220 1002 334 1086 habet,
362 1006 395 1065 et
417 1001 537 1068 Aldina
559 1003 645 1086 ipsa,
673 1001 707 1066 in
735 1023 798 1086 qua
821 1003 919 1084 paulo
942 1002 1028 1067 inira
1051 1001 1095 1090 (p.
1119 1003 1211 1091 298),
1239 1005 1294 1068 ubi

146 1107 230 1172 idem
255 1131 366 1174 versus
390 1110 561 1193 repetitur,
588 1131 653 1174 una
676 1131 748 1172 curn
773 1109 882 1174 codice
906 1109 940 1173 M
962 1104 1100 1196 ἀνδρῶν
1123 1108 1159 1173 ἐν
1183 1110 1295 1175 scribi·
1359 1171 1363 1178 .

144 1217 212 1279 tur!
248 1215 282 1279 P.
301 1215 365 1280 537
386 1214 526 1282 Galenus
545 1217 767 1282 demonstrare
786 1215 857 1280 vult
877 1215 964 1281 iecur
982 1217 1107 1281 nullum
1125 1217 1294 1282 humorem

144 1320 236 1386 cordi
255 1343 449 1406 praeparare
464 1322 504 1386 ad
519 1323 635 1387 alenda
648 1323 795 1387 membra
810 1322 974 1406 animalis,
998 1323 1053 1386 sed
1067 1323 1175 1407 ipsum
1189 1327 1293 1388 totam

145 1427 292 1493 humoris
315 1429 456 1512 speciem
485 1430 653 1496 absolvere
679 1433 713 1493 et
739 1429 905 1514 perficere,
935 1429 1078 1493 maximo
1107 1432 1216 1493 autem
1245 1451 1294 1494 ar-

145 1539 301 1619 gumento
326 1557 396 1599 esse
423 1531 461 1600 τὸ
488 1539 571 1619 μίαν
598 1531 683 1601 εἶναι
712 1534 819 1619 φλέβα
846 1529 908 1617 τὴν
935 1533 968 1612 ἐξ
996 1523 1118 1618 isiacos
1145 1537 1193 1611 είς
1216 1558 1294 1621 καρ-

145 1641 226 1705 ιλίαν
247 1639 472 1726 έκφυομένην,
501 1639 616 1728 ἑτέραν
644 1639 683 1728 dl,
703 1641 818 1726 μηκέτι
845 1635 1091 1724 ἆντεκφύεσθαι
1114 1635 1186 1705 κατ’
1211 1636 1293 1705 ἄλλο

143 1745 246 1832 μέρος
268 1741 396 1812 αὐτῶν
427 1749 473 1825 εἰς
500 1744 582 1813 ὅλον
608 1744 693 1826 ἅπαξ
721 1745 893 1832 φέρουσαν
914 1742 952 1812 τὸ
981 1747 1075 1830 σῶμα
1097 1742 1159 1812 τὸν
1180 1771 1292 1831 κατερ-

145 1851 314 1935 γασθέντα
336 1849 453 1938 χυμόν.
498 1853 674 1920 Genetivus
698 1855 783 1920 Plur.
807 1847 919 1918 αὐτῶν
945 1854 1053 1918 locuni
1080 1855 1201 1918 habere
1227 1877 1293 1921 non

145 1963 267 2046 potest,
290 1982 349 2045 pro
372 1983 436 2046 quo
458 1983 524 2027 non
547 1961 681 2026 dubium
705 1965 755 2026 est
772 1961 850 2046 quin
870 1959 1011 2026 Galenus
1036 1961 1203 2044 scripserit
1226 1955 1292 2026 αὐ-

143 2067 189 2149 τὴ
196 2090 227 2146 ς,
250 2087 345 2151 quem
369 2067 497 2151 quidem
521 2090 633 2132 casum
656 2067 690 2131 M
713 2068 856 2151 praebet.
896 2067 966 2144 Quo
990 2067 1141 2132 restituis
1166 2071 1291 2132 senten·

143 2171 193 2236 tia
217 2175 280 2236 est:
303 2171 456 2240 ‘maximo
476 2178 667 2260 argumento
686 2174 766 2239 illud
790 2180 853 2257 est,
877 2173 960 2259 quod
980 2197 1046 2238 una
1064 2177 1191 2238 tantum
1210 2195 1293 2238 vena

144 2301 183 2342 ex
207 2279 312 2344 iecore
337 2280 377 2344 ad
400 2303 456 2346 cor
474 2280 645 2366 pertingit,
667 2301 776 2364 neque.
795 2280 860 2344 alia
879 2280 1050 2364 quaepiam
1069 2301 1106 2344 cc
1123 2281 1189 2345 ulia
1201 2285 1294 2362 porte

143 2387 245 2451 cordis
272 2386 395 2470 existit,
422 2409 505 2471 quae
534 2388 705 2452 humorem
735 2387 801 2450 iam
829 2387 1018 2451 concoctum
1046 2385 1079 2450 in
1106 2387 1292 2450 universum

143 2515 263 2576 corpus
291 2491 466 2558 traducat’.
514 2492 549 2558 P.
573 2493 638 2558 563
668 2495 745 2576 post
774 2492 855 2556 med.
885 2491 968 2556 nihil
999 2513 1113 2556 causae
1143 2496 1206 2575 est,
1237 2514 1293 2556 cur

142 2598 242 2664 lectio
261 2599 399 2664 Aldinae
424 2594 541 2664 incudo
563 2595 698 2683 γὰρτίς
719 2593 763 2662 τὰ
787 2601 1022 2682 προκείμενα
1045 2592 1082 2661 τὸ
1106 2591 1185 2681 μηδ’
1207 2592 1292 2674 ὅλως

140 2701 285 2788 σφύζειν
307 2699 413 2788 αὐτήν
435 2706 604 2792 probetur,
631 2706 666 2770 M
690 2703 894 2790 Singularem
919 2707 966 2781 είς
987 2699 1028 2768 τὸ
1053 2706 1292 2789 προκείμενον

145 2811 341 2896 suppeditat.
386 2812 421 2877 Ρ.
445 2813 509 2877 683
534 2814 592 2878 sub
616 2813 669 2876 fin.
693 2811 836 2877 Galenus
864 2834 881 2876 e
909 2811 1017 2876 codice
1044 2833 1116 2894 suo,
1142 2811 1197 2894 qui
1221 2810 1292 2875 Pla-

143 2917 233 2984 tonis
264 2917 433 2983 'limacum
465 2918 775 3002 comprehendebat,
804 2941 870 2984 non
903 2911 977 2981 ἀντὶ
1009 2917 1066 3000 τῆς
1097 2913 1292 3003 πικρότητος

144 3018 338 3102 ὀξύτατον
360 3027 432 3108 ἔσχε
455 3021 493 3089 τὸ
516 3023 620 3110 μέλαν
643 3025 772 3110 χρῶμα,
800 3024 885 3109 quod
910 3023 944 3088 in
968 3023 1036 3087 edd.
1058 3024 1191 3109 legitur,
1219 3045 1292 3089 eno-

144 3132 242 3214 tavit,
266 3131 322 3196 sed
341 3124 522 3214 ὀξύτητα,
541 3132 626 3216 quod
641 3153 658 3194 e
672 3129 832 3194 Marciani
847 3131 1008 3213 scriptura
1026 3123 1182 3213 ὀξύτητος
1194 3129 1291 3194 facile

144 3237 313 3302 evincitur.
336 3273 378 3284 —
402 3237 524 3303 Dativo
547 3238 799 3302 declinationum
826 3236 951 3319 primae
980 3239 1012 3300 et
1035 3235 1192 3300 secundae
1215 3258 1291 3320 quo

143 3344 234 3408 niam
260 3343 330 3408 iola
356 3343 391 3408 in
417 3343 649 3407 vetustissimis
678 3342 916 3427 exemplaribus
940 3341 1055 3407 Galeni
1083 3342 1291 3425 adscriptum,

143 3473 209 3515 non
239 3450 457 3533 subscriptum
486 3449 563 3534 fuit,
593 3449 697 3514 multa
726 3453 842 3533 postea
873 3450 908 3513 in
938 3449 1063 3514 codices
1092 3448 1292 3530 irrepserunt

143 3555 238 3641 ritiu3
265 3577 343 3621 nam
367 3580 395 3636 ι,
422 3556 486 3620 nisi
509 3578 642 3640 prorsus
667 3555 892 3637 omittebatur,
920 3556 971 3619 vel
999 3576 1072 3618 cum
1100 3570 1120 3617 σ
1143 3553 1193 3618 vel
1217 3575 1290 3617 cum

145 3685 165 3724 ν
179 3662 359 3745 permutari
374 3662 513 3745 solebat,
526 3663 610 3727 unde
624 3684 655 3745 p.
670 3661 734 3727 563
749 3661 831 3726 med.
846 3683 904 3744 pro
918 3661 977 3744 τῆς
991 3657 1042 3724 ἐπὶ
1056 3653 1215 3724 τάναντία
1229 3682 1290 3742 φο-

144 3767 206 3851 ρᾶς
219 3768 420 3832 restituimus
435 3769 528 3854 τῇ-
538 3769 655 3854 φορᾷ,
673 3772 706 3833 et
720 3767 845 3832 duobus
859 3767 940 3832 locis
951 3766 1130 3831 Platonicis
1141 3763 1290 3850 (Phaedr.

144 3875 208 3938 271
233 3873 262 3938 Ε
287 3878 320 3938 et
341 3873 466 3939 Phileb.
489 3898 519 3959 p.
537 3877 575 3939 17
599 3872 642 3962 Β)
665 3870 771 3958 μηδὲν
795 3867 884 3938 εἶναί
904 3894 953 3936 τω
977 3869 1080 3936 πλέον
1103 3865 1207 3959 αὐτῷ
1230 3894 1289 3955 pro

145 3972 258 4044 αὐτῶν
276 4003 306 4064 p.
323 3979 386 4044 755
404 3985 480 4065 post
497 3981 579 4046 med.
599 3986 632 4046 et
654 3978 709 4046 καὶ
733 3974 835 4046 οὐδὲν
857 3977 974 4068 ἑτέρῳ
998 4002 1035 4063 γε
1049 3974 1179 4044 τούτων
1193 3975 1291 4060 ἐσμέν

145 4107 203 4170 pro
228 4082 350 4171 ἑτέρων
371 4108 402 4170 p.
428 4087 490 4152 757
516 4092 590 4153 ante
613 4087 696 4152 med.
727 4087 778 4151 Ex
802 4087 914 4151 eodem
938 4109 1049 4151 rursus
1072 4085 1153 4150 vitio
1176 4087 1289 4148 natum

145 4195 195 4256 est
216 4192 298 4257 illud
324 4189 379 4256 καὶ
404 4185 422 4259 ὃ
450 4185 493 4260 ἂν
516 4188 619 4259 ἄλλον
642 4193 786 4274 ἐκείνου,
812 4189 936 4280 τούτῳ
963 4188 1021 4269 τὰς
1047 4187 1193 4274 κινήσεις
1220 4191 1290 4253 δια-

145 4295 244 4364 dtdo'v
266 4323 297 4384 p.
320 4300 385 4364 630
409 4299 469 4363 snb
492 4301 544 4364 fin
567 4323 627 4384 pro
649 4296 816 4380 τούτων,
839 4300 924 4383 quod
948 4300 981 4362 in
1000 4298 1034 4362 M
1058 4302 1091 4362 et
1109 4296 1198 4362 codd.
1217 4296 1288 4362 Pla·

146 4406 231 4477 tonis
247 4442 288 4451 -
302 4428 379 4471 nam
393 4407 483 4471 locus
498 4411 548 4470 est
562 4407 722 4472 eTimaeo
736 4428 767 4489 p.
777 4404 859 4470 451)
875 4403 1055 4486 exscriptus
1066 4439 1107 4448 -
1119 4403 1289 4470 invenitur.
