3228 5148
592 427 835 490 -127-

130 587 166 648 et
189 583 254 649 MA
280 606 376 668 saepe
399 585 503 667 deest,
527 585 616 648 velut
638 607 668 669 p.
693 586 755 649 217
781 589 873 668 extr,
902 585 957 650 ubi
985 587 1032 661 εἰς
1055 580 1188 671 εὕρεσιν
1214 585 1285 650 τοῦ
1327 613 1330 620 ·

128 684 336 775 ἡγεμονικοῦ
358 693 495 774 μορίου,
518 713 548 774 p.
572 692 638 756 234
662 692 722 755 sub
746 692 812 773 fin,
835 692 891 756 ubi
914 688 986 776 τὴν
1008 687 1169 776 εἰσπνοὴν
1190 685 1284 775 ἀβία-

129 815 216 862 στον
244 798 346 862 altero
374 793 437 882 τήν
465 801 540 862 ante
567 793 647 881 μετὰ
676 801 751 881 βίας
779 797 881 862 eiecto
909 799 1126 882 restituimus,
1158 823 1187 883 p.
1218 799 1283 863 273

130 905 229 989 med,
253 905 309 970 ubi
332 927 391 970 nos
414 899 458 968 τὰ
481 902 552 988 μέν
573 905 659 969 inter
680 899 719 969 τὰ
744 901 780 970 δὲ
803 900 886 970 ἄλλα
910 902 1083 990 σύμπαντα
1103 909 1136 970 et
1157 907 1279 970 διαλεκ-

128 1007 223 1092 τικά,
251 1035 281 1097 p.
305 1011 370 1076 379
394 1035 423 1096 p.
447 1012 482 1096 i.‚
509 1011 566 1077 ubi
589 1011 678 1076 Bake
701 1012 746 1099 τῷ
770 1011 856 1078 inter
879 1019 954 1078 ἴσον
978 1016 1011 1077 et
1033 1007 1115 1077 ἄνευ
1137 1013 1284 1097 inseruit,

130 1142 162 1204 p.
188 1120 255 1184 500
277 1119 359 1184 med.
383 1123 416 1182 et
438 1142 469 1203 p.
492 1118 556 1183 517
582 1121 673 1203 οπλα,
697 1118 753 1184 ubi
772 1141 810 1183 ex
834 1120 1027 1186 auctoritate
1046 1120 1192 1186 codicum
1211 1120 1283 1184 Pla-

129 1226 318 1292 tonicorum
345 1222 420 1307 περὶ
446 1225 517 1290 τοῦ
544 1228 714 1308 βελτίονος
741 1230 775 1290 et
802 1223 941 1292 ἑκάστου
968 1227 1037 1292 τοῦ
1064 1228 1177 1302 εἴδους
1206 1228 1282 1291 seri·

130 1331 276 1396 bendum
298 1332 375 1416 fuit3
399 1331 455 1396 sed
479 1332 579 1397 etiem
602 1332 668 1396 alie
690 1332 888 1399 Pronomina
911 1335 1032 1400 omissa
1056 1338 1144 1420 εμοὺς
1168 1356 1198 1417 p.
1218 1334 1283 1398 292

130 1439 176 1502 in.
206 1439 296 1503 deest
322 1433 402 1522 ἡμῖν
429 1439 465 1504 in
491 1437 554 1505 LM
581 1425 667 1504 inter
698 1443 824 1523 γίνεται
857 1444 889 1506 et
919 1443 1074 1524 ἔμφασις,
1101 1441 1187 1525 quod
1219 1441 1283 1506 edi-

130 1551 223 1611 tores
250 1545 385 1610 Aldinae
409 1568 448 1610 ex
471 1547 672 1611 antecedenti
695 1548 766 1614 loeo
786 1546 964 1633 Chrysippi
988 1546 1033 1634 (p.
1052 1547 1114 1611 291
1141 1571 1169 1612 a.
1188 1548 1284 1632 med.)

131 1652 317 1716 restituisse
339 1652 502 1738 videntur3
530 1676 560 1737 p.
584 1653 649 1718 513
672 1677 714 1718 m.
737 1655 771 1718 in
789 1654 884 1720 LMA
901 1654 992 1718 deest
1014 1653 1050 1718 ολ
1069 1657 1146 1738 post
1164 1651 1284 1738 βούλη-

130 1782 204 1840 ται,
232 1782 262 1842 p.
289 1759 353 1824 487
383 1781 414 1843 p.
443 1782 485 1825 m.
512 1784 562 1835 τις
588 1760 673 1824 inter
701 1762 731 1824 εἰ
758 1759 798 1824 δέ
818 1766 851 1825 et
873 1756 934 1844 μή,
961 1783 991 1844 p.
1018 1761 1085 1824 474
1108 1783 1136 1824 ε.
1159 1783 1201 1824 m.
1223 1783 1285 1825 του

132 1864 255 1950 (τινος)
278 1869 353 1950 post
376 1863 673 1950 ἐγκελευσαμένου,
695 1890 726 1952 p.
750 1868 815 1932 234
839 1891 867 1932 ο.
890 1891 931 1932 m.
954 1863 1034 1931 inc
1056 1890 1086 1930 τι
1110 1871 1186 1951 post
1209 1873 1284 1950 εἴτε,

131 1973 169 2037 in
193 1971 260 2037 MA
281 1995 316 2038 τε
340 1975 415 2037 ente
437 1995 469 2036 τι
492 1971 583 2057 (nem
606 1974 717 2058 utique
740 1974 913 2060 legendum
933 1977 983 2038 est
1001 1979 1065 2039 else
1086 1973 1146 2057 τι),
1169 1996 1199 2057 p.
1218 1975 1284 2039 382

133 2083 215 2144 extr.
239 2074 277 2155 ὅς
298 2083 374 2163 post
397 2073 586 2162 ἅνθρωπος.
635 2079 697 2144 His
721 2081 833 2146 stetim
861 2082 1096 2167 subiungemus
1124 2081 1205 2145 elias
1228 2103 1283 2146 vo-

132 2187 226 2251 culas
253 2187 406 2270 omissas,
432 2186 522 2250 velut
553 2185 753 2252 Particulem
782 2181 826 2252 ἄν
855 2211 885 2272 p.
916 2189 979 2252 267
1013 2210 1043 2271 p.
1073 2187 1130 2271 in,
1160 2211 1190 2271 p.
1218 2188 1283 2252 269

133 2297 229 2376 extr,
256 2315 287 2376 p.
315 2292 381 2357 485
408 2315 438 2376 p.
467 2293 564 2377 med„
590 2293 708 2377 quibus
736 2293 818 2358 loeis
846 2294 913 2358 iem
940 2293 1109 2358 Kuehnius
1137 2315 1210 2358 eam
1238 2295 1284 2359 in-

133 2401 252 2484 seruit,
281 2395 324 2484 dri
349 2423 381 2484 p.
409 2400 475 2465 483
502 2399 559 2484 in,
587 2402 618 2464 εἰ
643 2423 674 2484 p.
702 2401 767 2465 386
796 2423 821 2464 s.
848 2400 901 2463 tin.
929 2403 962 2462 et
989 2422 1019 2483 p.
1047 2399 1111 2465 458
1140 2400 1183 2465 in.
1208 2404 1285 2485 post

134 2501 226 2590 οὐχί,
250 2510 308 2570 καί
327 2529 358 2590 p.
381 2506 446 2570 499
470 2529 500 2590 p.
524 2529 566 2572 m.
589 2511 665 2571 ante
688 2507 746 2590 τῆς
768 2509 883 2581 κακίας
906 2505 1043 2591 aliisque
1065 2507 1160 2589 loeis,
1187 2506 1283 2573 Prae·

134 2612 334 2696 positionem
362 2610 414 2694 ἐν,
442 2637 541 2698 quam
567 2635 627 2678 nos
655 2635 685 2696 p.
714 2613 780 2678 230
808 2637 836 2678 a.
863 2635 905 2677 m.
932 2613 1018 2677 inter
1046 2611 1151 2697 μέσην
1179 2617 1211 2678 et
1238 2615 1283 2703 τῷ

134 2715 221 2806 ζῴῳ,
244 2742 275 2803 p.
298 2720 363 2784 448
382 2743 412 2804 p.
437 2743 478 2784 m.
501 2721 587 2784 inter
609 2713 770 2805 ὑπάρχειν
794 2723 826 2784 et
850 2713 949 2806 αὐτῇ,
972 2743 1003 2803 p.
1022 2719 1086 2786 268
1106 2721 1187 2785 med.
1210 2726 1284 2786 ante

134 2827 263 2910 ἰατροῖς
288 2849 323 2890 τε
349 2823 405 2890 καλ
433 2822 633 2909 φιλοσόφοις
659 2828 863 2892 inseruimus.
908 2826 1041 2891 Praeter
1066 2827 1127 2892 hes
1151 2830 1283 2895 voculas

133 2934 236 2998 etiam
273 2933 384 2998 eedem
420 2933 554 2998 nomina
589 2934 641 2998 vel
678 2934 777 3016 serbe
813 2935 881 2998 sive
916 2933 1046 3018 singula
1086 2935 1154 2999 sive
1189 2936 1285 3018 plura

134 3041 260 3105 omissa
279 3063 348 3105 esse
371 3040 488 3106 docent
510 3040 569 3104 illa
592 3041 752 3125 exempla:
774 3063 805 3124 p.
824 3041 890 3105 446
909 3063 934 3104 ε.
952 3041 1006 3104 fin.
1025 3041 1106 3104 mire
1125 3042 1284 3125 seriptum

134 3147 244 3212 estin
266 3143 501 3233 LMAOEChK)
524 3147 563 3210 αἱ
581 3143 643 3229 μὲν
666 3142 730 3231 μὰρ
754 3149 882 3212 ἔννοιαι
905 3144 960 3211 καὶ
979 3147 1017 3210 αλ
1037 3143 1090 3232 (αἱ
1105 3146 1284 3230 delendum,

134 3253 299 3337 ef.1upra
325 3276 355 3338 p.
381 3253 458 3337 113)
485 3249 667 3338 προλήψεις
694 3251 855 3336 ἐνέργειαι
882 3254 941 3336 τῆς
968 3253 1089 3337 ψυχῆς,
1116 3247 1285 3330 tigurinis

134 3355 179 3426 σὺ
203 3355 248 3425 δι’
275 3359 395 3444 ἑτέρων
423 3355 642 3440 edessanas,
671 3356 709 3424 τό
732 3382 766 3424 τε
790 3353 988 3424 ἀκουστικὸν
1010 3359 1141 3442 πνεῦμα
1168 3358 1223 3424 καὶ
1246 3355 1283 3424 τὸ

134 3461 274 3532 ὀπτικὸν
300 3491 330 3531 κ.
355 3491 382 3532 τ.
410 3471 453 3547 λ.,
481 3488 578 3552 quem
604 3467 712 3531 locum
740 3471 929 3550 corruptum
961 3465 1079 3530 additis
1112 3466 1197 3530 inter
1227 3467 1285 3549 τῆς

136 3573 245 3657 ψυχῆς
268 3577 300 3638 et
323 3567 368 3650 ὦς
390 3567 491 3649 αὐτός
513 3572 621 3638 verbis
649 3572 778 3637 omissis
807 3569 925 3656 μόρια
949 3569 990 3636 δὲ
1014 3565 1133 3656 αὐτῆς
1155 3595 1284 3657 repare-

135 3679 257 3765 vimus3
281 3702 311 3764 p.
334 3681 400 3744 474
424 3705 448 3744 ε.
471 3680 494 3744 f.
517 3683 594 3764 post
617 3675 747 3755 ἑαυτοῖς
773 3680 884 3744 deesse
911 3690 1065 3763 παρεῖναι
1089 3672 1109 3763 ἢ
1136 3678 1284 3765 ἐπιφέρε-

135 3792 217 3851 σθαι
239 3785 326 3873 (eoll.
345 3786 444 3851 eiusd.
463 3807 537 3872 pag.
556 3782 614 3872 in.)
638 3788 786 3870 apertum
805 3790 867 3872 θεὲ,
891 3809 922 3870 p.
941 3787 1006 3850 502
1029 3809 1054 3850 ε.
1077 3786 1099 3851 f.
1122 3787 1208 3850 inter
1229 3809 1284 3870 με·

135 3889 244 3976 γάλην
268 3897 300 3957 et
322 3905 445 3978 μοῖραν
469 3893 653 3958 censuimus
677 3895 742 3976 ἔχει
765 3892 1035 3977 interponendum
1058 3915 1141 3979 esse3
1164 3916 1195 3977 p.
1219 3894 1284 3958 216

134 4022 166 4084 p.
191 4000 274 4064 med.
296 4001 381 4065 inter
409 3999 558 4066 ἐνταῦθα
586 4003 619 4064 et
646 3993 844 4064 διαλύεσθαι
872 4000 963 4065 deest
986 4006 1118 4065 οἴεσθαι
1144 4000 1195 4063 vel
1218 3999 1284 4063 tale

135 4107 228 4192 quid,
256 4130 286 4190 p.
309 4108 374 4172 463
398 4131 428 4192 p.
457 4109 539 4172 med.
562 4108 648 4172 inter
675 4101 774 4191 ὁλκῆς
802 4112 834 4170 et
857 4112 1077 4192 προηγεῖσθαι
1101 4105 1284 4170 infinitivus

135 4215 309 4296 μίνεσθαις
332 4237 362 4298 p.
386 4215 451 4278 215
475 4237 505 4298 p.
529 4215 572 4279 in.
591 4211 683 4279 OMA
702 4215 883 4279 orationem
902 4212 1078 4297 Chrysippi
1099 4211 1284 4275 mutilatam

136 4321 185 4385 sie
216 4319 433 4386 tradiderunt:
466 4317 552 4386 οὕτω
586 4315 623 4384 dt
654 4317 709 4384 καὶ
740 4315 778 4385 τὸ
811 4316 874 4403 ἐγώ
902 4317 1042 4403 λε’νομεν
1070 4313 1153 4383 κατὰ
1185 4317 1284 4382 τοῦτο

136 4423 328 4505 δεικνύντες
352 4423 490 4504 ἑαυτοὺς
513 4426 550 4492 ἐν
577 4427 622 4515 τῷ
646 4419 895 4510 ἀποφαίνεσθαι
922 4421 984 4510 τὴν
1008 4421 1164 4491 διάνοιαν
1187 4418 1285 4507 εἶναι,
