3124 5134
826 465 870 478 --
916 427 981 492 678
1028 459 1070 472 -·

389 598 406 621 n
580 599 588 620 Ι
659 595 670 614 „
775 591 789 606 ⁸
878 589 892 603 ,
926 546 1008 607 ..ρος
1027 525 1153 608 ἄλληλα
1176 519 1310 608 κρήσιας
1331 521 1381 587 καὶ
1401 521 1482 588 δυνά-

376 603 1026 718 ‘⁰ch⁶¹0‘⁰'f⁶t.}1„{tt“2atpeccota
1049 627 1233 713 μεμιγμένα
1256 618 1291 715 ᾖ·
1330 623 1428 712 ἀλγέει
1448 629 1485 703 δέ,

376 707 463 796 ‘9⁶⁰3
486 702 667 798 t‘fflcddrorv
686 735 822 800 ἔλαττον
845 727 865 818 ἢ
888 733 990 802 πλέον
1013 724 1033 821 ᾖ
1054 728 1074 819 ἢ
1092 736 1245 821 χωρισθῇ
1270 733 1308 799 έν
1324 735 1367 822 τῷ
1384 731 1484 818 σώματι

369 836 435 901 ‘xci
458 835 503 922 μὴ
527 837 730 924 κεκρημένον
753 828 773 925 ἦ
796 851 882 905 τοῖσι
905 842 995 906 πᾶσι.
1031 836 1159 926 ἀνάγκη
1183 838 1260 926 γάρ,
1284 835 1363 907 ὅταν
1382 864 1409 904 τι
1428 837 1486 906 τού·

343 944 449 1010 s‘rorv
467 945 618 1032 χωρισθῇ
637 945 691 1011 καὶ
711 940 760 1031 ἐφ’
783 944 909 1014 ἑωυτοῦ
927 949 999 1034 στῇ,
1019 941 1060 1014 οό
1078 944 1187 1033 μόνον
1203 943 1241 1012 τὸ
1262 951 1392 1032 χωρίον,
1408 949 1488 1010 ἔνθα·

370 1049 504 1136 *ἐξέστη
528 1051 686 1118 έπίνοσον
709 1051 878 1136 γενέσθαι,
902 1047 985 1118 ἀλλὰ
1007 1056 1076 1140 καί,
1099 1057 1185 1119 ἔνθα
1208 1047 1251 1118 ἂν
1281 1055 1341 1139 στῇ
1367 1051 1415 1118 καλ
1438 1051 1487 1116 ἔτι·

370 1157 471 1244 ’χυθῇ
493 1153 836 1244 ὑπερεμπιπλάμενον,
860 1155 989 1245 ὀδύνην
1011 1158 1119 1226 τεκαὶ
1141 1157 1251 1225 πόνον
1270 1157 1424 1244 παρέχειν.
1449 1159 1488 1220 act

371 1260 458 1349 ’γάρ
481 1260 562 1330 ὅταν
584 1290 616 1330 τι
638 1262 768 1332 τούτων
787 1266 847 1346 ἔξω
870 1263 1102 1352 τοῦ-σώματος
1120 1264 1222 1352 έκρνῇ
1241 1263 1346 1332 πλέον
1366 1265 1422 1330 τοῦ
1441 1263 1490 1328 ἔτι·

371 1367 598 1452 *πολόζοντος,
628 1365 757 1456 ὀδύνην
787 1371 919 1456 παρέχει
950 1367 970 1456 ἡ
1000 1371 1153 1449 κένωσις·
1184 1368 1228 1455 ἤν
1258 1395 1294 1437 τε
1326 1361 1420 1446 αὖθις
1443 1373 1490 1434 ἔσο

332 1509 357 1549 10
372 1473 558 1560 ‘nescienter
586 1473 650 1562 τὴν
680 1477 822 1544 κένωσιν
852 1475 906 1543 καὶ
938 1474 1002 1563 τὴν
1030 1475 1230 1562 μετάστασιν
1264 1476 1320 1543 καλ
1349 1473 1407 1562 την
1432 1470 1491 1540 ὀπό-

372 1583 494 1668 ’κρισιν
520 1577 584 1648 ἀπὸ
608 1585 676 1648 των
699 1580 818 1666 ἄλλων,
845 1582 951 1670 πολλή
979 1579 1010 1670 γ’
1037 1579 1125 1674 αὐτῷ
1155 1580 1287 1670 ἀνάγκη
1316 1583 1429 1666 διπλῆν
1447 1579 1492 1662 την

372 1686 513 1776 εὀδύνην
530 1689 685 1776 παρέχειν
704 1687 786 1755 κατὰ
804 1687 843 1756 τὰ
863 1691 1032 1777 εἰρημένα,
1052 1695 1153 1756 ἔνθεν
1171 1715 1205 1757 τε
1225 1691 1339 1775 ἐξέστη
1358 1689 1408 1756 καλ
1428 1691 1492 1753 iasa

373 1792 579 1883 ‘dnapddccta’
610 1793 693 1882 αὕτη
717 1793 778 1882 μέν
801 1791 821 1880 ἡ
843 1799 904 1863 τοῦ
918 1792 1156 1884 Ἱπποκράτους
1174 1798 1283 1883 ῥῆσις,
1308 1787 1328 1884 ᾗ
1351 1819 1402 1882 μοι
1424 1797 1495 1860 δοκεῖ

305 1901 576 1990 ηηηβονλόμενος
598 1898 800 1969 ἀκολουθεῖν
824 1898 1007 1971 ‹illiciter›
1031 1907 1136 1970 εἰπεῖν
1159 1903 1271 1970 ἐκεῖνα
1292 1903 1297 1990 Ι
1318 1899 1358 1969 τὰ
1380 1897 1494 1986 σμικρὸν

409 2109 422 2155 1
443 2096 555 2169 κρήσιας
573 2098 622 2152 καὶ
640 2114 693 2152 om.
713 2097 792 2152 codd.
811 2097 872 2152 edd.
894 2129 926 2136 -
950 2093 1098 2168 δυνάμεως
1116 2098 1195 2154 οοδδ.
1216 2098 1280 2154 edd.
1302 2129 1335 2137 -
1360 2089 1494 2162 ausim

373 2172 451 2227 codd.
471 2171 533 2226 cdd.
554 2201 585 2210 -
606 2165 724 2239 μάλιστα
743 2165 795 2237 μὲν
813 2167 972 2237 μεμιγμένα
991 2169 1071 2224 codd.
1091 2169 1153 2224 edd.
1170 2164 1236 2258 μάλ.
1280 2189 1374 2240 εμιχμ.
1392 2165 1459 2220 Οοτο.
1472 2193 1492 2202 -

374 2251 390 2298 3
409 2241 494 2297 πλέον
512 2241 638 2311 χωρισθῇ
663 2241 700 2312 τῷ
721 2234 827 2309 roipert
847 2235 926 2292 codd.
946 2240 1009 2294 edd.
1034 2244 1080 2294 πλ.
1104 2242 1148 2308 εἴη
1168 2261 1186 2308 η
1206 2261 1230 2309 χ.
1266 2261 1284 2293 ν
1304 2259 1327 2294 τ.
1346 2257 1370 2294 σ.
1387 2236 1456 2291 Corn
1473 2267 1491 2274 -

374 2321 391 2368 4
413 2315 499 2367 πᾶσιν
522 2312 600 2366 codd.
625 2311 685 2366 edd.
711 2342 743 2351 -
772 2315 788 2364 ὅ
813 2303 863 2378 ἐφ’
890 2306 985 2384 incepi
1010 2309 1091 2366 Corn.
1116 2341 1149 2351 -
1177 2307 1209 2366 τό
1228 2309 1374 2379 χωρισθὲν
1391 2303 1494 2386 ὀνίνησιν
1536 2359 1537 2364 ,

374 2385 454 2440 οοδδ.
478 2384 538 2438 edd.
564 2415 595 2424 —
621 2389 637 2438 6
657 2377 795 2452 έτιισχεθῇ
819 2397 871 2450 pro
894 2377 1019 2452 έιιχοθῄ
1038 2383 1118 2436 codd.
1137 2382 1200 2437 cdd.
1223 2413 1258 2420 —
1284 2388 1301 2436 9
1326 2375 1343 2448 ἦ
1366 2379 1411 2432 aci
1431 2395 1495 2430 ιοιστ

373 2451 596 2526 provisinorum
619 2452 698 2507 οοδδ.
724 2453 786 2506 edd.
810 2482 843 2491 -
870 2448 1074 2535 tonnecrjomm
1097 2448 1149 2521 τὴν
1173 2455 1286 2520 πένησιν
1309 2451 1388 2506 codd.
1405 2449 1457 2532 edd.
1473 2477 1493 2486 -

376 2534 408 2582 12
424 2524 498 2580 ἔνθα
511 2542 561 2594 pro
577 2523 664 2578 ἔνθεν
678 2523 758 2578 οοδδ.
773 2521 835 2577 edd.
851 2553 883 2562 -
898 2525 972 2578 σθεν
986 2541 1038 2594 pro
1053 2521 1128 2578 ἔνθα
1143 2523 1223 2579 codd
1238 2523 1303 2578 edd
1320 2555 1353 2562 -
1374 2528 1405 2576 13
1419 2537 1493 2580 mer

374 2601 473 2669 βαλλεν
491 2593 622 2650 MAsscn
640 2589 814 2665 ὑπερέβαλεν
833 2593 867 2649 Κ.
887 2623 919 2634 -·

374 2778 478 2842 inter
510 2798 548 2840 se
581 2779 660 2839 tum
692 2773 898 2859 facultate,
934 2779 1015 2840 tum
1047 2775 1304 2842 multitudine
1337 2781 1494 2858 tempera·

374 2883 519 2950 tionem
552 2880 697 2946 habent
734 2885 771 2946 et
812 2882 934 2950 mixta
970 2882 1115 2968 optime
1153 2887 1255 2968 sunt;
1291 2882 1408 2962 dolet,
1435 2897 1494 2944 cun

374 2992 509 3057 horum
533 2987 679 3071 aliquid
702 2988 827 3054 minus
851 2989 911 3054 vel
935 2988 1022 3073 plus
1046 2992 1105 3056 vel
1130 2993 1362 3073 separatum
1380 2989 1415 3053 in
1434 3005 1493 3048 cci·

375 3119 466 3182 pore
484 3117 552 3161 nec
572 3116 653 3159 cum
673 3095 851 3160 omnibus
874 3095 1110 3180 permixtum
1135 3099 1202 3160 est
1238 3093 1404 3162 Necesse
1420 3091 1493 3156 enin

377 3207 449 3286 cst,
481 3201 545 3266 ubi
578 3200 728 3284 aliquid
759 3201 892 3268 horum
930 3205 1156 3287 separatum
1189 3201 1315 3268 fuerit
1347 3207 1384 3266 et
1412 3201 1444 3264 in
1469 3221 1493 3258 ο·
1534 3215 1535 3297 χ

375 3311 460 3394 ipso
485 3306 726 3390 constiterit,
754 3330 830 3374 non
853 3309 977 3375 solum
1001 3331 1086 3374 curn
1114 3309 1254 3388 locum,
1278 3307 1376 3374 unde
1397 3327 1491 3370 eece·-

376 3415 440 3498 sit,
464 3413 678 3479 morbidum
701 3414 810 3496 fieri,
834 3417 897 3482 sed
921 3416 1040 3481 etiam
1063 3437 1161 3498 cnm,
1184 3416 1224 3480 in
1247 3409 1491 3500 quo'constiti‘

376 3523 413 3584 et
435 3519 472 3584 in
496 3541 604 3604 quem
628 3520 845 3609 redundans
870 3522 1040 3586 effusum
1063 3524 1139 3605 est,
1167 3522 1305 3587 dolore
1329 3543 1370 3586 sc
1392 3517 1492 3584 morbo
1533 3543 1534 3574 ι

376 3625 518 3691 vexari.
568 3625 725 3714 Etenim
757 3629 791 3692 si
823 3628 914 3712 qnid
947 3627 1083 3695 horum
1114 3628 1236 3694 nimis
1265 3627 1491 3694 redundante:

376 3735 485 3796 extra
525 3754 665 3817 corpus
703 3733 918 3818 effluxerit,
961 3735 1183 3800 exinanitio
1224 3734 1315 3818 ipsa
1355 3733 1489 3798 dolorem

377 3836 510 3923 affert3
534 3839 593 3902 sin
616 3860 751 3905 rursus
779 3840 882 3906 intro
914 3841 1222 3908 exinanitionem
1251 3845 1291 3910 et
1318 3835 1488 3906 transitis·-

374 3965 459 4008 nem
483 3948 521 4009 et
543 3945 588 4009 ab
609 3945 701 4010 aliis
725 3947 984 4013 secretionem
1002 3948 1158 4032 fecerit,
1182 3967 1406 4032 pernecesse
1426 3961 1487 4006 sen
1532 3925 1533 3958 ¹

377 4053 435 4112 est
457 4050 693 4134 geminatum
716 4052 900 4137 dolorem,
931 4055 1055 4120 sicuti
1083 4055 1329 4138 dictumest,
1356 4049 1489 4118 efficiat.

377 4155 414 4216 et
445 4155 540 4220 unde
578 4157 746 4222 excessit
782 4163 819 4224 et
856 4160 921 4226 ubi
958 4159 1213 4226 redundavit:
1268 4161 1360 4228 Haec
1391 4153 1488 4244 quid‘ss
1531 4171 1532 4200 ¹

376 4257 588 4341 Hippocratis
612 4264 717 4329 oratio
737 4269 795 4348 est,
818 4287 915 4350 quam
933 4265 1029 4334 Plato
1049 4267 1132 4332 mihi
1157 4267 1248 4352 sequi
1273 4268 1409 4333 voluisse
1429 4259 1486 4324 viic
1531 4251 1532 4260 ’

378 4369 431 4427 tur
459 4367 566 4431 verbis
596 4369 662 4434 illis
691 4372 788 4454 paulo
818 4394 917 4456 supra
943 4371 1100 4458 laudetis,
1128 4373 1185 4439 ubi
1214 4373 1254 4439 de
1283 4379 1425 4460 quattuor
1446 4365 1486 4426 dt·
