3246 5148
785 419 1003 482 „30-

322 601 351 660 p.
374 577 436 641 184
455 575 497 661 Ε)
522 577 568 640 sic
592 577 731 641 effinxit:
753 572 863 660 θερμὰ
887 575 941 641 καὶ
965 571 1090 660 σκληρὰ
1110 574 1164 640 καὶ
1184 578 1295 660 κοῦφα
1315 577 1369 643 καὶ
1394 585 1471 663 γλυ-

321 681 394 764 κέα,
423 678 468 748 δι’
494 672 542 748 οἷν
569 680 734 770 αἰσθάνῃ,
766 673 819 767 ἀρ’
846 677 968 748 αὐτοῦ
996 679 1148 768 σώματος
1173 682 1292 749 ἕκαστα
1322 689 1419 769 τίθης
1449 680 1470 770 ἢ

321 785 425 856 ἀλλον
447 787 552 867 τινόςς
583 791 750 855 Kuehnius
774 815 849 855 vero
877 780 930 874 ἆρ’
956 784 1171 855 αὐτοῦτοῦ
1195 787 1346 875 σώματος
1369 795 1471 859 edidit

321 899 472 962 mendum
496 898 633 962 Aldinae
657 903 811 981 tanquam
836 898 1039 962 confirmans.
1085 897 1131 961 nt
1156 895 1236 962 illud
1264 893 1369 964 αὐτοῦ
1395 924 1469 966 cou-

321 1005 434 1069 flatum
459 1009 570 1069 estex
594 997 635 1068 οὐ
658 1007 692 1067 et
713 1005 789 1086 τοῦ,
817 1026 900 1087 quae
928 1005 1061 1070 voculae
1090 1004 1123 1068 in
1146 1004 1180 1068 M
1206 1009 1292 1068 recte
1316 1029 1468 1090 sepmau-

263 1157 268 1164 -
320 1117 380 1176 tur.
426 1112 640 1175 Restituimus
669 1111 771 1195 igitur
798 1098 855 1192 ἀρ’
886 1104 931 1174 οὐ
958 1111 1019 1174 τοῦ
1047 1126 1076 1175 σ.
1103 1134 1132 1175 κ.
1159 1135 1185 1174 τ.
1212 1115 1240 1175 λ.
1285 1112 1332 1176 Ut
1359 1120 1468 1179 autem

320 1219 381 1282 hoc
406 1219 588 1301 exemplum
611 1218 721 1281 docuit
744 1217 895 1281 mendum
914 1239 1026 1300 parere
1051 1217 1215 1300 mendum,
1238 1219 1285 1283 sic
1309 1221 1409 1286 etiam
1433 1223 1471 1286 il-

319 1325 374 1388 lud
398 1325 504 1408 docet,
531 1325 615 1409 qnod
643 1325 764 1409 legitur
787 1345 817 1406 p.
840 1325 906 1388 674
930 1329 1020 1406 extr„
1049 1325 1104 1388 ubi
1129 1323 1171 1389 A:
1199 1321 1255 1388 διὰ
1284 1321 1382 1390 τοῦθ’
1404 1321 1469 1392 Ἱπ-

320 1427 485 1516 ποκράτης
507 1429 545 1495 ἐν
567 1433 611 1519 τῷ
630 1429 704 1516 περὶ
727 1427 849 1513 φύσιος
872 1423 1058 1514 ἀνθρώπου
1076 1426 1138 1513 τὴν
1156 1429 1191 1494 ἐκ
1209 1433 1277 1496 τῶν
1296 1437 1470 1516 στοιχείων

319 1536 442 1602 ἕνωσιν
465 1532 622 1602 ἁπάντων
640 1539 708 1601 τῶν
726 1536 879 1619 φυσικοῖν
898 1532 1061 1619 σωμάτων
1079 1532 1198 1621 κοινὴν
1221 1535 1341 1604 εἰπὼν
1363 1535 1470 1624 ὑπάρ-

319 1667 391 1728 χειν
414 1643 451 1721 ἐξ
474 1632 518 1727 ἧς
545 1642 596 1707 aa
620 1639 773 1726 τὴντῶν
801 1638 893 1730 ζῴων
915 1641 1033 1726 μετέβη
1057 1668 1085 1707 κ.
1107 1668 1134 1708 τ.
1157 1647 1200 1720 λ.;
1229 1645 1398 1710 Kuehnius
1423 1649 1468 1712 lo-

320 1773 392 1816 cum
421 1752 468 1815 ita
496 1751 730 1814 restituendum
759 1772 828 1812 esse
852 1751 995 1833 putavit,
1024 1754 1060 1813 ut
1083 1748 1186 1816 εἰπὼν
1212 1753 1247 1816 in
1272 1747 1339 1817 εἴτε
1363 1759 1466 1819 muta-

318 1862 415 1923 retur.
461 1857 547 1942 Lege
570 1879 630 1940 pro
659 1854 692 1933 ἐξ
715 1843 753 1939 ἧς
777 1878 849 1920 cum
873 1856 941 1920 cod.
965 1856 998 1920 M
1023 1853 1108 1940 ἑξῆςε
1135 1858 1201 1922 iam
1224 1859 1308 1924 nihil
1332 1861 1372 1924 ml
1396 1885 1464 1926 scn-

318 1964 440 2029 tentiae
464 1963 686 2048 integritatem
711 1962 918 2026 desiderabis.
959 1962 1072 2026 Multis
1096 1964 1197 2048 igitur
1222 1967 1327 2030 modis
1353 1972 1465 2032 contra

318 2070 589 2154 orthographiam
609 2071 642 2134 in
662 2069 782 2134 Aldina
799 2073 970 2151 peccatum
989 2091 1058 2132 esse
1078 2071 1177 2134 variis
1201 2073 1357 2155 exemplis
1381 2095 1466 2139 com-

318 2178 492 2260 probatum
516 2180 573 2240 est.

406 2283 501 2348 Nunc
523 2282 618 2348 venio
647 2281 687 2346 ad
712 2282 849 2346 alterum
877 2303 978 2366 genus
1002 2285 1205 2368 mendorum,
1232 2285 1317 2368 quod
1345 2307 1466 2349 οιοαι-

311 2392 436 2472 pendia
458 2391 710 2455 terminationem
734 2410 897 2472 μαμωοια
923 2391 1079 2455 intellectis
1106 2397 1213 2455 nolam
1237 2397 1291 2468 est,
1320 2415 1383 2476 quo
1410 2393 1466 2456 Al-

316 2498 393 2562 dina
420 2518 616 2582 quamquam
646 2497 753 2560 minus
784 2517 881 2578 saepe
912 2519 1008 2580 quam
1038 2497 1085 2580 M,
1114 2501 1224 2562 tamen
1252 2520 1318 2563 non
1347 2521 1465 2582 parum

317 2626 413 2687 saepe
437 2603 675 2668 commaculata
703 2606 760 2665 est.
805 2601 855 2666 Ne
883 2602 937 2666 hic
960 2603 1089 2687 quidem
1118 2604 1183 2667 alia
1206 2604 1359 2688 colligere
1382 2606 1466 2669 libet

316 2731 413 2792 quam
441 2732 493 2792 ea,
523 2731 660 2793 quorum
690 2708 831 2791 vestigia
860 2706 894 2772 in
924 2710 1039 2772 ceteris
1070 2710 1266 2776 editionibus
1296 2715 1464 2795 apparent

316 2815 437 2900 Atque,
466 2820 503 2879 ut
531 2795 768 2880 aNominihus
796 2814 899 2896 iisque
928 2815 1108 2900 vocabulis,
1135 2839 1217 2901 quac
1245 2818 1375 2882 casibus
1403 2819 1463 2882 im-

316 2926 495 3006 mutantur,
519 2921 641 3004 ordiar,
664 2921 716 2984 bis
741 2924 816 2984 sunt
834 2920 939 2983 exitus
960 2922 1067 3002 pravi:
1090 2945 1120 3005 p.
1139 2924 1202 2988 287
1227 2928 1303 3006 post
1325 2925 1406 2989 med.
1429 2926 1467 2990 οἱ

314 3024 581 3111 μνημονεύοντες
599 3029 667 3092 τῶν
685 3024 870 3110 εἰρημένων
889 3025 984 3114 ἐντῷ
1000 3025 1141 3115 δευτέρῳ
1155 3025 1243 3118 λόγῳ
1258 3027 1462 3113 γιγνώσκον-

314 3150 371 3198 σιν
392 3129 478 3218 ἡμᾶς
499 3129 536 3198 τὸ
562 3130 701 3217 ἰσχυρόν
723 3157 757 3198 τε
780 3130 835 3196 καὶ
858 3144 1016 3216 γενναῖον
1042 3121 1091 3198 ὧν
1113 3127 1131 3198 ὁ
1155 3132 1348 3219 Χρύσιππος
1371 3130 1462 3200 εἶπεν

313 3234 558 3324 ἀνατρέποντας
582 3235 743 3314 ἐάσαντάς
764 3263 799 3304 τε
822 3235 865 3303 τά
889 3234 1136 3304 ἀσθενέστατα
1161 3238 1381 3306 ἐπιδεικνύειν
1403 3236 1460 3306 αὐ-

312 3348 373 3411 τοῦ
394 3343 434 3412 τά
459 3343 644 3431 σφάλματα.
688 3345 764 3410 Νοιι
791 3341 831 3410 τά
859 3340 1084 3411 ἀσθενέστατα
1111 3347 1142 3412 h.
1165 3348 1186 3412 l.
1215 3349 1312 3413 scribi
1341 3350 1461 3432 debuit,

315 3453 369 3518 sed
392 3449 433 3518 τὸ
458 3447 744 3534 ἀσθενέστατον,
768 3452 853 3535 quod
872 3458 905 3516 et
929 3454 1048 3517 codicis
1068 3454 1102 3518 M
1122 3457 1317 3520 auctoritate
1336 3460 1370 3519 et
1388 3479 1460 3522 con·

314 3560 412 3624 trarie
434 3561 610 3625 relatomm
629 3560 803 3623 verborum
821 3553 857 3622 τὸ
878 3555 1017 3642 ἰσχυρόν
1034 3583 1068 3624 τε
1087 3558 1141 3624 καὶ
1161 3574 1319 3645 γενναῖον
1333 3564 1459 3628 ratione

313 3667 565 3730 commendatur.
601 3665 636 3730 P.
660 3666 725 3730 316
750 3669 824 3729 ante
848 3665 929 3728 med.
953 3665 1037 3730 falso
1062 3667 1218 3750 scriptum
1242 3691 1311 3732 esse
1333 3663 1374 3733 τὸ
1397 3666 1460 3752 μὲν

312 3763 475 3854 ἀκάρδιον
498 3770 535 3835 ἐν
559 3779 619 3859 [σῳ
642 3773 687 3860 τῷ
712 3767 825 3836 δειλὸν
844 3808 887 3816 -
906 3763 1081 3855 ὀνομάζων
1103 3796 1162 3857 pro
1185 3769 1253 3839 τὸν
1275 3771 1338 3858 μὲν
1360 3768 1460 3858 ἀκάρ-

313 3879 390 3941 διον
413 3878 464 3941 vel
488 3899 504 3940 e
529 3881 680 3943 contextu
703 3879 861 3943 orationis
881 3881 986 3962 patet,
1009 3879 1139 3943 etiamsi
1158 3903 1234 3944 vera
1253 3875 1349 3946 lectio
1370 3883 1459 3945 testi-

311 3983 421 4048 monio
446 3983 566 4048 codicis
590 3983 624 4047 M
646 4006 713 4048 non
736 3985 1010 4068 comprobaretur.
1051 3985 1086 4049 P.
1105 3987 1170 4050 412
1195 3992 1273 4052 extr.
1297 3989 1368 4071 quis
1392 4010 1458 4051 cre·

311 4091 367 4154 dat
389 4094 476 4153 recte
505 4111 540 4152 se
567 4090 688 4154 habere
717 4084 758 4154 οὐ
785 4086 848 4174 γὰρ
872 4084 917 4154 δι’
944 4085 1024 4156 αὐτὸ
1053 4089 1195 4176 λέγομεν
1222 4087 1343 4168 αὐτοὺς
1371 4091 1463 4184 ίαν-

310 4207 392 4272 τοϊς
421 4195 482 4274 ἔξω
512 4193 753 4278 καθεστηκέναι
783 4195 837 4260 καὶ
867 4192 912 4280 μὴ
943 4196 980 4261 ἐν
1011 4195 1140 4274 ἑαυτοῖς
1170 4194 1271 4281 εἶναι,
1303 4195 1389 4265 διότι
1419 4197 1456 4265 τὸ

310 4298 507 4385 βιαζόμενον
530 4297 653 4379 αὐτοὺς
676 4297 784 4386 ὁρμᾶν
806 4298 888 4367 κατὰ
910 4299 947 4367 τὸ
972 4299 1082 4380 ιτάθος
1105 4304 1232 4382 ἔξωθέν
1255 4302 1360 4388 ἐστιν,
1383 4301 1455 4372 ἀλλ’

309 4402 361 4472 ὅτι
383 4405 472 4491 παρὰ
495 4405 601 4491 φύσιν
623 4408 779 4493 ἔχονσινῖ
815 4408 850 4472 Μ
868 4411 1043 4494 vestigium
1066 4433 1162 4475 verae
1185 4412 1335 4478 lectionis
1358 4413 1457 4477 habet
