3296 5150
645 402 886 465 -303-

187 559 291 646 λόγον
313 559 396 646 φασὶ
419 559 473 626 καὶ
501 556 564 646 τὴν
592 556 695 638 δόξαν
717 556 780 645 τήν
804 559 911 644 ψευδῆ
934 561 1002 626 τῶν
1031 557 1036 646 Ι
1064 555 1146 626 κατὰ
1173 555 1213 624 τά
1240 556 1332 644 πάθη
1344 575 1398 629 3111

187 666 352 754 κινήσεων
375 675 484 734 αἴτιον
507 662 679 754 ὑπάρχειν,
703 663 958 752 δυσωπούμενοι
990 664 1027 732 δέ
1055 657 1157 744 αὖθις
1179 661 1243 732 ὑπὸ
1267 667 1335 732 τῶν

189 779 386 864 Χρυσίππου
410 771 539 860 ῥήσεων
558 769 774 860 ὑποχωροῦσί
793 771 975 840 τετούτων
997 771 1052 839 καὶ
1074 769 1221 858 κινήσεις
1243 771 1336 852 τινας

187 878 360 960 ἀναιτίους
383 877 599 948 ὑποτίθενται
623 878 679 948 καὶ
697 879 859 966 μένουσιν
878 873 1036 974 οὐδέποτε
1061 879 1111 946 ἐπὶ
1131 881 1199 946 τῶν
1223 875 1334 946 αὐτῶν

188 984 408 1076 ἀποκρίσεων,
431 984 514 1054 ἀλλὰ
534 983 688 1072 Εὐρίπου
711 989 810 1072 δίκην
832 985 984 1054 ἑκάστοτε
1007 986 1246 1074 μεταρρεόυσιν
1269 982 1362 1052 ἀπὸν

187 1093 250 1183 μὶν
271 1097 332 1162 τοῦ
355 1093 416 1160 τὸν
438 1092 542 1180 λόγου
564 1119 597 1160 τε
626 1093 681 1160 καί
703 1090 766 1181 τήν
794 1091 897 1176 δόξαν
920 1095 1091 1160 αἰτιᾶσθαι
1119 1095 1188 1160 των
1214 1096 1334 1160 παθῶν
1419 1181 1422 1188 .

189 1202 240 1268 ἐπὶ
268 1199 306 1268 τὸ
331 1201 430 1290 χωρὶς
453 1205 560 1279 αίτίας
583 1197 710 1270 οὑτωσί
735 1223 804 1278 πως
826 1200 1030 1286 κινουμένην
1052 1199 1114 1285 τήν
1142 1198 1253 1286 ψυχήν
1282 1201 1335 1287 έμ-

188 1315 319 1376 πίπτειν
342 1323 411 1388 τοῑς
430 1304 587 1390 πάθεσιν,
609 1303 673 1374 άπὸ
699 1305 735 1372 δὲ
759 1298 803 1374 αὖ
825 1310 882 1394 τής
901 1310 1025 1385 εἰκαίας
1047 1332 1080 1374 τε
1104 1307 1158 1374 καὶ
1182 1303 1335 1376 ἁναιτίου

188 1405 349 1502 κινήσεως
373 1417 423 1506 ἐπὶ
449 1412 485 1482 τὸ
514 1414 650 1500 λογικάς
677 1411 762 1480 εἶναι
790 1412 848 1492 τὰς
871 1410 1017 1500 κινήσεις
1044 1417 1111 1482 τῶν
1140 1417 1271 1482 παθῶν.
1315 1411 1333 1482 ὁ

189 1521 252 1610 γάρ
281 1528 411 1610 ἔλεγχος
439 1522 602 1610 ἑκατέρων
629 1523 697 1590 τῶν
724 1517 932 1608 ἀποκρίσεων
960 1522 994 1588 έκ
1025 1527 1205 1609 προχείρου
1232 1544 1334 1608 παρα-
1351 1547 1375 1584 ιο

188 1635 338 1716 κείμενος
362 1625 424 1696 οὐκ
448 1628 484 1718 ἐᾷ
507 1629 705 1715 καταμένειν
733 1627 782 1694 ἐπὶ
809 1624 984 1716 οὐδετέρας
1007 1624 1118 1696 αὐτῶν
1145 1628 1182 1696 ἐν
1205 1627 1266 1715 μὲν
1289 1631 1334 1720 τῷ

188 1731 246 1813 τὰς
268 1733 349 1802 κατὰ
373 1733 413 1802 τὰ
437 1732 529 1822 πάθη
553 1735 700 1822 κινήσεις
722 1730 786 1802 ὑπὸ
810 1733 997 1820 τοῦλόγου
1021 1740 1174 1821 γίνεσθαι
1194 1734 1335 1820 φάσκειν

190 1835 253 1908 οὐκ
276 1839 422 1930 ἑχόντων
450 1838 561 1910 αὐτῶν
584 1839 760 1930 ἁμάρτημα
789 1845 957 1928 διακρῖναι
985 1840 1133 1926 πάθους,
1160 1843 1198 1910 έν
1225 1842 1260 1910 δὲ
1289 1846 1334 1933 τῷ

192 1947 246 2016 καί
270 1951 393 2018 τοῦτον
421 1945 558 2036 ἀφελεῖν
585 1953 633 2028 είς
655 1946 808 2017 άναίτιόν
834 1975 909 2016 τινα
936 1955 1070 2036 κίνησιν
1098 1947 1335 2037 ἐμπιπτόντων,

190 2053 269 2122 ένὸν
297 2052 411 2135 αὐτοῖς
434 2057 467 2138 ἐξ
491 2056 626 2143 ἑτοίμου
649 2069 770 2142 φυγεῖν
797 2053 985 2144 ἀμφοτέρας
1012 2055 1070 2135 τὰς
1096 2052 1245 2142 άτοπίας,
1273 2057 1335 2142 τήν
1351 2079 1374 2118 15

188 2161 250 2248 pte
273 2166 333 2231 τοῦ
357 2161 400 2250 μή
426 2163 595 2232 δύνασθαι
619 2167 766 2250 διορίσαι
785 2161 916 2242 πάθους
938 2160 1113 2250 ἁμάρτημα
1137 2169 1335 2250 χωρίζοντας

190 2272 251 2337 τοῦ
278 2268 382 2356 λόγου
407 2269 448 2337 τὰ
480 2269 590 2356 πάθη,
621 2268 683 2355 τήν
711 2269 746 2335 δὲ
775 2271 836 2335 τοῦ
863 2274 1022 2353 γίνεσθαί
1041 2297 1072 2337 τι
1102 2271 1201 2356 χωρίς
1229 2275 1335 2349 αἰτίας

226 2455 237 2500 1
260 2447 330 2516 φασί
349 2447 377 2501 Μ
405 2447 492 2516 φασὶν
511 2447 648 2502 Ancon.
669 2478 700 2486 —
726 2453 741 2499 ὁ
765 2441 904 2516 εάρίππον
924 2445 961 2499 Μ.
987 2451 1018 2485 '-
1046 2455 1074 2500 11
1096 2447 1278 2518 καταιμένειν
1296 2449 1333 2503 Μ.

191 2549 222 2557 -
246 2525 276 2572 11
294 2514 324 2572 έν
339 2517 371 2573 δὲ
386 2520 435 2573 καὶ
449 2520 486 2572 τῶ
501 2519 538 2573 Μ.
554 2551 586 2557 -
603 2525 635 2572 16
650 2519 814 2588 χωρίζονιος
829 2517 959 2572 bIABCh
975 2521 1142 2586 χωρίζοντας
1157 2517 1236 2573 Corn.
1252 2520 1285 2576 K.
1302 2551 1332 2558 ω

190 2700 474 2784 perturbationum
498 2721 629 2764 eausam
649 2721 719 2763 esse
742 2699 863 2781 dieunt,
886 2698 968 2762 alias
987 2697 1165 2784 Chrysippi
1189 2701 1334 2766 oratione

190 2807 334 2870 deterriti
360 2807 401 2871 ab
429 2806 480 2870 his
505 2806 656 2870 recedunt
680 2809 712 2869 et
735 2805 890 2889 quosdam
921 2807 990 2869 siue
1014 2829 1113 2872 eausa
1140 2811 1247 2874 motus
1271 2813 1334 2873 sta-

189 2917 286 2978 tuunt
307 2935 526 2998 necunquam
549 2913 583 2978 iu
607 2914 719 2978 eedem
738 2912 947 2996 responsione
965 2917 1122 2997 perstant,
1145 2915 1200 2980 sed
1220 2916 1334 3000 Euripi

189 3022 294 3087 instar
317 3043 445 3105 semper
474 3021 631 3086 fluctuant
655 3020 696 3085 ab
721 3042 760 3082 ea
783 3019 1006 3104 responsione,
1032 3043 1097 3104 qua
1120 3023 1279 3088 rationem
1303 3027 1336 3088 et

189 3129 375 3213 opinionem
398 3127 680 3212 perturbationum
704 3148 836 3192 eausam
859 3126 983 3210 dicunt,
1007 3127 1047 3190 ad
1071 3148 1157 3211 eam,
1178 3152 1242 3214 qna
1265 3129 1334 3194 sine

190 3258 288 3299 eausa
315 3239 435 3300 temere
470 3235 591 3300 moveri
626 3234 768 3298 animum
802 3237 897 3318 atque
931 3233 977 3296 ita
1010 3234 1044 3298 in
1074 3235 1334 3319 perturbationes

190 3341 344 3426 incidere,
372 3345 405 3406 et
427 3363 539 3406 rursus
563 3342 603 3406 ab
633 3342 693 3406 lrao
721 3340 864 3406 motione
888 3340 1061 3406 temeraria
1088 3345 1121 3404 ot
1144 3364 1259 3408 causae
1283 3363 1334 3406 ex·

137 3505 147 3518 ,
193 3451 283 3529 perte
308 3470 345 3512 eo
372 3452 591 3532 transeuntes,
619 3453 655 3514 ut
682 3447 860 3514 rationales
887 3469 957 3512 esse
985 3457 1091 3514 motus
1119 3449 1336 3532 perturbatio·

194 3573 270 3616 num
298 3554 469 3620 affirment
515 3555 682 3622 Ret'utatio
711 3556 796 3620 enim
825 3553 992 3639 utriusque
1020 3555 1239 3638 responsionis
1263 3575 1335 3620 curn

193 3658 226 3722 in
249 3664 380 3742 promtu
399 3663 451 3746 sit,
473 3685 537 3728 non
562 3661 641 3726 sinit
660 3683 715 3726 eos
734 3661 906 3746 persistere
925 3662 960 3726 in
978 3663 1147 3748 alterutra3
1167 3685 1243 3728 nom
1263 3685 1336 3728 earu

192 3765 471 3847 perturbationum
496 3772 603 3834 motus
628 3791 647 3832 a
670 3769 796 3834 ratione
819 3768 888 3832 fieri
912 3768 1035 3854 dieunt,
1059 3791 1200 3834 errorem
1224 3794 1243 3834 a
1265 3793 1336 3853 per·

191 3871 376 3938 turbatione
408 3875 587 3940 discernere
619 3879 794 3961 nequeunt,
826 3897 898 3940 eum
930 3897 1005 3944 vero
1037 3878 1197 3942 rationem
1230 3877 1335 3960 ipsam

191 3981 337 4064 dominat,
359 3981 394 4046 in
418 3987 542 4048 motum
566 3981 740 4068 quendam,
767 3983 821 4068 qui
846 3985 913 4048 sine
937 4005 1035 4050 eausa
1058 3986 1107 4066 fit,
1135 3984 1335 4050 delabuntur.

192 4087 248 4152 Ar
265 4091 434 4174 utrumque
462 4089 524 4156 hoo
552 4089 727 4154 absurdum
760 4089 882 4155 evitare
909 4089 1005 4154 facile
1032 4093 1199 4176 poterunt,
1228 4113 1336 4174 mrum,

191 4195 276 4282 quod
303 4201 466 4282 nequeunt
494 4197 736 4284 distingueres
763 4197 1005 4281 perturbatione
1029 4220 1185 4282 errorem,
1213 4199 1240 4261 si
1264 4221 1334 4282 per-

191 4303 394 4368 turbationes
418 4327 438 4368 a
461 4305 587 4368 ratione
610 4309 826 4388 separassent,
850 4305 998 4386 alterurn,
1020 4304 1103 4388 quod
1125 4304 1247 4388 aliquid
1271 4309 1333 4368 sta-

191 4413 287 4476 tuunt
311 4411 379 4475 siue
403 4435 501 4476 uarrsa
529 4410 614 4494 fieri,
641 4411 667 4473 si
698 4411 902 4476 irrationales
926 4411 1081 4495 qrrasrlarn
1105 4412 1277 4476 facultates
1301 4412 1335 4476 in
