3228 5148
611 439 831 502 ...99-

150 595 360 684 βιαφὲρειν
382 591 472 676 εἶδος
494 591 556 665 οὐκ
580 601 670 663 ἔστιν
693 591 714 681 ἣ
736 593 773 662 τὸ
797 599 855 682 τῆς
877 591 999 682 σαρκὸς
1020 593 1135 682 μέρος,
1157 621 1218 664 nos
1241 597 1297 664 du·

149 706 228 790 plici
251 707 348 789 vitio,
370 728 433 791 quo
456 705 510 770 hie
532 705 623 771 loeus
646 704 789 786 laboret,
813 725 830 766 e
853 704 915 768 fide
938 704 1102 769 codicisL
1125 708 1295 772 emendato

149 811 341 897 scripsimus
367 807 404 876 τὸ
433 808 619 894 διαφέρον
646 805 735 886 εἶδος
762 803 824 874 οὐκ
856 812 947 874 ἔστιν
975 801 1062 875 οἷον
1089 805 1126 876 τὸ
1154 835 1183 876 ιι.
1205 837 1232 877 τ.
1255 818 1296 898 λη

149 918 184 984 Μ
208 921 245 983 οἳ
265 940 325 1002 pro
348 909 424 983 οἷον
445 917 558 1000 habet,
581 916 851 1002 quemadmodum
873 916 960 981 idem
978 940 1008 1001 p.
1023 916 1088 982 593
1108 940 1138 1002 p.
1158 920 1240 984 med.
1265 911 1301 983 oi

149 1019 290 1109 ὕπαρξις
311 1046 371 1108 pro
394 1017 470 1089 οἷον
492 1017 547 1088 ὑπ.
571 1027 655 1106 etp.
680 1024 744 1087 710
772 1027 850 1088 extr.
874 1014 910 1087 οἷ
929 1023 1035 1087 τανῦν
1058 1045 1117 1108 pro
1148 1015 1222 1090 οἷον
1245 1027 1296 1091 vel

150 1131 261 1214 potius
285 1121 430 1214 οἷόνπερ.
466 1129 501 1194 P.
520 1129 584 1194 678
609 1150 638 1212 p.
662 1151 703 1192 m.
726 1128 789 1192 illi:
817 1124 893 1213 άχρι
920 1125 983 1213 μὲν
1007 1118 1154 1196 οὖντοῦ
1177 1131 1298 1197 πλέον

150 1230 172 1320 ἢ
195 1240 367 1302 ἔλασσον
394 1233 534 1301 ἕκαστον
561 1236 629 1300 τῶν
656 1231 886 1299 συντιθέντων
908 1230 994 1320 ἡμᾶς
1016 1233 1234 1322 γιγνόμενον,
1263 1239 1302 1303 αί

150 1339 248 1408 νόσοι
270 1345 506 1424 καθίστανται,
528 1335 642 1418 κοινὸς
665 1335 682 1406 ὁ
706 1337 806 1424 λόγος
828 1338 919 1405 ἐστὶν
941 1365 969 1406 κ.
987 1365 1014 1407 τ.
1034 1347 1077 1424 λ,
1100 1366 1160 1408 nos
1182 1345 1231 1409 ite
1253 1346 1298 1411 lo-

150 1471 225 1514 cum
252 1449 486 1514 restituendum
514 1447 785 1530 existimavimus,
813 1450 850 1511 ut
877 1448 1105 1515 scriberemus:
1138 1445 1214 1536 άχρι
1236 1448 1299 1535 μὲν

152 1543 300 1620 οὖντοῦ
323 1551 493 1632 “πλίονος
519 1547 539 1638 ἢ
563 1549 762 1631 ἐλάσσονος
785 1549 925 1618 ἑκάστου
951 1556 1019 1619 τῶν
1042 1571 1071 1621 σ.
1094 1550 1124 1640 ἡ.
1147 1555 1299 1641 γιγνομέ-

152 1685 226 1726 νου
248 1663 286 1726 αί
306 1685 335 1726 ν.
357 1661 397 1726 ιι.’
416 1685 444 1726 κ.
461 1685 490 1726 τ.
507 1667 548 1746 λη
572 1683 602 1744 p.
618 1661 682 1725 665
705 1683 736 1744 p.
750 1683 791 1724 m.
810 1660 874 1724 illi:
898 1657 1011 1745 ἐπειδή
1034 1685 1076 1745 γε
1098 1661 1199 1728 πλέω
1224 1659 1300 1741 ἑνὸς

151 1763 235 1834 ὄντα
252 1763 422 1851 τυγχάνει,
446 1789 641 1854 quemquam
659 1766 759 1831 iidem
777 1790 807 1850 p.
823 1767 887 1832 678
907 1790 938 1850 p.
951 1767 1023 1846 init.
1037 1767 1173 1833 eundem
1191 1770 1298 1836 locum

151 1873 358 1939 Platonicum
387 1874 434 1939 sio
461 1873 680 1938 reddiderunt:
712 1868 824 1956 ἐπειδη
852 1870 907 1936 καὶ
934 1870 1026 1956 γένη
1054 1873 1201 1940 πλέονα
1225 1873 1300 1954 ἑνὸς

151 1976 235 2046 ὄντα
262 1975 429 2066 τυγχάνεις
457 2004 531 2046 nos:
558 1974 671 2062 ἐπειδὴ
698 1977 778 2062 γε’νη
801 1983 938 2044 πλείονα
962 1977 986 2044 ἕ.
1009 1975 1037 2045 ὅ.
1063 2005 1091 2046 τ.
1118 1979 1172 2067 (of.
1201 2005 1300 2068 supra

152 2111 185 2172 p.
210 2085 276 2173 37).

242 2191 399 2258 Venimus
417 2215 502 2258 nuno
521 2193 563 2257 ad
580 2194 696 2258 menda
713 2193 748 2256 in
767 2192 855 2257 exitu
876 2193 1047 2258 verborum
1062 2194 1192 2259 usitate.
1226 2195 1300 2262 Soe-

150 2299 287 2385 pissime
315 2302 556 2364 oommutuntur
582 2321 610 2363 ει
638 2303 671 2362 et
698 2321 763 2379 ειν,
792 2297 971 2363 cuiusmodi
1000 2300 1128 2384 mendo,
1155 2323 1237 2384 quse
1266 2303 1300 2368 in

151 2405 178 2470 L
203 2409 236 2470 et
254 2404 288 2470 M
307 2404 410 2469 multa
428 2405 725 2489 deprehenduntur,
747 2425 951 2488 nequaquam
970 2406 1080 2470 omniu
1099 2406 1133 2470 in
1152 2406 1220 2472 edd.
1235 2430 1301 2474 eor-

151 2515 242 2576 reote
265 2515 349 2576 sunt
380 2509 434 2576 Sio
456 2534 497 2576 ne
520 2503 604 2577 in'K
623 2510 752 2596 quidem
776 2531 806 2594 p.
820 2509 887 2575 665
910 2513 984 2574 onte
1004 2511 1057 2575 fin.
1079 2505 1116 2576 τὸ
1136 2507 1180 2596 μὴ
1200 2530 1301 2597 προσ-

151 2620 237 2702 ῆκον
259 2616 399 2683 ἕκαστον
422 2615 527 2706 ἑαυτῷ
550 2611 820 2702 προσλαμβάνει
843 2617 877 2680 in
895 2610 932 2681 τὸ
953 2653 994 2663 -
1009 2614 1302 2702 προσλαμβάνειν

151 2747 211 2790 nee
234 2749 267 2810 p.
285 2725 351 2790 6λο
373 2748 404 2808 p.
426 2725 508 2790 med.
531 2727 711 2809 νομίζειν
732 2723 862 2808 μικρῶν
884 2717 970 2788 εἶναι
994 2719 1157 2807 σωμάτων
1180 2724 1214 2788 in
1237 2749 1301 2790 νο·
1358 2801 1364 2814 ,

151 2835 255 2916 μίξει
278 2855 307 2896 ιι.
329 2853 356 2895 τ.
379 2834 407 2895 λ.
430 2833 591 2895 mutatum
615 2834 673 2894 est.
695 2827 730 2893 P.
754 2829 819 2894 322
842 2851 872 2912 p.
895 2829 938 2892 in.
965 2829 1000 2893 in
1024 2829 1171 2898 oratione
1195 2829 1299 2916 Chry-

152 2939 240 3023 sippi
264 2937 477 3021 subobscure,
504 2958 601 3020 quam
631 2935 699 3000 edd.
722 2957 825 3020 provo
847 2935 1108 3019 interpunctione
1138 2937 1301 3004 obscurio·

153 3067 222 3110 rem
244 3042 463 3126 reddiderunt,
487 3042 533 3106 sio
557 3041 760 3107 scribendum
784 3041 859 3106 fuit:
883 3035 903 3105 ὅ
925 3063 959 3105 τε
980 3038 1101 3126 Ζήνων
1118 3039 1202 3127 πρὸς
1221 3039 1302 3120 τοὺς

153 3146 497 3234 ἐπιλαμβανομένους,
512 3143 571 3220 ,ὅτι
594 3143 701 3212 πάντα
724 3142 764 3211 τὰ
785 3143 966 3231 ζητούμενα
985 3149 1032 3224 εἰς
1049 3143 1086 3212 τὸ
1106 3145 1212 3232 στόμα
1235 3147 1301 3233 φέ-

153 3279 213 3342 ρει
237 3253 368 3342 (φέρειν
391 3251 617 3341 MABOhK),
641 3255 765 3337 ἔφησεν
783 3247 871 3318 (ἀλλ’
889 3245 931 3318 οὐ
948 3248 1056 3317 πάντα
1074 3256 1301 3320 καταπίνεται’

153 3362 204 3427 ‘et
223 3361 309 3426 Zeno
327 3360 635 3444 reprehendentibus
640 3411 649 3444 ,
671 3360 757 3446 quod
776 3359 898 3442 omniu,
921 3382 1004 3443 quae
1023 3360 1058 3423 in
1076 3361 1300 3444 quaestionem
1379 3413 1384 3424 .

154 3472 325 3549 vocentur,
352 3467 388 3531 in
410 3489 466 3532 ore
488 3469 645 3552 gestaret,
673 3465 742 3530 ‘at'
765 3465 871 3550 inquit
894 3465 975 3532 ‘non
999 3465 1109 3532 omnio
1132 3489 1151 3530 a
1174 3490 1226 3532 me
1250 3469 1301 3532 de-

153 3573 330 3642 vorentur!
365 3571 400 3637 P.
424 3572 489 3637 312
513 3573 591 3636 extr.
614 3569 828 3637 MABOhK:
852 3575 911 3636 καί
929 3596 986 3657 μοι
1010 3569 1179 3636 δοκεῖκαὶ
1199 3566 1300 3650 αὐτὸς

153 3681 213 3768 (se.
235 3677 254 3746 ὁ
280 3676 483 3766 Χρύσιππος)
501 3675 611 3742 -ἐπί
634 3683 790 3745 πλεῖστον
812 3677 970 3744 ἐκτείνειν
994 3673 1074 3756 τοὺς
1096 3673 1218 3762 λόγους
1239 3672 1301 3745 οόιι

154 3782 280 3868 ὀκνεῖ,
311 3808 372 3852 nos
400 3779 461 3850 οὐκ
491 3778 637 3870 devotae
670 3807 700 3870 p.
724 3785 787 3851 381
817 3785 898 3850 med.
921 3785 984 3851 illi:
1016 3779 1079 3850 τότε
1106 3778 1176 3850 κατ’
1198 3779 1302 3871 άρχάς

154 3887 262 3968 εὐθὺς
284 3893 384 3973 δεῖν,
411 3913 471 3957 nos
494 3892 557 3976 δεῖς
586 3913 616 3975 p.
640 3891 704 3956 597
729 3892 772 3956 in.
795 3891 859 3958 illi:
882 3895 1003 3957 κακίαν
1025 3884 1057 3955 d’
1079 3893 1157 3976 ἔχει
1183 3893 1301 3978 ψυχῆς,

153 4023 214 4065 τινε
242 4022 271 4063 ιι.
299 4000 404 4082 ἔχειν
431 4009 478 4082 τις
511 4021 541 4082 p.
564 3998 627 4063 621
656 4021 687 4082 p.
709 3999 766 4064 in:
798 3991 949 4082 ὁμοειδὲς
976 3993 1013 4064 dt
1040 3995 1094 4062 καί
1126 3993 1208 4062 κατὰ
1238 3993 1301 4082 τὴν

154 4099 276 4170 οίσίαν
303 4100 340 4170 τὸ
369 4104 492 4188 νεῦρον
518 4097 697 4188 ὑπάρχειν
727 4105 773 4192 τῷ
803 4101 988 4195 ἐγκεφάλῳ,
1019 4127 1079 4169 nos
1111 4104 1214 4169 eiecto
1246 4105 1306 4168 καί

154 4205 309 4294 ὑπάρχει
331 4209 542 4274 restituimus.
573 4209 620 4275 Ut
642 4213 752 4276 entem
775 4233 827 4275 ειν
845 4215 878 4276 et
900 4233 945 4293 ει,
967 4212 1016 4276 ite
1038 4233 1090 4274 ειν
1111 4211 1145 4272 et
1162 4233 1212 4292 ηι,
1235 4209 1255 4273 i.
1275 4231 1301 4275 e.

154 4343 175 4404 η
199 4320 439 4402 permutentur,
467 4317 556 4382 velut
577 4339 608 4401 p.
631 4317 694 4381 371
720 4317 781 4382 sub
803 4318 856 4382 fin.
879 4317 915 4382 in
936 4317 1007 4381 MA
1030 4307 1100 4380 εἶτα
1123 4310 1302 4380 συνάπτων

155 4421 273 4508 ἑφεξῆς
295 4420 404 4507 λέγειν
427 4445 486 4508 pro
509 4419 587 4510 λὲγη
612 4423 769 4506 seriptum
793 4427 850 4487 est
895 4422 985 4486 Idem
1008 4420 1159 4486 mendum
1182 4445 1213 4507 p.
1236 4421 1301 4490 357

1052 4544 1089 4600 ⁷*
