3376 5144
796 407 839 418 ——
885 373 950 438 810
996 409 1036 420 --

345 529 651 608 κατασκευάσαντος
688 535 834 615 νομίζειν
871 526 952 596 ἄνευ
991 533 1049 616 τῆς
1089 530 1204 616 τέχνης
1237 529 1410 615 γεγονέναι
1447 529 1487 596 τὰ

345 637 482 703 τοιαῦτα
506 631 525 722 ἢ
549 632 631 702 κατὰ
654 632 769 720 τύχην,
793 634 1037 722 διακρινόντων
1059 632 1216 702 ἁπάντων
1238 636 1300 722 τὴν
1323 634 1385 722 μέν
1409 655 1487 702 σπα-

344 741 452 821 νιάκις
475 740 678 829 ἁμαρτάνειν
696 745 757 810 τοῦ
776 747 913 826 σκοποῦ,
936 742 998 830 την
1021 743 1056 810 di
1077 741 1307 829 ἐπιτυγχάνειν
1330 739 1488 828 ὀλιγάκις,

344 845 480 935 άχρείαν
504 849 538 915 di
563 849 616 916 καὶ
646 847 690 936 μὴ
714 849 869 936 τεχνικὴν
896 847 1051 936 ἡγεῖσθαι
1080 847 1142 936 τὴν
1169 853 1226 936 τῆς
1253 848 1489 936 τοῦσώματος

318 953 441 1042 ιὴμών
463 959 665 1043 κατασκευης
688 962 798 1024 αἰτίαν
822 955 907 1024 εἶναι
926 955 970 1044 μὴ
995 956 1203 1042 φυλάττοντα
1222 955 1285 1043 τὴν
1308 953 1488 1043 ὁμοιότητα

344 1066 402 1148 τῆς
424 1069 563 1148 κρίσεως
586 1064 637 1130 ἐπὶ
660 1067 729 1130 τῶν
753 1061 883 1150 ὁρατῶν
905 1067 1063 1150 τεχνιτῶν
1084 1061 1168 1150 πρὸς
1192 1061 1273 1142 τοὺς
1295 1063 1339 1150 μὴ
1364 1059 1488 1150 ὁρωμέ-

346 1195 436 1247 νους.
492 1166 533 1237 οὐ
571 1167 635 1256 γὰρ
673 1171 799 1250 ἔξωθεν
831 1170 1015 1256 ἐπεισάγειν
1046 1169 1204 1256 προσήκει
1236 1168 1409 1255 κριτήριον
1442 1173 1489 1248 εἰς

344 1277 516 1354 ἐπίσκεψιν
539 1268 587 1344 ὧν
611 1274 751 1355 ἅπαντες
779 1282 896 1363 ἔχομεν
919 1277 1028 1362 φύσει.
1064 1276 1195 1356 τούτοις
1215 1292 1285 1356 τοῖς
1307 1281 1489 1362 κριτηρίοις

345 1382 514 1471 χρώμενος
533 1381 551 1452 ὁ
570 1380 787 1471 Ἱπποκράτης
811 1399 932 1470 εγραψε
955 1383 1054 1451 τάσδε
1078 1382 1136 1462 τὰς
1159 1384 1286 1469 φωνάς·
1315 1380 1488 1450 ’ἀπαίδευ-

307 1488 444 1576 τοτοςὴ
473 1489 574 1576 φάσις
601 1493 703 1558 ἐοῦσα
730 1491 782 1558 καί
813 1487 855 1558 οὐ
877 1495 1034 1576 μαθοῦσα
1062 1499 1101 1558 τὰ
1130 1493 1248 1558 δέοντα
1279 1492 1411 1575 ποιέει’,
1434 1491 1489 1557 καλ

280 1597 384 1670 ἳθιέν
407 1593 522 1676 άλλαις
545 1595 650 1676 ἄλλως
674 1599 820 1665 ενούσων
843 1597 960 1682 φύσιες
984 1589 1120 1684 ίητροί’·
1144 1595 1301 1676 ὡσαύτως
1321 1600 1324 1684 l
1346 1605 1411 1685 ἔχει
1434 1597 1489 1664 καὶ

344 1705 457 1770 τοῦτο·
491 1703 608 1788 *φύσις
641 1705 782 1788 έξαρκεέι
815 1703 922 1770 πάντα
955 1707 1056 1772 πᾶσι.’
1106 1713 1200 1772 καλεῖ
1231 1704 1267 1772 di
1297 1701 1403 1790 αὐτὴν
1435 1705 1489 1772 καί

346 1813 480 1877 δικαίαν
505 1813 608 1878 ἐνίοτε
632 1810 686 1877 καί
710 1809 771 1876 τὸν
799 1808 915 1896 ἰατρὸν
937 1808 1105 1898 ὑπηρέτην
1128 1838 1162 1879 τε
1186 1811 1240 1878 καὶ
1263 1809 1410 1898 μιμητὴν
1433 1807 1492 1877 αὐ-

345 1919 403 2003 τῆς
432 1915 521 1984 εἷναί
545 1937 628 2004 φησι
656 1918 710 1984 καὶ
742 1915 797 1984 διὰ
826 1917 949 1997 παντὸς
979 1921 1016 1986 έν
1048 1934 1117 1998 τοῖς
1144 1917 1226 1985 κατὰ
1254 1919 1353 2005 μέρος
1379 1916 1492 2003 λόγοις

383 2141 397 2188 2
418 2128 554 2187 ἁπάντων
573 2127 603 2187 td
625 2127 677 2198 civ
696 2133 723 2186 M
748 2125 774 2184 ά.
795 2133 843 2185 καλ
867 2127 918 2198 την
937 2132 1067 2187 ABChK
1091 2127 1117 2186 ά.
1139 2128 1189 2199 τὴν
1209 2149 1265 2184 nos.
1288 2163 1317 2171 -
1345 2137 1360 2184 5
1385 2126 1421 2199 μὴ
1443 2149 1493 2185 nos

349 2207 523 2260 inseruimus.
550 2235 581 2244 -
608 2200 723 2264 9τάςτε
743 2200 842 2270 φωνὰς
862 2204 994 2258 Manca
1015 2200 1096 2264 τάςὸε
1118 2224 1146 2270 φ.
1168 2203 1191 2256 Κ
1211 2198 1295 2255 τάσδε
1316 2199 1366 2263 τὰς
1386 2223 1415 2270 φ.
1435 2220 1492 2256 nos.

346 2307 380 2316 -
407 2272 592 2337 εὐπαίδευτος
612 2275 691 2330 codd.
712 2275 773 2328 edd.
798 2271 970 2336 ἀπαίδευτος
990 2274 1083 2338 Com.;
1103 2275 1136 2328 cf.
1157 2274 1238 2342 Hipp.
1260 2273 1332 2342 Epid
1362 2273 1412 2338 v1,
1432 2281 1457 2339 ὁ,
1479 2281 1492 2328 l

345 2348 400 2403 vol.
417 2348 461 2414 lV,
481 2365 508 2416 p.
528 2355 579 2402 314
595 2346 630 2412 b;
650 2346 703 2401 vol.
720 2345 754 2406 ll,
773 2364 798 2414 p.
816 2354 866 2400 588
886 2347 960 2400 Erm.
976 2347 1072 2399 Galen.
1088 2351 1234 2398 comment.
1251 2343 1336 2410 XVII,
1355 2351 1380 2410 2,
1399 2362 1418 2414 p
1441 2351 1494 2398 236

346 2419 379 2472 K.
399 2449 431 2458 -
454 2427 486 2472 10
505 2419 554 2471 καλ
573 2435 626 2471 om.
643 2417 713 2471 codd
738 2417 800 2472 edd.
821 2449 851 2458 —
873 2418 965 2471 πιέειν
980 2418 1008 2470 Μ
1028 2416 1135 2470 ποιέειν
1151 2415 1249 2470 Assch
1259 2416 1291 2469 K.
1308 2447 1339 2454 -
1362 2415 1493 2485 11Hipp.

345 2491 363 2544 l.
388 2490 405 2543 l,
432 2490 529 2545 Galen.
555 2489 573 2544 l.
600 2490 617 2542 l.
642 2508 668 2558 p.
695 2495 755 2543 223.
780 2517 812 2528 -
845 2484 945 2556 φύσιες
969 2483 1078 2542 νούσων
1103 2484 1132 2540 οί
1154 2486 1245 2555 ἰητροί
1267 2487 1346 2541 codd.
1373 2487 1435 2542 edd.
1462 2519 1491 2526 -

345 2568 379 2616 12
399 2561 482 2630 Hipp.
507 2563 541 2614 da
561 2561 636 2615 olim.
662 2559 714 2612 volv
739 2559 787 2626 lX,
810 2578 837 2629 p.
859 2567 908 2613 102
930 2560 949 2612 L
970 2559 1066 2612 Galen,
1092 2577 1189 2612 conam.
1217 2559 1272 2612 vol.
1292 2558 1356 2622 XV,
1379 2576 1407 2627 p.
1433 2564 1494 2612 306.

346 2665 374 2672 -
405 2630 549 2698 ἐξαρκέσει
578 2632 657 2684 codd.
686 2630 747 2683 edd.
779 2662 805 2670 -
842 2626 1003 2684 παντάπασι
1029 2631 1056 2684 Μ
1085 2626 1279 2683 παντάπασιν.
1296 2628 1436 2684 ABChK.
1460 2661 1494 2668 ·-

349 2711 381 2757 14
400 2705 424 2758 Α
444 2704 536 2757 verbis
560 2703 607 2754 καί
632 2696 679 2754 διὰ
700 2697 806 2762 παντὸς
824 2702 909 2771 incip.
934 2707 1055 2771 excerpt.
1076 2701 1230 2755 XXXXVII
1256 2701 1335 2756 codd.
1356 2701 1404 2754 FP
1423 2698 1495 2754 desi·
1556 2725 1559 2735 ·

347 2774 444 2841 nitque
464 2774 492 2826 in
511 2773 596 2827 verbo
615 2767 752 2842 γεννητόν
773 2779 808 2841 (p.
830 2781 890 2840 811,
910 2777 944 2841 9).
969 2803 1001 2812 -

348 2991 493 3076 ignores,
527 2990 600 3077 quis
629 2990 743 3055 talium
769 2989 876 3074 opifex
901 2989 1013 3075 fuerit,
1041 2993 1156 3076 putare
1185 3012 1224 3054 ea
1251 2989 1320 3054 sine
1349 2991 1418 3054 arbe
1446 2989 1497 3054 rel

353 3120 429 3163 casu
457 3098 545 3164 facta
574 3119 658 3182 csse,
686 3119 759 3162 cum
788 3101 889 3162 artem
918 3119 992 3162 raro
1021 3099 1062 3163 ab
1090 3121 1141 3182 eo,
1174 3096 1258 3182 quod
1287 3095 1349 3161 sibi
1378 3117 1496 3181 propo-

350 3205 465 3288 suerit,
501 3206 666 3286 aberrare,
707 3205 794 3268 hunc
825 3226 901 3269 vero
926 3227 999 3269 raro
1022 3205 1055 3270 id
1079 3204 1206 3290 assequi
1229 3226 1324 3268 nemo
1349 3204 1392 3268 sib
1419 3203 1499 3289 quin

350 3310 486 3396 iudicet,
515 3312 642 3376 futilem
671 3333 747 3376 vero
775 3333 833 3374 nec
862 3312 1019 3376 artificem
1048 3311 1175 3396 opinari
1200 3333 1329 3375 causam
1354 3309 1500 3376 fabricae

350 3419 497 3503 corporis
530 3417 636 3483 nostri
668 3419 898 3503 praetermissa
936 3419 1147 3483 similitudine
1180 3417 1291 3482 iudicii
1325 3418 1363 3481 de
1399 3419 1501 3482 artifi-

352 3526 458 3609 cibus,
480 3525 536 3610 qui
559 3530 746 3610 cernuntur,
770 3529 801 3588 et
824 3525 878 3608 iis,
906 3525 1049 3610 quinon
1080 3527 1261 3590 cernuntur.
1307 3523 1383 3589 Non
1410 3525 1499 3590 enim

350 3631 548 3696 extrinsecus
577 3633 723 3697 adhiberi
747 3631 902 3696 iudicium
926 3633 1022 3697 debet
1050 3633 1089 3697 ad
1121 3653 1232 3696 earum
1255 3654 1380 3714 rerum,
1416 3653 1499 3717 quus

352 3760 464 3804 omnes
487 3743 605 3803 natura
632 3739 805 3822 habemus,
834 3738 1133 3803 considerationem·
1179 3737 1241 3802 His
1264 3738 1393 3803 iudiciis
1421 3761 1500 3803 usus

352 3843 572 3930 Hippocrates
601 3847 681 3911 haec
713 3846 812 3910 verba
850 3847 994 3930 scripsit:
1045 3845 1144 3910 ‘Non
1181 3844 1318 3910 edocta
1357 3848 1502 3910 nutura
1551 3847 1558 3870 ⁸

353 3973 423 4016 nec
447 3951 527 4016 ullo
551 3954 743 4038 magistro
768 3976 835 4017 usa
859 3975 914 4036 ea,
938 3975 1032 4036 quae
1061 3952 1183 4035 decet,
1213 3951 1326 4017 faoii’
1351 3957 1384 4016 et
1408 3952 1500 4018 alibi:

348 4057 514 4123 ‘Morbis
552 4063 713 4124 naturae
750 4057 981 4144 medentur'5
1019 4059 1131 4124 eodem
1168 4059 1264 4124 modo
1302 4063 1335 4123 et
1362 4058 1442 4122 illud
1467 4081 1501 4121 se

351 4164 463 4229 habeb:
510 4164 680 4230 ‘Natura
722 4166 880 4231 sufficit
915 4166 1072 4231 omnino
1106 4164 1304 4232 omnibus?
1354 4163 1500 4230 Eandem

347 4275 444 4335 vocat
475 4272 637 4336 interdum
672 4273 792 4337 iustam
825 4277 858 4336 et
888 4273 1048 4337 medicum
1079 4273 1146 4336 eius
1180 4271 1366 4337 ministrum
1394 4271 1502 4336 imita·

353 4381 521 4461 ioremque
545 4401 614 4443 esse
640 4379 687 4444 aii
711 4383 808 4465 abque
831 4384 990 4464 perpetuo
1013 4379 1047 4444 in
1072 4378 1292 4463 singularibus
1311 4379 1504 4443 tractatibus
