3228 5148
594 413 815 482 -83-

124 579 161 640 εἰ
179 571 262 640 κοτέ
281 599 316 640 τι
344 570 450 660 αὐτήν
477 577 635 661 seriptum
662 578 827 642 invenitur
854 583 887 642 et
913 601 943 664 p.
967 578 1032 644 275
1056 582 1133 665 post
1156 581 1197 644 in.
1221 573 1280 644 άν-

124 681 246 766 έιτρεττε
278 705 338 766 pro
371 676 544 767 άνέτρεπε,
577 707 607 768 p.
636 685 701 749 248
735 685 816 749 med.
844 677 932 750 αὐτῶ
962 683 1191 769 κεκρυμμένον
1221 709 1279 770 pro

124 782 432 874 ἀποκεκρυμμένον,
455 792 572 874 quibus
592 791 630 854 de
650 791 806 876 exemplis
826 792 898 856 vide
917 791 1029 877 Progr.
1048 795 1148 856 nostr.
1167 790 1209 874 ΙΙ,
1230 792 1280 857 15.

124 894 176 959 Ex
195 895 380 961 litterarum
401 901 429 960 0
447 900 480 960 et
497 901 525 960 Θ
544 897 782 980 permutatione
801 902 916 963 natum
935 898 1063 963 videtur
1081 898 1162 962 illud
1185 899 1280 982 βοᾶν,

124 1001 212 1086 quod
236 1024 266 1086 p.
290 1003 354 1068 238
379 1003 460 1068 med.
483 1005 518 1068 in
540 1003 574 1068 M
600 1026 659 1088 pro
687 1005 777 1069 θλᾶν
805 1005 963 1088 seriptum
992 1009 1053 1090 est3
1083 1004 1280 1088 archetypus

122 1109 282 1172 nimirum
313 1109 430 1174 codicis
461 1110 588 1175 videtur
617 1111 770 1176 habuisse
803 1110 941 1196 OAAN,
978 1111 1063 1196 quod
1097 1116 1213 1196 postea
1245 1111 1281 1176 in

123 1216 213 1298 βοᾶν
235 1219 415 1280 correctum
434 1221 492 1282 est.
529 1220 564 1280 Σ
576 1213 626 1304 (C)
650 1221 682 1282 Ε
695 1215 745 1305 (Ε)
769 1218 796 1284 0
819 1218 905 1282 inter
928 1241 962 1282 se
986 1221 1171 1303 permutata
1196 1221 1280 1301 sunt,

124 1324 216 1387 euius
244 1323 291 1387 rei
320 1323 414 1405 plura
442 1323 580 1408 vestigia
608 1324 892 1408 deprehendimus,
921 1326 1010 1390 velut
1039 1327 1074 1389 in
1101 1322 1127 1388 L
1157 1347 1186 1408 p.
1213 1325 1279 1388 500

125 1435 203 1494 ante
227 1429 308 1494 med.
331 1424 415 1505 τοὺς
432 1426 488 1493 καὶ
509 1451 568 1513 pro
591 1431 657 1496 τοῦ
681 1429 762 1513 ἐκεῖ,
785 1432 819 1496 in
838 1430 874 1495 M
896 1455 926 1516 p.
947 1432 1008 1496 731
1035 1435 1113 1496 extr.
1137 1429 1280 1516 ἐγχωρή-

125 1551 182 1598 σαι
207 1559 266 1619 pro
290 1535 520 1619 συγχωρῆσαι,
543 1558 573 1621 p.
598 1536 661 1601 547
687 1541 766 1601 extr.
790 1531 807 1601 ὁ
833 1534 998 1602 δεικνύων
1021 1561 1080 1621 pro
1105 1535 1280 1603 ἐδείκνυον

124 1643 284 1726 scriptum
308 1646 370 1728 est;
394 1664 424 1724 p.
448 1642 513 1708 335
536 1642 606 1706 init.
631 1643 664 1706 in
688 1644 866 1728 archetypo
893 1640 1081 1736 λογομένην
1104 1666 1163 1729 pro
1188 1639 1279 1726 λἐγο-

123 1747 233 1832 μένην
251 1748 408 1832 seriptum
431 1748 531 1814 fuisse
551 1748 690 1834 videtur,
714 1750 798 1815 unde
821 1752 856 1815 in
875 1751 910 1815 M
928 1748 1147 1835 λογιζομένην
1165 1755 1278 1816 natum

125 1859 184 1918 est
231 1854 294 1920 Sed
316 1855 412 1940 longe
439 1855 533 1940 plura
562 1859 695 1939 peecata
719 1861 825 1922 aetate
850 1858 1003 1922 inferiore
1028 1879 1044 1920 e
1069 1857 1277 1923 commutatis

125 1961 315 2026 minusculis
343 1965 416 2026 orta
443 1967 528 2027 sunt.
578 1987 599 2026 α
623 1966 656 2026 et
679 1987 712 2028 αι
736 1986 833 2048 saepe
863 1967 1062 2049 permutata3
1091 1964 1126 2028 in
1149 1963 1175 2028 F
1198 1964 1278 2049 legi-

125 2090 198 2132 mus
222 2062 289 2151 ἅμα
312 2091 371 2152 pro
395 2060 491 2153 αἱμα,
520 2070 554 2134 in
582 2069 616 2134 M
639 2067 865 2153 καταιμένειν,
893 2054 1112 2154 φαίσκοντος,
1141 2067 1278 2151 ἑκάτερα

124 2197 185 2258 pro
213 2171 425 2258 καταμένειν,
454 2171 658 2258 φάσκοντος,
686 2172 852 2261 ἑκάτεραι,
883 2178 917 2242 in
945 2177 1011 2242 MA
1040 2199 1070 2260 p.
1101 2176 1166 2241 575
1199 2181 1277 2241 extr.

124 2276 236 2363 ὥσπερ
267 2281 333 2344 νῦν
365 2275 518 2368 ἀρτηρίαι
551 2306 610 2367 pro
643 2276 800 2366 ἀρτηρία,
832 2283 916 2348 unde
949 2305 1009 2348 nos
1042 2305 1072 2366 p.
1107 2283 1170 2346 789
1203 2287 1277 2346 ante

123 2388 205 2452 med.
229 2383 422 2473 πνεύμντον,
444 2385 560 2474 θεόραξ
579 2386 634 2453 καὶ
658 2390 802 2473 μῆτραι
825 2390 893 2454 τῶν
911 2389 1080 2472 γυναικῶν
1099 2388 1134 2452 in
1151 2384 1277 2473 μήτρα

123 2493 331 2560 mutavimus,
376 2494 574 2560 Litterarum
598 2519 635 2576 u,
659 2519 710 2575 αι,
735 2519 761 2559 ω
786 2495 965 2560 similitudo
988 2495 1069 2561 haee
1088 2495 1204 2560 menda
1223 2518 1276 2579 pe·

124 2602 222 2686 perit:
246 2601 280 2665 in
303 2600 329 2665 L
353 2625 384 2686 p.
407 2602 472 2666 513
497 2606 572 2685 post
594 2602 664 2667 init.
689 2599 799 2666 έκεῖνο
821 2601 929 2666 ποιῶν
953 2605 1049 2685 θείης
1076 2624 1137 2685 pro
1167 2598 1277 2666 έκεῖυά

122 2729 179 2774 ποι
203 2701 247 2772 άν
270 2713 320 2790 0.,
347 2730 378 2792 p.
400 2709 464 2772 481
488 2712 570 2791 post
597 2708 640 2774 in.
667 2710 748 2794 τρία
776 2709 834 2793 τῆς
861 2709 969 2794 ψυχῆς
996 2731 1055 2792 pro
1078 2709 1153 2791 τρία
1181 2731 1208 2772 τ.
1232 2719 1276 2790 ιγ,

123 2837 153 2898 p.
173 2814 239 2878 520
258 2817 334 2898 post
352 2814 432 2878 med.
452 2809 681 2898 γυμνάσαντες
700 2838 758 2900 pro
778 2811 1027 2901 γυμνώσαντες,
1051 2816 1086 2880 in
1104 2814 1138 2879 M
1162 2839 1191 2900 p.
1211 2815 1276 2880 605

122 2925 203 2986 extr.
222 2915 496 3006 άυατετραμένων
513 2915 706 3005 ἀνθρώπων
725 2920 882 3009 (ABChK
900 2916 1193 3008 άνατιτρωμέυων)
1216 2944 1275 3005 pro

121 3022 402 3112 άνατετρονμέναν
425 3021 470 3101 ά.;
495 3051 524 3112 p.
547 3029 613 3094 455
637 3052 667 3113 p.
687 3030 768 3094 med.
791 3030 826 3094 in
844 3025 1022 3096 MABOhK
1042 3027 1199 3110 seriptum
1224 3030 1275 3091 est

121 3131 298 3218 τιθέμενος
324 3127 409 3198 εἶναι
437 3130 558 3210 ταύτας
586 3131 745 3219 δυνάμεις
771 3137 829 3219 τῆς
851 3137 971 3219 ψυχῆς,
1000 3127 1043 3210 ἃς
1071 3131 1108 3198 έν
1134 3119 1190 3220 τῷ
1209 3126 1274 3215 πρὸ

120 3237 245 3308 τούτου
267 3236 432 3324 γράμματι
455 3238 704 3325 παραθέμενος,
727 3265 785 3325 pro
809 3234 893 3318 άςΙι
917 3242 1005 3306 solus
1030 3262 1139 3304 veram
1162 3240 1273 3304 leutio·

120 3372 196 3414 nem
226 3342 276 3424 άις
301 3347 448 3432 praebet3
475 3370 506 3430 p.
535 3347 601 3412 625
629 3349 769 3413 martin
798 3349 878 3413 MA:
906 3347 961 3413 καί
985 3351 1132 3429 γίγνεται
1157 3341 1194 3409 δὲ
1216 3341 1273 3431 (se.

121 3449 139 3518 ὁ
164 3451 258 3537 πέριξ
280 3446 359 3538 άίγρ)
382 3453 537 3520 τοιοῦτον
560 3449 709 3540 ὄργανον
732 3446 820 3543 αὐτῷ
844 3451 901 3541 (se.
919 3455 965 3544 τῷ
988 3447 1167 3538 ὀφθαλμῷ)
1191 3447 1274 3537 πρὸς

119 3555 283 3644 τὴντῶν
307 3561 508 3644 αἰσθητῶν
531 3562 687 3654 οἰκείαν
710 3556 911 3644 διάγνωσιν,
939 3553 1014 3625 οἷον
1042 3553 1210 3645 ἐγκεφάλῳ
1233 3555 1270 3624 τὸ

122 3667 255 3750 νεῦρον.
300 3667 346 3732 At
368 3667 522 3752 quoniam
545 3668 691 3752 sequitur
712 3663 749 3731 τὸ
774 3661 805 3731 θ’
832 3669 957 3732 οἰκείου
980 3660 1145 3749 αἰσθητὸν
1164 3659 1272 3742 ὅψεως

119 3799 149 3838 κ.
172 3799 200 3839 τ.
223 3778 265 3854 λ.,
288 3773 369 3838 mihi
392 3797 458 3839 nun
480 3773 614 3840 dubium
638 3777 700 3859 est,
723 3774 801 3858 quin
824 3796 899 3838 vera
922 3771 1019 3837 lectio
1038 3771 1082 3836 sit
1104 3767 1188 3855 πρὸς
1209 3767 1272 3857 τὴν

119 3882 190 3946 τῶν
223 3882 381 3946 οἰκείων
413 3883 617 3966 αἰσθητῶν
653 3878 837 3965 διάγνωσιν
873 3880 935 3946 hoe
966 3901 1076 3944 sensu:
1112 3863 1189 3942 ‘tale
1222 3883 1272 3944 est

120 3993 231 4052 autem
256 3988 348 4055 oculo
371 3989 621 4054 instrumentum
645 3993 700 4053 a'e'r
723 3989 763 4052 ad
788 3987 970 4071 sensibilia,
998 4007 1080 4070 quae
1105 3986 1173 4050 eius
1196 4009 1269 4070 pro·

120 4095 194 4179 pria
209 4099 297 4179 sunt,
316 4095 541 4179 dignoscenda,
559 4094 654 4178 quale
669 4096 719 4158 est
733 4095 864 4160 cerebro
882 4091 1020 4159 nervus'.
1052 4090 1092 4155 In
1104 4092 1140 4156 M
1158 4115 1188 4175 p.
1202 4093 1267 4157 321

121 4225 149 4267 a.
188 4203 269 4266 med.
300 4199 425 4284 ἐρωτῶ
454 4197 575 4284 λόγους
610 4223 670 4285 pro
703 4198 808 4289 ἐρωτᾷ
840 4206 868 4266 λ.
897 4201 1054 4284 seriptum
1089 4201 1152 4283 est3
1181 4198 1268 4262 idem

122 4309 273 4374 mendum
301 4331 330 4391 p.
354 4307 419 4372 336
448 4311 522 4372 ante
550 4308 632 4372 med.
660 4307 791 4370 subesse
814 4308 948 4391 ideoque
975 4327 1041 4369 non
1064 4304 1268 4370 sen'bendum

121 4439 192 4480 esse
215 4409 294 4480 καθ’
319 4412 459 4479 ἕκαστον
480 4402 530 4478 ὧν
553 4412 662 4498 έροντῶ
681 4416 887 4496 κεφαλαίων,
910 4411 966 4476 sed
990 4408 1143 4499 ἐρωτᾷν.
1167 4409 1267 4476 edito·

1016 4521 1032 4576 6
1039 4518 1054 4552 *
