3210 5148
570 401 810 466 ..503-

169 587 188 626 ν
214 556 308 646 ἡμῶν
343 557 393 628 ἐπ’
423 557 514 650 ἄκρῳ
541 563 586 650 τῷ
619 557 756 647 στόματι,
788 558 871 646 πρὸς
903 559 940 630 δὲ
971 558 1033 648 τὴν
1061 563 1098 628 ἐν
1126 558 1259 654 ούρανῷ

158 664 401 751 wiremudam
421 669 482 753 γῆς
500 663 585 754 ἡμᾶς
604 668 733 754 αἴρεινῖ
765 664 1000 754 συναμφότερα
1020 666 1056 734 δὲ
1071 660 1115 736 αὖ
1135 669 1140 757 Ι
1159 669 1326 743 astavari

174 770 281 864 τούτῷ
300 779 430 864 βιβλίῳ,
453 771 489 841 τὸ
510 771 752 860 ἐπιθυμητικὸν
774 773 829 842 καὶ
852 771 889 842 τὸ
913 774 1103 859 θυμοειδές,
1127 775 1163 842 ἐν
1181 780 1259 864 τῇδε
1286 779 1289 786 ’

171 879 264 966 ῥήσει
284 885 390 968 ψυχῆς
409 877 498 960 εἶδος
517 877 705 966 ὠνόμασεν·
725 878 817 950 ‘tuso
836 906 870 948 τε
894 877 983 960 εἶδος
998 881 1034 950 ἐν
1049 877 1138 974 αύτῷ
1155 887 1260 970 ψυχῆς

149 987 409 1078 ροσῳκοδόμονν
431 985 468 1056 τὸ
493 985 624 1074 θνητὸν
645 985 683 1054 τὸ
707 981 802 1055 δεινὰ
826 987 880 1054 καὶ
904 983 1069 1073 ἀναγκαῖα
1093 990 1130 1057 ἐν
1154 989 1287 1082 decepis

148 1093 304 1182 αθήματα
324 1096 424 1182 ἔχον)
462 1092 549 1182 ὁμοῦ
572 1093 608 1162 δὲ
628 1086 672 1163 αὖ
690 1094 792 1162 πάλιν
814 1092 854 1162 τὰ
872 1101 947 1182 τρία
971 1095 1053 1182 με’ρη
1076 1099 1135 1184 τῆς
1154 1101 1260 1184 ψυχῆς

145 1205 206 1268 icio
226 1206 298 1288 εἴδη
318 1201 558 1290 προσαγορεύει
578 1204 684 1288 φυγῆς
707 1203 744 1269 ἐν
762 1198 870 1292 τούτῷ
894 1207 1012 1293 βιβλίῳ
1037 1205 1094 1294 [τῷ
1119 1209 1258 1296 Τιμαίῳ]

147 1305 193 1374 ’τὰ
211 1307 313 1394 τήνδε
331 1308 394 1397 τὴν
412 1307 570 1396 διήγησιν
591 1313 672 1392 [ἔστι
691 1307 782 1395 γάρ]·
803 1307 965 1395 *καθάπερ
985 1317 1120 1395 εἴπομεν
1137 1308 1259 1379 πολλά-

146 1441 185 1493 ις,
209 1411 260 1482 ὅτι
283 1421 358 1502 τρία
382 1419 488 1503 φυχῆς
512 1417 549 1482 ἐν
576 1413 656 1502 ἡμῖν
679 1419 753 1503 εἴδη
779 1413 996 1506 corporeum?
1042 1412 1199 1496 ὡσαύτως
1222 1416 1259 1486 δὲ

134 1517 176 1587 τὶν
199 1525 238 1609 τῇ
258 1529 416 1612 Πολιτείᾳ
439 1521 520 1591 κατὰ
543 1522 606 1610 μὲν
628 1520 665 1590 τὸ
688 1521 846 1610 τέταρτον
868 1518 950 1608 ὑπὲρ
974 1526 1035 1589 τοῦ
1054 1525 1259 1610 θυμοειδοῦς
1273 1545 1299 1583 1⁰

135 1627 330 1714 ροειρηκύς,
357 1627 402 1708 ὡς
425 1628 540 1717 ἔτερόν
563 1631 631 1697 ἐστι
653 1632 715 1698 τοῦ
738 1630 995 1716 ἐπιθυμητικοῦ,
1023 1627 1154 1698 κᾶπειθ’
1185 1630 1259 1718 ἑξῆς

131 1737 228 1818 acciu,
252 1738 282 1802 rt
303 1736 358 1802 καὶ
381 1738 443 1803 τοῦ
465 1739 658 1822 λογιστικοῦ
684 1738 848 1824 διαφέρει,
871 1741 976 1822 φησίν
1005 1727 1073 1822 ‘dp'
1100 1728 1164 1806 οὖν
1193 1737 1257 1805 ἕτε-

125 1866 185 1924 ρον
214 1835 255 1908 ὂν
282 1841 337 1908 καὶ
365 1840 487 1909 τούτου
520 1837 540 1928 ἢ
573 1847 764 1928 λογιστικοῦ
795 1870 826 1911 τι
856 1840 959 1928 εἶδος,
987 1841 1070 1911 ὥστε
1098 1841 1143 1930 μὴ
1170 1849 1257 1930 τρία,

148 2045 158 2090 1
182 2032 251 2106 ἡμῖν
271 2038 306 2091 M.
332 2068 363 2076 -
388 2042 404 2090 2
424 2035 591 2104 συγγένειαν
610 2037 690 2092 codd.
711 2037 772 2092 edd.
793 2036 903 2107 ξυγγέν.
922 2055 979 2094 nos.
1000 2069 1032 2078 -
1058 2032 1187 2094 αύτύθεν
1205 2055 1257 2110 pro

122 2104 169 2161 Ξπό
190 2109 240 2176 γῆς
255 2109 285 2161 L.
307 2139 339 2146 —
359 2101 479 2176 ύνύγειν
498 2125 550 2176 pro
569 2109 659 2175 αι’ρειν
675 2107 705 2162 L.
722 2141 753 2148 -
774 2104 989 2178 συναμφότερον
1003 2109 1034 2165 L.
1056 2139 1088 2149 -
1108 2115 1124 2162 3
1144 2105 1176 2163 ἐν
1191 2113 1256 2166 anta

116 2179 177 2246 -ῐγδε
197 2195 247 2232 nos
266 2178 439 2232 inseruimus.
455 2208 488 2217 -
507 2185 523 2231 4
543 2173 610 2232 ἄλλο
624 2199 648 2234 κ.
664 2200 687 2232 τ.
703 2182 725 2234 t.
744 2179 817 2234 Plat.
837 2180 909 2233 Tim.
930 2197 956 2249 p.
976 2187 1009 2235 69
1029 2180 1058 2236 C.
1078 2211 1111 2220 —-
1130 2175 1192 2234 ἀλλ’
1212 2175 1256 2236 ὅτι

115 2249 169 2304 ua
193 2243 287 2303 aaran
307 2249 328 2302 L
352 2244 419 2302 ἄλλο
442 2269 469 2302 τι
492 2246 571 2303 Corn.
599 2249 695 2304 BChK
719 2245 787 2304 ἄλλο
806 2271 834 2304 τε
855 2265 916 2315 nos3
940 2253 973 2304 cf.
999 2251 1082 2305 Proll.
1106 2269 1133 2320 p.
1154 2259 1196 2306 40.
1221 2284 1254 2291 -

113 2317 142 2372 ἐν
162 2321 252 2374 reatui
267 2319 297 2374 L.
315 2351 344 2358 —
367 2327 382 2373 5
401 2315 643 2390 προσοικοδόμουν
658 2321 744 2374 Mau
758 2339 865 2389 προσοι,
884 2324 977 2376 cetera
991 2321 1155 2376 oblitterata
1168 2339 1255 2392 usque

110 2391 145 2446 ¹ul
162 2435 167 2446 .
187 2411 222 2444 να
242 2391 270 2458 (1.
290 2409 313 2446 e.
332 2387 428 2479 δειναὶ
445 2391 473 2444 in
492 2391 522 2444 L.
545 2423 573 2430 —
595 2387 704 2458 θνητὸν
722 2387 753 2446 τὸ
774 2409 826 2446 om.
852 2391 937 2458 ChK,
956 2391 990 2448 cf.
1009 2391 1093 2446 Proll.
1112 2411 1139 2462 p.
1160 2399 1202 2448 57.
1221 2424 1254 2434 —·

108 2459 265 2530 ἀναγκαῖον
282 2463 311 2517 L.
328 2494 359 2500 —
381 2469 394 2516 7
412 2465 466 2532 adp
480 2480 531 2532 pro
546 2467 608 2530 ειδη
624 2461 659 2518 M.
675 2493 710 2502 —
723 2457 927 2531 προσαγορεύει
942 2463 991 2531 τῆς
1003 2463 1097 2532 ψυχῆς
1111 2462 1254 2532 Aaou&

110 2536 138 2588 iu
157 2534 178 2587 L
198 2533 310 2588 litterae
330 2534 464 2588 evanidas
484 2537 561 2591 sunt:
586 2533 689 2588 ibidem
708 2531 802 2604 ταύτῷ
822 2533 913 2588 oblitt.
933 2565 966 2573 -
989 2535 1027 2607 τῷ
1048 2537 1157 2608 Τιμαίῳ
1177 2536 1255 2590 nucia

110 2604 280 2658 inclusimus.
304 2635 339 2644 —
368 2615 383 2658 11
407 2601 536 2674 διήγησιν
560 2603 601 2659 ἔτι
624 2600 758 2674 καθάπερ
782 2605 803 2658 L
832 2609 857 2660 δ.
882 2601 939 2660 ἔστι
967 2603 1020 2674 γὰρ
1044 2625 1069 2660 κ.
1092 2605 1255 2662 MABchK

110 2674 167 2729 ἔστι
192 2670 245 2743 γὰρ
269 2675 347 2730 uncis
374 2675 544 2730 inclusimus.
567 2707 603 2716 —
626 2677 696 2732 Tim.
720 2695 746 2746 p.
767 2683 800 2732 89
820 2675 851 2730 Ε.
877 2709 909 2716 -
934 2673 1066 2739 πολλάκις
1089 2693 1143 2732 om.
1166 2677 1196 2732 L.
1222 2709 1254 2717 --

109 2755 125 2800 a
146 2747 208 2812 τρία
232 2747 280 2813 τῆς
298 2746 392 2815 ψυχῆς
415 2747 494 2802 codd.
514 2747 575 2801 edd.
599 2749 662 2816 τρία
680 2749 774 2834 φυγῆς
797 2748 893 2804 Galen.
913 2748 947 2802 de
966 2751 1089 2803 consuet.
1113 2748 1155 2804 ed.
1176 2748 1255 2803 Dietz

109 2837 135 2886 p.
160 2823 217 2871 125.
240 2848 269 2856 -
291 2811 423 2880 ὡσαύτως
442 2813 470 2872 δ’
493 2811 583 2886 ηῦνΒ
603 2813 633 2874 oi.
654 2813 682 2872 d’
703 2839 757 2894 ιιριν
776 2819 816 2874 Ch
835 2814 865 2873 ύ.
885 2813 914 2873 δ’
935 2815 990 2873 κᾶν
1004 2819 1041 2886 Κς
1061 2819 1095 2874 cf.
1110 2819 1206 2890 Progr.
1222 2822 1254 2884 ll,

115 2897 153 2942 ld.
176 2919 207 2928 —-
234 2895 264 2942 11
286 2883 408 2944 κᾶπειθ’
429 2884 493 2959 ἑξῆς
512 2889 533 2944 L
552 2885 672 2945 κᾶπειθ’
694 2886 798 2960 ἐφεξῆς
816 2889 992 2945 nauehu.
1012 2922 1043 2932 -
1071 2897 1102 2944 12
1122 2883 1139 2960 ἦ
1159 2908 1210 2960 pro
1229 2891 1257 2946 sl

112 2961 141 3014 1..
167 2990 199 3000 -
224 2960 310 3014 verba
329 2958 461 3028 διαφέρει
480 2991 514 3000 -
537 2961 693 3029 λογιστικοῦ
714 2978 767 3016 om.
787 2961 824 3016 M.
844 2993 876 3002 -
904 2963 990 3030 φησίν
1009 2961 1100 3016 ublitt
1121 2962 1150 3016 in
1169 2963 1200 3017 L.
1220 2995 1254 3004 -

109 3031 182 3086 l'lat.
207 3031 276 3101 Rep.
300 3031 338 3084 IV
362 3049 389 3100 p.
414 3039 466 3087 tau
489 3033 520 3086 E.
547 3065 578 3071 -·
608 3028 704 3100 ἕτερόν
728 3028 786 3088 ἐστι
810 3033 859 3086 sal
882 3035 912 3086 L.
940 3065 970 3071 -
1003 3039 1034 3086 13
1059 3033 1142 3087 τοῦτο
1165 3032 1195 3088 L.
1220 3063 1254 3074 -

109 3155 119 3160 -
134 3153 210 3160 .....—..
220 3153 261 3159 —
276 3152 322 3159 --ι

108 3254 177 3298 nos
201 3254 221 3296 a
244 3235 348 3296 terra
366 3231 412 3295 ad
431 3231 639 3295 caelestem
659 3231 930 3315 cognationem
950 3231 1135 3296 extollere
1159 3231 1254 3298 dici·
1273 3299 1288 3316 κ

108 3337 212 3402 mus!
248 3339 332 3403 Item
351 3343 522 3422 utramque
542 3341 678 3421 partem,
700 3338 980 3420 concupiscentem
1000 3343 1033 3402 et
1050 3339 1254 3422 irascentem,

110 3447 144 3510 in
164 3447 276 3510 eodem
295 3444 500 3512 libroanimi
521 3443 660 3528 speciem
679 3444 731 3508 his
751 3443 858 3508 verbis
877 3444 1068 3528 appellavit:
1092 3445 1253 3512 ‘Aliam-

110 3573 179 3636 que
199 3551 236 3617 in
255 3573 297 3616 eo
317 3551 485 3636 speciem
506 3551 626 3616 animi
645 3550 900 3616 adstruebant
918 3551 1135 3634 mortalem,
1158 3575 1252 3636 quae

110 3679 247 3742 graves
286 3661 323 3721 et
359 3657 605 3723 necessarias
641 3657 683 3724 in
720 3679 758 3722 se
796 3657 1034 3722 affectiones
1071 3657 1253 3724 haberet'

111 3765 214 3830 Simul
237 3786 347 3830 rursus
369 3766 436 3828 tres
456 3763 556 3828 animi
579 3765 684 3830 nostri
703 3769 812 3848 partes
831 3763 866 3828 in
884 3761 997 3826 eodem
1019 3763 1103 3830 libro
1128 3765 1252 3850 species

109 3871 209 3936 animi
233 3873 329 3936 vocat
351 3869 413 3936 hoc
436 3871 521 3936 loco:
568 3869 635 3936 ‘Ut
664 3881 942 3956 saepenumero
966 3869 1146 3954 diximus,
1173 3874 1252 3936 tres

110 3978 227 4043 animi
251 3977 291 4042 in
313 3977 425 4043 nobis
450 3978 599 4062 species
623 3978 865 4044 constitutae
889 3973 998 4040 sunt'
1037 3973 1194 4040 Similiter
1217 3977 1252 4042 in

108 4089 224 4170 quarto
252 4083 464 4168 Reipublicae
491 4087 665 4169 postquam
695 4084 894 4149 iracundiam
926 4081 1088 4146 diversam
1117 4104 1136 4146 a
1163 4081 1252 4166 cupi·

109 4193 210 4258 ditate
229 4213 299 4256 esse
319 4191 438 4274 docuit,
456 4191 583 4276 quaerit
601 4191 761 4274 deinceps,
780 4191 948 4255 differatne
963 4189 1062 4254 etiam
1083 4189 1251 4274 aratione,

109 4299 160 4363 his
183 4297 305 4363 verbis:
344 4296 553 4382 ‘Numquid
576 4297 701 4382 igitur
724 4297 840 4362 etiam
863 4296 909 4361 ab
931 4296 1003 4360 hac
1026 4295 1181 4360 diversa
1204 4317 1251 4362 an

109 4409 149 4470 ut
172 4405 357 4490 quaedam
380 4405 530 4489 species
559 4403 742 4488 rationis,
769 4408 811 4468 ut
837 4424 912 4469 non
939 4405 1018 4468 tres
1047 4403 1087 4467 in
1110 4401 1250 4487 animo,
