3300 5146
536 1255 756 1334 BIBAION
782 1255 986 1335 TPITON.

719 1453 800 1464 .—

266 1569 336 1640 ’Ότι
355 1571 417 1660 μὲν
435 1569 621 1661 ἀναγκαῖόν
640 1575 729 1644 ἐστιν
754 1571 795 1643 οὐ
814 1573 1015 1662 φιλοσόφοις
1032 1573 1151 1662 μόνον,
1174 1573 1257 1645 άλλδ
1277 1576 1398 1644 xalsst

187 1685 324 1769 ἰατροῖς,
348 1677 421 1750 ὅσοι
444 1708 481 1768 γε
499 1680 543 1770 μὴ
563 1680 747 1769 ἀλογίστως
764 1681 922 1751 ἅπτονται
945 1686 1004 1769 τῆς
1021 1684 1148 1771 τέχνης,
1170 1685 1332 1771 ἐσκέφθαι

186 1790 260 1877 περὶ
293 1791 360 1858 τῶν
393 1793 595 1858 διοικονσῶν
626 1785 711 1879 ἡμᾶς
743 1791 922 1878 δυνάμεων
950 1789 1070 1860 ὁπόσαι
1098 1791 1135 1857 τί
1158 1795 1223 1858 ιίσι
1251 1779 1333 1858 κἀτδι

187 1896 284 1984 γένος
307 1894 406 1966 ὁποία
428 1899 465 1965 τέ
485 1926 534 1978 τις
553 1898 671 1984 ἑκάστη
695 1898 776 1966 κατὰ
796 1895 885 1977 εἶδος
908 1900 945 1966 ἑν
967 1905 1033 1967 τίνι
1056 1927 1090 1968 τε
1113 1898 1254 1986 μάλιστα
1272 1901 1333 1966 τοῦ

188 2003 275 2094 ζῴον
301 2011 407 2096 μορίῳ
435 2009 655 2094 καθίδρυται,
688 2003 745 2074 διὰ
772 2009 833 2075 τοῦ
861 2005 996 2093 πρώτου
1024 2008 1187 2074 δέδεικται
1215 2005 1359 2092 myos-⁶

187 2109 238 2179 δτι
262 2110 299 2178 δὲ
322 2115 358 2180 oi
377 2112 534 2181 κάλλιστα
557 2114 631 2202 περὶ
651 2109 762 2181 αὐτῶν
785 2109 1039 2200 ἀποφηνάμενοι
1058 2114 1202 2182 Πλάτων
1224 2140 1259 2181 τε
1278 2114 1332 2180 καὶ

182 2215 399 2305 Ἱπποκράτης
421 2224 521 2305 είσίν,
550 2221 672 2308 ἐρρέθη
693 2221 698 2310 l
718 2220 779 2308 μὲν
803 2218 864 2288 οὐκ
887 2217 983 2306 ὀλίγα
1006 2221 1060 2288 καί
1085 2219 1141 2288 διὰ
1164 2224 1225 2288 τοῦ
1247 2219 1400 2305 πρά-286

186 2352 248 2394 τον
265 2331 410 2412 βιβλίον,
433 2327 612 2396 τελεώτατα
632 2327 669 2395 δὲ
688 2329 872 2414 ἐπεξῆλθον
890 2332 935 2420 τῷ
955 2327 1042 2418 λόγῳ
1065 2325 1203 2396 κατὰτὸ
1224 2327 1334 2396 δεύτε-

187 2461 250 2520 ρον
281 2431 416 2520 γράμμα
443 2433 501 2515 τὰς
528 2434 693 2522 διαφορὰς
720 2433 877 2504 ἁπάντων
908 2438 976 2504 τῶν
1003 2433 1183 2522 λημμάτων
1209 2436 1333 2503 ἐκτιθέ-

187 2566 297 2628 μενος,
321 2533 371 2619 οἷς
395 2542 575 2632 ἐχρήσαντο
599 2543 673 2630 περὶ
696 2546 757 2611 τοῦ
779 2543 1001 2630 προκειμένου
1024 2541 1188 2629 δόγματος
1211 2547 1246 2611 οἱ
1267 2544 1334 2610 ἐπι·
1349 2553 1373 2591 ¹⁰

187 2649 388 2734 φανίστατοι
419 2651 488 2716 τῶν
519 2649 727 2738 φιλοσόφων.
781 2646 964 2737 ἀναγκαῖον
997 2651 1037 2718 δέ
1066 2677 1123 2736 μοι
1156 2654 1249 2717 δοκεῖ
1277 2649 1333 2716 καὶ

261 2845 391 2914 Γαληνοῦ
407 2847 471 2912 περὶ
485 2847 541 2901 τῶν
556 2841 746 2915 ίπποκράτονς
765 2848 813 2902 καὶ
827 2843 973 2908 πλάτανος
990 2841 1072 2916 λόγος
1090 2849 1180 2914 τρίτος
1194 2847 1222 2900 Μ
1244 2849 1334 2916 Γαλη-

189 2919 242 2972 νοῦ
264 2919 404 2986 περὶτῶν
423 2912 615 2986 ἵπποκράτονς
631 2919 680 2973 καλ
699 2914 843 2980 πλάτανος
862 2913 1012 2988 δογμάτων
1030 2919 1124 2985 τρίτον
1142 2917 1173 2973 L.
1193 2951 1225 2958 -

224 2997 241 3044 4
266 2984 336 3045 δποῑ
356 3009 383 3043 τε
408 2990 437 3043 Μ
466 2985 551 3045 ὁποία
573 3010 603 3044 τε
628 2990 688 3044 LA.
718 3022 750 3030 -
776 2997 791 3044 5
811 2987 968 3060 δεδήλωται
991 2987 1013 3043 L
1038 2988 1182 3044 δέδεικται
1206 2989 1274 3044 MA.
1299 3021 1332 3030 —

189 3067 204 3116 l
225 3056 314 3130 ἐρέθη
332 3062 370 3117 M.
391 3093 422 3100 -
443 3069 458 3117 9
479 3057 636 3131 ἐκθέμενος
654 3061 817 3117 MABChK
836 3057 1018 3131 ἐκτιθέμενος
1036 3061 1067 3115 L.
1086 3093 1122 3102 —
1142 3067 1174 3115 10
1194 3057 1239 3124 αἷς
1253 3061 1283 3116 L.
1300 3093 1332 3100 -

189 3182 402 3194 Μ

640 3243 739 3308 Liber
760 3244 885 3310 tertius.

277 3351 418 3418 Necesse
441 3351 571 3436 quidem
591 3373 661 3416 esse
683 3373 750 3417 non
772 3350 977 3436 philosophis
999 3353 1137 3433 tentum,
1160 3348 1334 3415 sedetiam

190 3459 333 3542 medicis,
356 3458 560 3544 quiquidem
583 3481 649 3524 non
671 3462 798 3548 temere
816 3459 856 3523 ad
880 3462 983 3523 artem
1002 3457 1200 3540 accederent,
1222 3457 1261 3520 de
1283 3456 1335 3541 iis,

190 3588 272 3652 quae
289 3588 350 3632 nos
368 3569 527 3652 regerent,
548 3565 761 3631 facultatibus
781 3566 987 3651 quaestiones
1005 3563 1176 3628 instituere
1199 3567 1233 3628 et
1255 3567 1336 3648 quot

188 3695 325 3740 numero
349 3677 459 3738 essent
482 3675 715 3759 generatimst
738 3673 844 3758 qualis
868 3693 1012 3758 quaeque
1032 3670 1226 3756 singillatim
1249 3673 1336 3735 esset

190 3785 224 3845 et
246 3803 310 3866 que
332 3781 367 3845 in
394 3785 487 3865 parte
515 3780 666 3846 animalis
689 3781 897 3865 potissimum
925 3777 1074 3864 singulae
1102 3781 1210 3842 essent
1236 3777 1334 3843 collo-

190 3891 298 3973 catae,
323 3888 430 3972 primo
458 3888 543 3953 libro
567 3887 823 3952 demonstratum
851 3892 913 3972 est3
943 3885 1065 3970 optime
1089 3888 1198 3950 autem
1221 3884 1333 3949 dehis

189 3995 286 4060 rebus
305 3994 444 4059 sensisse
463 3995 633 4060 Platonem
653 3998 686 4059 et
703 3995 939 4080 Hippocratem
962 3993 997 4058 in
1015 3993 1128 4058 eodem
1146 4015 1213 4058 non
1235 3992 1335 4057 semel

189 4105 319 4166 tantum
346 4101 469 4166 dictum
492 4105 555 4187 est3
588 4102 826 4185 perfectissime
853 4123 929 4167 vero
952 4122 1022 4165 rem
1050 4103 1239 4184 persecutus
1263 4120 1335 4163 sum

189 4208 225 4273 in
247 4207 331 4273 libro
360 4209 514 4292 secundo,
542 4231 615 4273 cum
639 4209 785 4274 omnium
809 4209 1022 4290 sumtionum,
1046 4227 1127 4291 quas
1160 4206 1201 4271 ad
1228 4206 1334 4271 decre·

188 4318 273 4398 tum,
311 4315 350 4380 de
386 4337 448 4400 qno
485 4315 683 4400 quaerimus,
718 4314 908 4399 philosophi
945 4312 1144 4380 nobilissimi
1182 4313 1335 4379 adhibue-

189 4423 283 4506 runt,
306 4421 494 4486 discrimina
516 4421 659 4506 exposui.
704 4420 932 4487 Necessarium
960 4424 1070 4486 tamen
1096 4420 1180 4486 mihi
1206 4419 1335 4486 videtur
