3300 5146
620 435 861 510 --991-ἡ

164 598 322 670 τοιούτου
358 597 438 688 μήτε
470 595 661 688 ὀργίζεσθαι
693 601 846 689 φάσκωσι
881 603 962 692 μήτε
994 604 1192 692 θυμοῦσθαι
1225 595 1310 691 μήθ’

165 703 250 786 ὅλως
268 703 480 793 ἀγανακτεῖν·
499 705 579 796 ὅπερ
600 704 680 776 οὐδὲ
698 706 813 793 αὐτόν,
837 707 940 797 οἶμαι,
963 708 1126 778 λανθάνει
1147 708 1208 778 τὸν
1227 707 1314 796 Χρύ-

164 831 295 880 σιιτττον.
332 810 640 902 ἀναφθεγγόμενος
662 819 748 902 γοῦν
769 815 944 884 κάνταῦθα
968 815 1072 910 taraci
1092 816 1173 905 μετὰ
1197 814 1313 903 ὀλίγον

164 915 318 1000 ἀδίκως
344 917 478 1008 γράφει·
509 918 584 1009 (ἀφ’
609 914 649 1009 ἧς
670 947 705 990 τε
728 926 836 1011 φορᾶς
862 922 1003 1009 λέγομεν
1029 922 1074 1011 μὴ
1098 929 1313 1011 καταβαίνειν

165 1022 216 1092 ετὰ
244 1024 407 1113 λεγόμενα
437 1035 498 1094 εἴτε
525 1023 661 1108 ἀπειλὰς
688 1037 753 1096 εἴτε
784 1032 970 1116 λοιδορίας,
997 1027 1081 1097 ὥστε
1110 1033 1339 1099 saeculoram

164 1132 230 1199 ‘aut
254 1130 415 1200 ἅπτεσθαι
439 1130 551 1202 αὐτῶν
573 1135 628 1203 καὶ
653 1133 759 1215 οὕτως
780 1144 947 1204 κινεῖσθαι
970 1134 1033 1223 τὴν
1057 1136 1224 1224 διάνοιαν,
1247 1135 1311 1206 ἀπὸ

164 1239 233 1324 ’τῆς
259 1242 367 1326 φορᾶς
394 1239 515 1327 ταύτης
541 1241 597 1309 καὶ
620 1247 760 1328 βαθείας
792 1241 887 1322 τινάς
921 1268 1033 1330 φαμεν
1063 1242 1149 1312 εἶναι
1183 1243 1239 1312 διὰ
1273 1243 1311 1313 τὸ

164 1344 282 1432 ‘ppdtv
319 1349 388 1414 cciv
423 1347 588 1416 τοιούτων
623 1352 806 1436 καταβῆναι
842 1350 898 1418 καὶ
936 1351 1146 1436 ἐφικνεῖσθαι
1178 1348 1311 1419 αὐτῶν)

164 1448 215 1518 ὅτι
242 1450 304 1539 μὲν
332 1444 395 1521 οὖν
425 1455 477 1522 ἐπὶ
504 1458 573 1523 τῶν
600 1450 828 1524 ἀπειλούντων
854 1452 876 1544 ἢ
903 1456 1153 1545 λοιδορούντων
1183 1457 1312 1545 λέγεται

163 1557 200 1625 τὸ
223 1559 268 1646 μὴ
291 1564 506 1646 καταβαίνειν
535 1566 581 1641 είς
608 1561 645 1630 τὸ
674 1566 800 1648 στῆθος
821 1559 861 1629 τά
886 1565 1058 1652 εἰρημένα,
1085 1565 1140 1632 καὶ
1168 1560 1270 1644 αὐτὸς
1292 1559 1352 1632 διο

164 1664 360 1752 Χρύσιππος
385 1682 554 1757 μαρτυρεῖ.
609 1670 810 1757 κροσίρρινε
838 1667 875 1736 δὲ
901 1673 946 1762 τῷ
975 1669 1063 1762 λόγῳ
1090 1668 1128 1738 τὸ
1156 1672 1214 1756 τῆς
1241 1673 1312 1736 δια-

69 1773 72 1780 '
164 1775 259 1852 νοίας
282 1771 405 1862 ὄνομα,
433 1775 513 1842 δέον
535 1779 640 1843 εἰπεῖν
666 1779 794 1862 θυμοῦ·
822 1774 859 1843 τὸ
888 1776 950 1863 μὲν
976 1775 1041 1863 γὰρ
1063 1780 1259 1862 λογίζεσθαί
1277 1801 1311 1844 τε

163 1877 218 1944 καὶ
242 1893 335 1947 νοεῖν
357 1878 397 1948 τὰ
426 1880 588 1968 λεγόμενα
615 1882 671 1949 καὶ
699 1880 737 1950 τὸ
761 1881 953 1970 μαχόμενον
979 1877 999 1970 ἢ
1027 1879 1222 1951 ἀκόλουθον
1245 1883 1312 1950 ἐτί-

163 1993 306 2052 στασθαι
325 1989 383 2074 τῆς
404 1991 593 2076 λογιστικῆς
612 1987 785 2076 δυνάμεως
807 1993 919 2076 ἔργον·
942 1988 980 2058 τὸ
1000 1989 1038 2058 ul
1057 1989 1107 2058 ἐπὶ
1127 1993 1312 2076 λοιδορίαις
1326 2013 1351 2054 ιι

161 2085 184 2176 ἢ
211 2087 361 2172 ἀπειλαῖς
387 2094 468 2182 μήτε
496 2091 697 2184 ὀργισθῆναι
721 2094 801 2182 μήτε
825 2094 830 2183 Ι
854 2099 1061 2183 θνμωθῆναι
1087 2099 1147 2183 τῆς
1173 2104 1376 2183 depost-825

164 2255 235 2262 -—
245 2257 313 2264 ---

200 2355 587 2430 1φοὶσκονοιΜΔΒΟλι.-
612 2368 628 2416 θ
652 2355 725 2418 ὅλων
747 2361 784 2417 Μ.
812 2392 843 2402 -
867 2357 1025 2417 λανθάνειν
1048 2363 1086 2418 Μ.
1111 2393 1143 2404 -
1172 2369 1189 2417 4
1212 2358 1310 2433 γράφη

164 2431 196 2484 Δ.
216 2463 250 2472 -
274 2429 340 2487 ’ίτδ
360 2429 408 2486 διὰ
428 2432 559 2488 AsschK
581 2428 630 2487 διὰ
654 2429 686 2488 τὸ
706 2433 735 2488 Μ
754 2432 835 2488 Corn.
857 2465 889 2475 -·
913 2429 1132 2506 Βέφικνεῖοθαι
1150 2435 1310 2506 καταβ”ναι

163 2497 260 2557 αὐτῶν
287 2503 316 2557 Μ
344 2498 511 2572 ἐφικεῖσθαι
539 2503 600 2574 (sic)
628 2503 680 2557 AB
707 2499 862 2574 ἐφικέσθαι
887 2504 960 2560 ΟλιΚ
986 2505 1147 2578 καταβῆναι
1169 2505 1218 2560 καλ
1243 2453 1308 2574 ἀφι-

163 2578 296 2628 κνεῖσθαι
315 2591 373 2630 nos.
394 2607 426 2615 -
446 2582 480 2630 10
499 2569 514 2630 δ
535 2577 601 2630 anes
619 2571 784 2646 Χρύσιππος
801 2592 856 2632 om.
875 2577 912 2633 Μ.
933 2608 965 2616 -

163 2845 215 2910 rel
243 2845 341 2910 minis
369 2845 421 2911 rel
448 2845 509 2910 tali
537 2845 691 2930 quapiam
719 2844 839 2910 iniuria
865 2847 1036 2912 lacessitae
1065 2847 1252 2933 significant
1274 2867 1308 2912 se

161 2973 265 3036 neque
282 2951 381 3018 irasci
398 2975 501 3038 neque
520 2953 749 3018 excandescere
768 2973 871 3038 neque
889 2975 986 3039 aegre
1007 2953 1093 3018 ferre
1112 2956 1253 3039 omnine,
1276 2955 1308 3018 id

163 3061 247 3144 quod
270 3081 311 3124 ne
333 3061 441 3144 ipsum
464 3060 608 3145 quidem,
632 3059 757 3142 opinor,
780 3056 1003 3144 Chrysippum
1025 3059 1121 3146 fugit.
1165 3059 1253 3125 Nam
1276 3063 1309 3122 et

163 3165 216 3231 hic
247 3187 356 3231 secum
386 3187 535 3252 pugnans
573 3165 671 3251 paulo
703 3171 780 3249 post
811 3167 846 3230 in
877 3166 963 3232 hunc
995 3167 1127 3232 modum
1164 3167 1308 3250 scripsit:

164 3271 228 3338 ‘Ilt
250 3296 293 3338 ex
315 3295 389 3358 qua
411 3273 668 3358 propensione
696 3272 860 3338 dicimus
888 3296 963 3339 non
990 3273 1227 3338 descendere
1251 3294 1308 3356 ea,

163 3401 261 3464 quae
297 3380 493 3464 dicuntur,
530 3380 612 3444 sive
645 3380 769 3444 minas
806 3381 887 3444 sive
921 3380 1111 3463 convicia,
1143 3379 1235 3444 adeo
1268 3383 1308 3443 ut

162 3487 308 3552 feriant
326 3490 392 3552 aut
410 3487 611 3572 attingant
629 3507 691 3550 eas
711 3489 827 3569 atque
845 3486 905 3550 ita
918 3487 1169 3571 perturbetur
1188 3507 1307 3570 mens,

163 3615 205 3657 ex
230 3594 361 3658 eadem
385 3594 503 3658 etiam
532 3593 632 3658 altas
660 3592 849 3678 quasdam
873 3592 1037 3656 dicimus
1066 3613 1164 3677 esse,
1191 3613 1307 3676 prop-

163 3704 272 3764 terea
303 3701 402 3785 quod
430 3700 531 3765 nihil
564 3681 835 3764 huiuscemodi
869 3719 911 3762 eo
944 3721 1061 3784 usque
1094 3697 1307 3780 descendit,

162 3809 204 3870 ut
230 3807 338 3891 ipsas
367 3805 560 3892 attingat!
605 3805 644 3871 In
667 3805 868 3870 minantibus
897 3805 1000 3890 igitur
1025 3803 1077 3870 rel
1100 3805 1309 3870 convicianti·

162 3913 223 3978 bus
250 3935 316 3979 non
343 3913 533 3979 descendere
564 3913 598 3977 in
625 3916 737 3997 pectus
765 3912 852 3976 diota
884 3911 988 3977 solere
1015 3911 1080 3977 dici
1107 3911 1178 3995 ipse
1205 3911 1305 3976 etiam

163 4017 365 4104 Chrysippus
396 4023 548 4108 testetur3
581 4020 699 4084 mentis
727 4023 838 4083 tamen
868 4041 987 4084 nemen
1016 4018 1158 4084 orationi
1185 4017 1306 4098 iniecit,

162 4148 236 4190 cum
253 4125 439 4192 iracundiae
458 4128 601 4212 deberet3
626 4127 829 4192 considerare
849 4125 935 4190 euim
955 4131 988 4190 et
1005 4123 1204 4209 intellegere,
1223 4144 1305 4208 quac

162 4231 314 4297 dicuntur
336 4237 382 4316 et,
405 4234 482 4319 quid
505 4237 666 4319 repugnet
688 4231 828 4317 quidque
852 4237 1079 4316 consequatur,
1102 4251 1306 4315 cognoscere,

161 4340 328 4404 facultatis
358 4341 585 4405 ratiocinantis
616 4343 679 4424 est,
706 4339 803 4403 minis
832 4341 946 4404 contra
974 4343 1031 4402 aut
1053 4337 1208 4403 conviciis
1235 4356 1307 4418 pro-

161 4451 314 4512 vocatum
336 4468 439 4530 neque
466 4447 565 4512 irasci
589 4467 692 4529 neque
716 4445 945 4510 excandescere
969 4445 1072 4530 pertis
1096 4447 1159 4525 est,
1186 4443 1221 4506 in
1243 4463 1308 4526 qua

1042 4549 1095 4600 ιο*
