<?xml version="1.0" encoding="UTF-8"?>
<!DOCTYPE html PUBLIC "-//W3C//DTD XHTML 1.0 Transitional//EN"
    "http://www.w3.org/TR/xhtml1/DTD/xhtml1-transitional.dtd">
<html xmlns="http://www.w3.org/1999/xhtml" xml:lang="en" lang="en">
 <head>
  <title>
</title>
<meta http-equiv="Content-Type" content="text/html;charset=utf-8" />
  <meta name='ocr-system' content='tesseract 3.04.00' />
  <meta name='ocr-capabilities' content='ocr_page ocr_carea ocr_par ocr_line ocrx_word'/>
</head>
<body>
  <div class='ocr_page' id='page_1' title='image "./claudiigalenide02mlgoog/claudiigalenide02mlgoog_0045.png"; bbox 0 0 3246 5148; ppageno 0'>
   <div class='ocr_carea' id='block_1_1' title="bbox 794 407 1011 470">
    <p class='ocr_par' dir='ltr' id='par_1_1' title="bbox 794 407 1011 470">
     <span class='ocr_line' id='line_1_1' title="bbox 794 407 1011 470; baseline -0.005 -18"><span class='ocrx_word' id='word_1_1' title='bbox 794 407 1011 470; x_wconf 64' lang='lat'><strong>..23-</strong></span> 
     </span>
    </p>
   </div>
   <div class='ocr_carea' id='block_1_2' title="bbox 301 550 1484 4484">
    <p class='ocr_par' dir='ltr' id='par_1_2' title="bbox 301 550 1484 4361">
     <span class='ocr_line' id='line_1_2' title="bbox 330 550 1484 650; baseline -0.004 -16"><span class='ocrx_word' id='word_1_2' title='bbox 330 571 416 634; x_wconf 82' lang='lat' dir='ltr'>facta</span> <span class='ocrx_word' id='word_1_3' title='bbox 439 572 503 650; x_wconf 88' lang='lat' dir='ltr'>est,</span> <span class='ocrx_word' id='word_1_4' title='bbox 526 591 598 633; x_wconf 87' lang='lat' dir='ltr'>curn</span> <span class='ocrx_word' id='word_1_5' title='bbox 622 569 786 632; x_wconf 83' lang='lat' dir='ltr'>corrector</span> <span class='ocrx_word' id='word_1_6' title='bbox 808 565 939 649; x_wconf 85' lang='lat' dir='ltr'>putavit</span> <span class='ocrx_word' id='word_1_7' title='bbox 961 565 1154 630; x_wconf 76' lang='lat' dir='ltr'>vocabulum</span> <span class='ocrx_word' id='word_1_8' title='bbox 1179 550 1312 649; x_wconf 87' lang='lat' dir='ltr'>aliquod</span> <span class='ocrx_word' id='word_1_9' title='bbox 1335 565 1484 630; x_wconf 87' lang='lat' dir='ltr'>decurta-</span> 
     </span>
     <span class='ocr_line' id='line_1_3' title="bbox 329 671 1482 757; baseline -0.003 -17"><span class='ocrx_word' id='word_1_10' title='bbox 329 682 399 740; x_wconf 90' lang='lat' dir='ltr'>tum</span> <span class='ocrx_word' id='word_1_11' title='bbox 424 699 493 740; x_wconf 89' lang='lat' dir='ltr'>esse</span> <span class='ocrx_word' id='word_1_12' title='bbox 520 675 560 738; x_wconf 88' lang='lat' dir='ltr'>ad</span> <span class='ocrx_word' id='word_1_13' title='bbox 588 675 718 757; x_wconf 87' lang='lat' dir='ltr'>eiusque</span> <span class='ocrx_word' id='word_1_14' title='bbox 746 671 969 756; x_wconf 77' lang='lat' dir='ltr'>integritatem</span> <span class='ocrx_word' id='word_1_15' title='bbox 993 672 1043 735; x_wconf 88' lang='lat' dir='ltr'>vel</span> <span class='ocrx_word' id='word_1_16' title='bbox 1067 673 1211 736; x_wconf 89' lang='lat' dir='ltr'>litteram</span> <span class='ocrx_word' id='word_1_17' title='bbox 1236 672 1286 736; x_wconf 88' lang='lat' dir='ltr'>vel</span> <span class='ocrx_word' id='word_1_18' title='bbox 1315 672 1482 756; x_wconf 82' lang='lat' dir='ltr'>syllabam</span> 
     </span>
     <span class='ocr_line' id='line_1_4' title="bbox 330 777 1484 865; baseline -0.003 -19"><span class='ocrx_word' id='word_1_19' title='bbox 330 784 440 846; x_wconf 80' lang='lat' dir='ltr'>deesse</span> <span class='ocrx_word' id='word_1_20' title='bbox 463 783 598 865; x_wconf 89' lang='lat' dir='ltr'>ideoque</span> <span class='ocrx_word' id='word_1_21' title='bbox 627 780 654 844; x_wconf 93' lang='lat' dir='ltr'>ei</span> <span class='ocrx_word' id='word_1_22' title='bbox 684 779 806 862; x_wconf 88' lang='lat' dir='ltr'>aliquid</span> <span class='ocrx_word' id='word_1_23' title='bbox 833 777 971 842; x_wconf 88' lang='lat' dir='ltr'>inseruit</span> <span class='ocrx_word' id='word_1_24' title='bbox 993 779 1045 842; x_wconf 87' lang='lat' dir='ltr'>vel</span> <span class='ocrx_word' id='word_1_25' title='bbox 1071 779 1203 843; x_wconf 77' lang='lat' dir='ltr'>addidit.</span> <span class='ocrx_word' id='word_1_26' title='bbox 1248 778 1355 843; x_wconf 90' lang='lat' dir='ltr'>Huius</span> <span class='ocrx_word' id='word_1_27' title='bbox 1383 779 1484 843; x_wconf 87' lang='lat' dir='ltr'>iuter-</span> 
     </span>
     <span class='ocr_line' id='line_1_5' title="bbox 330 884 1482 974; baseline -0.003 -21"><span class='ocrx_word' id='word_1_28' title='bbox 330 889 506 974; x_wconf 88' lang='lat' dir='ltr'>polationis</span> <span class='ocrx_word' id='word_1_29' title='bbox 538 887 678 970; x_wconf 80' lang='lat' dir='ltr'>vestigia</span> <span class='ocrx_word' id='word_1_30' title='bbox 710 884 814 948; x_wconf 90' lang='lat' dir='ltr'>multa</span> <span class='ocrx_word' id='word_1_31' title='bbox 845 906 884 948; x_wconf 86' lang='lat' dir='ltr'>ex</span> <span class='ocrx_word' id='word_1_32' title='bbox 918 884 1037 949; x_wconf 78' lang='lat' dir='ltr'>Aldina</span> <span class='ocrx_word' id='word_1_33' title='bbox 1069 885 1181 970; x_wconf 82' lang='lat' dir='ltr'>colligi</span> <span class='ocrx_word' id='word_1_34' title='bbox 1212 889 1365 969; x_wconf 75' lang='lat' dir='ltr'>possunt,</span> <span class='ocrx_word' id='word_1_35' title='bbox 1397 908 1482 969; x_wconf 88' lang='lat' dir='ltr'>quae</span> 
     </span>
     <span class='ocr_line' id='line_1_6' title="bbox 301 991 1482 1080; baseline -0.003 -21"><span class='ocrx_word' id='word_1_36' title='bbox 301 1021 306 1030; x_wconf 93' lang='lat'>·</span> <span class='ocrx_word' id='word_1_37' title='bbox 329 996 453 1080; x_wconf 75' lang='lat' dir='ltr'>posteri</span> <span class='ocrx_word' id='word_1_38' title='bbox 477 996 616 1058; x_wconf 80' lang='lat' dir='ltr'>editores</span> <span class='ocrx_word' id='word_1_39' title='bbox 640 1013 861 1075; x_wconf 81' lang='lat' dir='ltr'>nonprorsus</span> <span class='ocrx_word' id='word_1_40' title='bbox 886 991 1116 1056; x_wconf 84' lang='lat' dir='ltr'>exstinxerunt.</span> <span class='ocrx_word' id='word_1_41' title='bbox 1152 991 1186 1056; x_wconf 91' lang='lat' dir='ltr'>P.</span> <span class='ocrx_word' id='word_1_42' title='bbox 1210 991 1274 1055; x_wconf 83' lang='lat'>319</span> <span class='ocrx_word' id='word_1_43' title='bbox 1299 997 1374 1056; x_wconf 88' lang='lat' dir='ltr'>ante</span> <span class='ocrx_word' id='word_1_44' title='bbox 1397 993 1482 1056; x_wconf 90' lang='lat' dir='ltr'>med.</span> 
     </span>
     <span class='ocr_line' id='line_1_7' title="bbox 330 1090 1484 1187; baseline -0.003 -22"><span class='ocrx_word' id='word_1_45' title='bbox 330 1101 498 1165; x_wconf 88' lang='lat' dir='ltr'>ediderunt</span> <span class='ocrx_word' id='word_1_46' title='bbox 529 1097 718 1163; x_wconf 82' lang='lat' dir='ltr'>Charterius</span> <span class='ocrx_word' id='word_1_47' title='bbox 751 1101 784 1160; x_wconf 86' lang='lat' dir='ltr'>et</span> <span class='ocrx_word' id='word_1_48' title='bbox 815 1096 954 1161; x_wconf 86' lang='lat' dir='ltr'>Kucbn.:</span> <span class='ocrx_word' id='word_1_49' title='bbox 992 1090 1066 1161; x_wconf 83' lang='grc' dir='ltr'><strong><em>οὐδ’</em></strong></span> <span class='ocrx_word' id='word_1_50' title='bbox 1097 1090 1140 1161; x_wconf 84' lang='grc' dir='ltr'><strong><em>ἂν</em></strong></span> <span class='ocrx_word' id='word_1_51' title='bbox 1165 1091 1240 1187; x_wconf 85' lang='grc' dir='ltr'>Ιὑπὸ</span> <span class='ocrx_word' id='word_1_52' title='bbox 1274 1102 1484 1180; x_wconf 77' lang='grc' dir='ltr'><strong><em>φιλονεικίας</em></strong></span> 
     </span>
     <span class='ocr_line' id='line_1_8' title="bbox 329 1198 1480 1290; baseline -0.002 -19"><span class='ocrx_word' id='word_1_53' title='bbox 329 1202 533 1290; x_wconf 80' lang='grc' dir='ltr'><strong><em>ἀναίσχυντα</em></strong></span> <span class='ocrx_word' id='word_1_54' title='bbox 557 1207 772 1287; x_wconf 80' lang='grc' dir='ltr'><strong><em>σοφίζωνται,</em></strong></span> <span class='ocrx_word' id='word_1_55' title='bbox 800 1200 951 1286; x_wconf 83' lang='grc' dir='ltr'><strong><em>καθάπερ</em></strong></span> <span class='ocrx_word' id='word_1_56' title='bbox 981 1201 1109 1288; x_wconf 78' lang='grc' dir='ltr'><strong><em>οἱπερὶ</em></strong></span> <span class='ocrx_word' id='word_1_57' title='bbox 1132 1198 1192 1267; x_wconf 86' lang='grc' dir='ltr'><strong><em>τὸν</em></strong></span> <span class='ocrx_word' id='word_1_58' title='bbox 1216 1201 1430 1287; x_wconf 82' lang='grc' dir='ltr'><strong><em>Χρύσιππον,</em></strong></span> <span class='ocrx_word' id='word_1_59' title='bbox 1462 1198 1480 1289; x_wconf 81' lang='grc' dir='ltr'><em>ἢ</em></span> 
     </span>
     <span class='ocr_line' id='line_1_9' title="bbox 328 1304 1482 1400; baseline -0.005 -20"><span class='ocrx_word' id='word_1_60' title='bbox 328 1311 390 1400; x_wconf 82' lang='grc' dir='ltr'><strong><em>τὴν</em></strong></span> <span class='ocrx_word' id='word_1_61' title='bbox 409 1309 511 1391; x_wconf 83' lang='grc' dir='ltr'><strong><em>δόξαν</em></strong></span> <span class='ocrx_word' id='word_1_62' title='bbox 535 1307 859 1394; x_wconf 83' lang='grc' dir='ltr'><strong><em>ύπερβάλλεσθαί</em></strong></span> <span class='ocrx_word' id='word_1_63' title='bbox 878 1332 956 1374; x_wconf 86' lang='grc' dir='ltr'><strong><em>ποτε</em></strong></span> <span class='ocrx_word' id='word_1_64' title='bbox 976 1306 1179 1392; x_wconf 75' lang='grc' dir='ltr'><strong><em>δυνήσονται</em></strong></span> <span class='ocrx_word' id='word_1_65' title='bbox 1200 1304 1290 1396; x_wconf 82' lang='grc' dir='ltr'><strong><em>(τὴν)</em></strong></span> <span class='ocrx_word' id='word_1_66' title='bbox 1308 1311 1370 1374; x_wconf 84' lang='grc' dir='ltr'>τού</span> <span class='ocrx_word' id='word_1_67' title='bbox 1389 1307 1482 1374; x_wconf 87' lang='grc' dir='ltr'><strong><em>Πλά-</em></strong></span> 
     </span>
     <span class='ocr_line' id='line_1_10' title="bbox 329 1411 1482 1503; baseline -0.004 -17"><span class='ocrx_word' id='word_1_68' title='bbox 329 1445 434 1496; x_wconf 87' lang='grc' dir='ltr'><strong><em>τωνος</em></strong></span> <span class='ocrx_word' id='word_1_69' title='bbox 454 1413 472 1503; x_wconf 79' lang='grc' dir='ltr'><em>ἢ</em></span> <span class='ocrx_word' id='word_1_70' title='bbox 492 1415 552 1484; x_wconf 85' lang='grc' dir='ltr'><strong><em>τὸν</em></strong></span> <span class='ocrx_word' id='word_1_71' title='bbox 570 1420 637 1482; x_wconf 78' lang='grc' dir='ltr'><strong><em>τῶν</em></strong></span> <span class='ocrx_word' id='word_1_72' title='bbox 656 1411 858 1492; x_wconf 79' lang='grc' dir='ltr'><strong><em>ἀποδείξεων</em></strong></span> <span class='ocrx_word' id='word_1_73' title='bbox 876 1412 1085 1500; x_wconf 82' lang='grc' dir='ltr'><strong><em>μιμήσασθαι</em></strong></span> <span class='ocrx_word' id='word_1_74' title='bbox 1104 1412 1240 1500; x_wconf 85' lang='grc' dir='ltr'><strong><em>κόσμον.</em></strong></span> <span class='ocrx_word' id='word_1_75' title='bbox 1263 1416 1345 1482; x_wconf 87' lang='lat' dir='ltr'>Edd.</span> <span class='ocrx_word' id='word_1_76' title='bbox 1360 1417 1432 1482; x_wconf 85' lang='lat' dir='ltr'>Ald.</span> <span class='ocrx_word' id='word_1_77' title='bbox 1448 1423 1482 1481; x_wconf 88' lang='lat' dir='ltr'>et</span> 
     </span>
     <span class='ocr_line' id='line_1_11' title="bbox 329 1517 1481 1606; baseline -0.005 -14"><span class='ocrx_word' id='word_1_78' title='bbox 329 1528 404 1592; x_wconf 76' lang='lat' dir='ltr'>Bas,</span> <span class='ocrx_word' id='word_1_79' title='bbox 419 1527 583 1592; x_wconf 82' lang='lat' dir='ltr'>mendose:</span> <span class='ocrx_word' id='word_1_80' title='bbox 608 1519 890 1605; x_wconf 74' lang='grc' dir='ltr'><strong><em>ὑπερβάλλεσθαι,</em></strong></span> <span class='ocrx_word' id='word_1_81' title='bbox 909 1523 993 1606; x_wconf 92' lang='lat' dir='ltr'>quod</span> <span class='ocrx_word' id='word_1_82' title='bbox 1007 1523 1056 1596; x_wconf 81' lang='lat' dir='ltr'>illi</span> <span class='ocrx_word' id='word_1_83' title='bbox 1072 1545 1137 1586; x_wconf 88' lang='lat' dir='ltr'>non</span> <span class='ocrx_word' id='word_1_84' title='bbox 1151 1524 1186 1587; x_wconf 92' lang='lat' dir='ltr'>in</span> <span class='ocrx_word' id='word_1_85' title='bbox 1200 1517 1481 1606; x_wconf 77' lang='grc' dir='ltr'><strong><em>ὑπερβάλλεσθαι,</em></strong></span> 
     </span>
     <span class='ocr_line' id='line_1_12' title="bbox 330 1627 1479 1714; baseline -0.004 -16"><span class='ocrx_word' id='word_1_86' title='bbox 330 1635 385 1698; x_wconf 86' lang='lat' dir='ltr'>scd</span> <span class='ocrx_word' id='word_1_87' title='bbox 409 1634 443 1698; x_wconf 92' lang='lat' dir='ltr'>in</span> <span class='ocrx_word' id='word_1_88' title='bbox 466 1627 758 1714; x_wconf 81' lang='grc' dir='ltr'><strong><em>ὑπερβαλέσθαι</em></strong></span> <span class='ocrx_word' id='word_1_89' title='bbox 782 1635 909 1692; x_wconf 90' lang='lat' dir='ltr'>mutare</span> <span class='ocrx_word' id='word_1_90' title='bbox 934 1630 1121 1694; x_wconf 88' lang='lat' dir='ltr'>debuerunt.</span> <span class='ocrx_word' id='word_1_91' title='bbox 1166 1629 1285 1694; x_wconf 87' lang='lat' dir='ltr'>lulinit.</span> <span class='ocrx_word' id='word_1_92' title='bbox 1309 1629 1387 1696; x_wconf 84' lang='lat' dir='ltr'>Aor.</span> <span class='ocrx_word' id='word_1_93' title='bbox 1410 1635 1479 1695; x_wconf 90' lang='lat' dir='ltr'>tue·</span> 
     </span>
     <span class='ocr_line' id='line_1_13' title="bbox 330 1736 1481 1820; baseline -0.003 -16"><span class='ocrx_word' id='word_1_94' title='bbox 330 1745 382 1804; x_wconf 90' lang='lat' dir='ltr'>tur</span> <span class='ocrx_word' id='word_1_95' title='bbox 406 1740 505 1804; x_wconf 89' lang='lat' dir='ltr'>etiam</span> <span class='ocrx_word' id='word_1_96' title='bbox 528 1738 572 1802; x_wconf 88' lang='lat' dir='ltr'>M.</span> <span class='ocrx_word' id='word_1_97' title='bbox 617 1737 651 1800; x_wconf 91' lang='lat' dir='ltr'>P.</span> <span class='ocrx_word' id='word_1_98' title='bbox 675 1737 740 1800; x_wconf 74' lang='grc'>362</span> <span class='ocrx_word' id='word_1_99' title='bbox 770 1739 844 1799; x_wconf 86' lang='lat' dir='ltr'>ante</span> <span class='ocrx_word' id='word_1_100' title='bbox 872 1737 925 1800; x_wconf 89' lang='lat' dir='ltr'>fin.</span> <span class='ocrx_word' id='word_1_101' title='bbox 953 1736 1092 1800; x_wconf 84' lang='lat' dir='ltr'>editores</span> <span class='ocrx_word' id='word_1_102' title='bbox 1120 1759 1185 1800; x_wconf 91' lang='lat' dir='ltr'>non</span> <span class='ocrx_word' id='word_1_103' title='bbox 1213 1737 1365 1802; x_wconf 86' lang='lat' dir='ltr'>audiendi</span> <span class='ocrx_word' id='word_1_104' title='bbox 1396 1741 1481 1820; x_wconf 77' lang='lat' dir='ltr'>sunt,</span> 
     </span>
     <span class='ocr_line' id='line_1_14' title="bbox 328 1838 1481 1930; baseline -0.001 -21"><span class='ocrx_word' id='word_1_105' title='bbox 328 1847 383 1930; x_wconf 84' lang='lat' dir='ltr'>qui</span> <span class='ocrx_word' id='word_1_106' title='bbox 406 1840 446 1908; x_wconf 86' lang='grc' dir='ltr'>τά</span> <span class='ocrx_word' id='word_1_107' title='bbox 470 1838 532 1908; x_wconf 86' lang='grc' dir='ltr'><strong><em>ὑπὸ</em></strong></span> <span class='ocrx_word' id='word_1_108' title='bbox 557 1844 625 1907; x_wconf 82' lang='grc' dir='ltr'><strong><em>τῶν</em></strong></span> <span class='ocrx_word' id='word_1_109' title='bbox 649 1841 966 1925; x_wconf 79' lang='grc' dir='ltr'><strong><em>ε’πιστημονικών</em></strong></span> <span class='ocrx_word' id='word_1_110' title='bbox 993 1838 1167 1925; x_wconf 88' lang='grc' dir='ltr'><strong><em>τικτόμενα</em></strong></span> <span class='ocrx_word' id='word_1_111' title='bbox 1196 1842 1397 1927; x_wconf 86' lang='lat' dir='ltr'>scripserunt</span> <span class='ocrx_word' id='word_1_112' title='bbox 1420 1867 1481 1928; x_wconf 88' lang='lat' dir='ltr'>pro</span> 
     </span>
     <span class='ocr_line' id='line_1_15' title="bbox 328 1945 1480 2033; baseline -0.001 -17"><span class='ocrx_word' id='word_1_113' title='bbox 328 1949 368 2016; x_wconf 81' lang='grc' dir='ltr'>τά</span> <span class='ocrx_word' id='word_1_114' title='bbox 392 1945 457 2014; x_wconf 85' lang='grc' dir='ltr'><strong><em>ὑπὸ</em></strong></span> <span class='ocrx_word' id='word_1_115' title='bbox 482 1951 549 2014; x_wconf 76' lang='grc' dir='ltr'><strong><em>τῶν</em></strong></span> <span class='ocrx_word' id='word_1_116' title='bbox 573 1947 850 2031; x_wconf 83' lang='grc' dir='ltr'><strong><em>έπιστημονῶν</em></strong></span> <span class='ocrx_word' id='word_1_117' title='bbox 871 1971 909 2028; x_wconf 72' lang='grc' dir='ltr'>τ,</span> <span class='ocrx_word' id='word_1_118' title='bbox 933 1948 1018 2031; x_wconf 88' lang='lat' dir='ltr'>quod</span> <span class='ocrx_word' id='word_1_119' title='bbox 1041 1948 1084 2012; x_wconf 89' lang='lat' dir='ltr'>M.</span> <span class='ocrx_word' id='word_1_120' title='bbox 1108 1950 1251 2033; x_wconf 83' lang='lat' dir='ltr'>praebet</span> <span class='ocrx_word' id='word_1_121' title='bbox 1296 1950 1332 2014; x_wconf 89' lang='lat' dir='ltr'>P.</span> <span class='ocrx_word' id='word_1_122' title='bbox 1351 1952 1417 2015; x_wconf 76' lang='lat'>482</span> <span class='ocrx_word' id='word_1_123' title='bbox 1436 1951 1480 2015; x_wconf 90' lang='lat' dir='ltr'>in.</span> 
     </span>
     <span class='ocr_line' id='line_1_16' title="bbox 330 2047 1481 2141; baseline -0.001 -18"><span class='ocrx_word' id='word_1_124' title='bbox 330 2053 558 2131; x_wconf 73' lang='grc' dir='ltr'><strong><em>Ποσειδώνιος</em></strong></span> <span class='ocrx_word' id='word_1_125' title='bbox 585 2093 627 2101; x_wconf 87' lang='grc'>-</span> <span class='ocrx_word' id='word_1_126' title='bbox 655 2057 784 2140; x_wconf 82' lang='grc' dir='ltr'><strong><em>μᾶλλον</em></strong></span> <span class='ocrx_word' id='word_1_127' title='bbox 813 2047 1044 2136; x_wconf 75' lang='grc' dir='ltr'><strong><em>ἠκολούθησεν</em></strong></span> <span class='ocrx_word' id='word_1_128' title='bbox 1069 2048 1282 2141; x_wconf 86' lang='grc' dir='ltr'><strong><em>Ἀριστοτέλει</em></strong></span> <span class='ocrx_word' id='word_1_129' title='bbox 1309 2054 1365 2121; x_wconf 82' lang='grc' dir='ltr'><strong><em>καὶ</em></strong></span> <span class='ocrx_word' id='word_1_130' title='bbox 1390 2055 1481 2123; x_wconf 87' lang='grc' dir='ltr'><strong><em>Πλά-</em></strong></span> 
     </span>
     <span class='ocr_line' id='line_1_17' title="bbox 329 2155 1481 2248; baseline 0 -20"><span class='ocrx_word' id='word_1_131' title='bbox 329 2188 419 2229; x_wconf 89' lang='grc' dir='ltr'><strong><em>τωνι.</em></strong></span> <span class='ocrx_word' id='word_1_132' title='bbox 455 2161 648 2246; x_wconf 79' lang='grc' dir='ltr'><strong><em>προσέθηκα</em></strong></span> <span class='ocrx_word' id='word_1_133' title='bbox 672 2157 708 2225; x_wconf 73' lang='grc' dir='ltr'>δὲ</span> <span class='ocrx_word' id='word_1_134' title='bbox 731 2161 775 2248; x_wconf 76' lang='grc' dir='ltr'>τῷ</span> <span class='ocrx_word' id='word_1_135' title='bbox 801 2157 887 2247; x_wconf 78' lang='grc' dir='ltr'><strong><em>λόγῳ</em></strong></span> <span class='ocrx_word' id='word_1_136' title='bbox 911 2155 947 2225; x_wconf 91' lang='grc' dir='ltr'>τὸ</span> <span class='ocrx_word' id='word_1_137' title='bbox 971 2161 1114 2244; x_wconf 83' lang='grc' dir='ltr'><strong><em>μᾶλλον,</em></strong></span> <span class='ocrx_word' id='word_1_138' title='bbox 1139 2158 1250 2246; x_wconf 80' lang='grc' dir='ltr'><strong><em>ἐπειδὴ</em></strong></span> <span class='ocrx_word' id='word_1_139' title='bbox 1275 2158 1356 2226; x_wconf 86' lang='grc' dir='ltr'><strong><em>κατὰ</em></strong></span> <span class='ocrx_word' id='word_1_140' title='bbox 1380 2161 1481 2247; x_wconf 80' lang='grc' dir='ltr'><strong><em>μέρος</em></strong></span> 
     </span>
     <span class='ocr_line' id='line_1_18' title="bbox 330 2262 1481 2354; baseline 0 -19"><span class='ocrx_word' id='word_1_141' title='bbox 330 2266 544 2354; x_wconf 80' lang='grc' dir='ltr'><strong><em>εὑρίσκονταί</em></strong></span> <span class='ocrx_word' id='word_1_142' title='bbox 564 2293 638 2333; x_wconf 87' lang='grc' dir='ltr'><strong><em>τινα</em></strong></span> <span class='ocrx_word' id='word_1_143' title='bbox 663 2267 912 2350; x_wconf 84' lang='grc' dir='ltr'><strong><em>διαφωνοῦντες</em></strong></span> <span class='ocrx_word' id='word_1_144' title='bbox 933 2268 968 2330; x_wconf 87' lang='grc' dir='ltr'><strong><em>οί</em></strong></span> <span class='ocrx_word' id='word_1_145' title='bbox 983 2278 1070 2350; x_wconf 80' lang='grc' dir='ltr'><strong><em>τρεῖς</em></strong></span> <span class='ocrx_word' id='word_1_146' title='bbox 1089 2262 1208 2350; x_wconf 75' lang='grc' dir='ltr'><strong><em>ἄνδρες</em></strong></span> <span class='ocrx_word' id='word_1_147' title='bbox 1231 2263 1313 2352; x_wconf 73' lang='grc' dir='ltr'><strong><em>ὑπὲρ</em></strong></span> <span class='ocrx_word' id='word_1_148' title='bbox 1337 2270 1396 2353; x_wconf 78' lang='grc' dir='ltr'>τῆς</span> <span class='ocrx_word' id='word_1_149' title='bbox 1413 2272 1481 2335; x_wconf 75' lang='grc' dir='ltr'><strong><em>τῶν</em></strong></span> 
     </span>
     <span class='ocr_line' id='line_1_19' title="bbox 329 2369 1481 2463; baseline -0.001 -21"><span class='ocrx_word' id='word_1_150' title='bbox 329 2372 457 2463; x_wconf 80' lang='grc' dir='ltr'><strong><em>άρετῶν</em></strong></span> <span class='ocrx_word' id='word_1_151' title='bbox 480 2377 659 2459; x_wconf 79' lang='grc' dir='ltr'><strong><em>διαφοράς,</em></strong></span> <span class='ocrx_word' id='word_1_152' title='bbox 682 2369 764 2439; x_wconf 84' lang='grc' dir='ltr'><strong><em>κατὰ</em></strong></span> <span class='ocrx_word' id='word_1_153' title='bbox 784 2370 819 2438; x_wconf 78' lang='grc' dir='ltr'>δέ</span> <span class='ocrx_word' id='word_1_154' title='bbox 840 2369 876 2437; x_wconf 83' lang='grc' dir='ltr'>τὸ</span> <span class='ocrx_word' id='word_1_155' title='bbox 902 2372 1158 2458; x_wconf 76' lang='grc' dir='ltr'><strong><em>συμπέρασμα</em></strong></span> <span class='ocrx_word' id='word_1_156' title='bbox 1178 2369 1403 2458; x_wconf 80' lang='grc' dir='ltr'><strong><em>ὁμολογοῦσιν</em></strong></span> <span class='ocrx_word' id='word_1_157' title='bbox 1426 2371 1481 2441; x_wconf 88' lang='grc' dir='ltr'><strong><em>άλ-</em></strong></span> 
     </span>
     <span class='ocr_line' id='line_1_20' title="bbox 330 2475 1480 2568; baseline -0.002 -19"><span class='ocrx_word' id='word_1_158' title='bbox 330 2481 451 2568; x_wconf 85' lang='grc' dir='ltr'><strong><em>λήλοις.</em></strong></span> <span class='ocrx_word' id='word_1_159' title='bbox 483 2483 565 2548; x_wconf 87' lang='lat' dir='ltr'>Voci</span> <span class='ocrx_word' id='word_1_160' title='bbox 586 2482 767 2547; x_wconf 88' lang='lat' dir='ltr'>contrariae</span> <span class='ocrx_word' id='word_1_161' title='bbox 786 2475 867 2544; x_wconf 87' lang='grc' dir='ltr'><strong><em>κατά</em></strong></span> <span class='ocrx_word' id='word_1_162' title='bbox 891 2477 989 2565; x_wconf 80' lang='grc' dir='ltr'><strong><em>μέρος</em></strong></span> <span class='ocrx_word' id='word_1_163' title='bbox 1012 2481 1117 2564; x_wconf 85' lang='lat' dir='ltr'>magis</span> <span class='ocrx_word' id='word_1_164' title='bbox 1141 2482 1314 2564; x_wconf 89' lang='lat' dir='ltr'>respondet</span> <span class='ocrx_word' id='word_1_165' title='bbox 1336 2477 1419 2546; x_wconf 82' lang='grc' dir='ltr'><strong><em>κατὰ</em></strong></span> <span class='ocrx_word' id='word_1_166' title='bbox 1442 2477 1480 2547; x_wconf 86' lang='grc' dir='ltr'>τὸ</span> 
     </span>
     <span class='ocr_line' id='line_1_21' title="bbox 332 2585 1480 2675; baseline -0.003 -20"><span class='ocrx_word' id='word_1_167' title='bbox 332 2587 489 2675; x_wconf 83' lang='grc' dir='ltr'><strong><em>σύμπαν</em></strong></span> <span class='ocrx_word' id='word_1_168' title='bbox 512 2613 610 2674; x_wconf 89' lang='lat' dir='ltr'>quam</span> <span class='ocrx_word' id='word_1_169' title='bbox 637 2613 666 2654; x_wconf 87' lang='grc' dir='ltr'>κ.</span> <span class='ocrx_word' id='word_1_170' title='bbox 688 2612 715 2654; x_wconf 89' lang='grc' dir='ltr'>τ.</span> <span class='ocrx_word' id='word_1_171' title='bbox 737 2585 969 2671; x_wconf 76' lang='grc' dir='ltr'><strong><em>συμπέρασμαε</em></strong></span> <span class='ocrx_word' id='word_1_172' title='bbox 997 2585 1076 2650; x_wconf 92' lang='lat' dir='ltr'>illud</span> <span class='ocrx_word' id='word_1_173' title='bbox 1103 2586 1138 2649; x_wconf 93' lang='lat' dir='ltr'>in</span> <span class='ocrx_word' id='word_1_174' title='bbox 1161 2585 1195 2650; x_wconf 89' lang='lat' dir='ltr'>M</span> <span class='ocrx_word' id='word_1_175' title='bbox 1224 2586 1361 2671; x_wconf 88' lang='lat' dir='ltr'>aliisque</span> <span class='ocrx_word' id='word_1_176' title='bbox 1389 2589 1480 2653; x_wconf 91' lang='lat' dir='ltr'>codd.</span> 
     </span>
     <span class='ocr_line' id='line_1_22' title="bbox 330 2685 1481 2780; baseline -0.001 -21"><span class='ocrx_word' id='word_1_177' title='bbox 330 2695 500 2780; x_wconf 87' lang='lat' dir='ltr'>reperitur.</span> <span class='ocrx_word' id='word_1_178' title='bbox 537 2695 572 2758; x_wconf 93' lang='lat' dir='ltr'>P.</span> <span class='ocrx_word' id='word_1_179' title='bbox 591 2696 656 2759; x_wconf 87' lang='grc'>666</span> <span class='ocrx_word' id='word_1_180' title='bbox 681 2699 755 2759; x_wconf 89' lang='lat' dir='ltr'>ante</span> <span class='ocrx_word' id='word_1_181' title='bbox 779 2695 861 2759; x_wconf 89' lang='lat' dir='ltr'>med.</span> <span class='ocrx_word' id='word_1_182' title='bbox 883 2689 1056 2780; x_wconf 86' lang='grc' dir='ltr'><strong><em>πρόδηλον</em></strong></span> <span class='ocrx_word' id='word_1_183' title='bbox 1075 2685 1105 2756; x_wconf 87' lang='grc' dir='ltr'>δ’</span> <span class='ocrx_word' id='word_1_184' title='bbox 1128 2686 1177 2756; x_wconf 84' lang='grc' dir='ltr'><strong><em>ὅτι</em></strong></span> <span class='ocrx_word' id='word_1_185' title='bbox 1201 2691 1255 2757; x_wconf 81' lang='grc' dir='ltr'><strong><em>καὶ</em></strong></span> <span class='ocrx_word' id='word_1_186' title='bbox 1281 2687 1299 2777; x_wconf 86' lang='grc' dir='ltr'><em>ἡ</em></span> <span class='ocrx_word' id='word_1_187' title='bbox 1323 2691 1481 2778; x_wconf 84' lang='grc' dir='ltr'><strong><em>μετάστα-</em></strong></span> 
     </span>
     <span class='ocr_line' id='line_1_23' title="bbox 330 2795 1482 2886; baseline -0.001 -20"><span class='ocrx_word' id='word_1_188' title='bbox 330 2820 383 2877; x_wconf 85' lang='grc' dir='ltr'><strong><em>σις</em></strong></span> <span class='ocrx_word' id='word_1_189' title='bbox 406 2799 462 2886; x_wconf 88' lang='lat' dir='ltr'>(se.</span> <span class='ocrx_word' id='word_1_190' title='bbox 486 2797 548 2885; x_wconf 80' lang='grc' dir='ltr'><strong><em>τὴν</em></strong></span> <span class='ocrx_word' id='word_1_191' title='bbox 567 2795 747 2884; x_wconf 85' lang='grc' dir='ltr'><strong><em>εύκρασίαν</em></strong></span> <span class='ocrx_word' id='word_1_192' title='bbox 766 2798 986 2885; x_wconf 79' lang='grc' dir='ltr'><strong><em>διαφθείρει),</em></strong></span> <span class='ocrx_word' id='word_1_193' title='bbox 1011 2795 1070 2863; x_wconf 80' lang='grc' dir='ltr'><strong><em>ἐὰν</em></strong></span> <span class='ocrx_word' id='word_1_194' title='bbox 1089 2795 1302 2884; x_wconf 81' lang='grc' dir='ltr'><strong><em>ἐννοήσωμεν</em></strong></span> <span class='ocrx_word' id='word_1_195' title='bbox 1322 2795 1391 2880; x_wconf 70' lang='grc' dir='ltr'>[ὡς]</span> <span class='ocrx_word' id='word_1_196' title='bbox 1412 2813 1482 2877; x_wconf 83' lang='grc' dir='ltr'><strong><em>τοῖς</em></strong></span> 
     </span>
     <span class='ocr_line' id='line_1_24' title="bbox 331 2900 1481 2990; baseline -0.001 -18"><span class='ocrx_word' id='word_1_197' title='bbox 331 2904 412 2972; x_wconf 83' lang='grc' dir='ltr'><strong><em>κατὰ</em></strong></span> <span class='ocrx_word' id='word_1_198' title='bbox 440 2903 500 2972; x_wconf 86' lang='grc' dir='ltr'><strong><em>τὸν</em></strong></span> <span class='ocrx_word' id='word_1_199' title='bbox 527 2905 666 2990; x_wconf 77' lang='grc' dir='ltr'><strong><em>θώρακα</em></strong></span> <span class='ocrx_word' id='word_1_200' title='bbox 698 2905 752 2971; x_wconf 80' lang='grc' dir='ltr'>καί</span> <span class='ocrx_word' id='word_1_201' title='bbox 784 2902 843 2982; x_wconf 79' lang='grc' dir='ltr'>τὰς</span> <span class='ocrx_word' id='word_1_202' title='bbox 874 2910 1025 2990; x_wconf 85' lang='grc' dir='ltr'><strong><em>τραχείας</em></strong></span> <span class='ocrx_word' id='word_1_203' title='bbox 1052 2900 1210 2988; x_wconf 72' lang='grc' dir='ltr'><strong><em>ἀρτηρίας</em></strong></span> <span class='ocrx_word' id='word_1_204' title='bbox 1240 2900 1397 2989; x_wconf 82' lang='grc' dir='ltr'><strong><em>ὀργάνοις</em></strong></span> <span class='ocrx_word' id='word_1_205' title='bbox 1431 2910 1481 2971; x_wconf 85' lang='grc' dir='ltr'><strong><em>αἴ-</em></strong></span> 
     </span>
     <span class='ocr_line' id='line_1_25' title="bbox 331 3009 1478 3100; baseline -0.002 -20"><span class='ocrx_word' id='word_1_206' title='bbox 331 3039 432 3100; x_wconf 89' lang='grc' dir='ltr'><strong><em>ματος</em></strong></span> <span class='ocrx_word' id='word_1_207' title='bbox 457 3010 477 3100; x_wconf 76' lang='grc' dir='ltr'><em>ἦ</em></span> <span class='ocrx_word' id='word_1_208' title='bbox 505 3039 595 3090; x_wconf 84' lang='grc' dir='ltr'><strong><em>τινος</em></strong></span> <span class='ocrx_word' id='word_1_209' title='bbox 623 3009 726 3078; x_wconf 82' lang='grc' dir='ltr'><strong><em>ἄλλον</em></strong></span> <span class='ocrx_word' id='word_1_210' title='bbox 754 3013 862 3097; x_wconf 85' lang='grc' dir='ltr'><strong><em>χυμοῦ</em></strong></span> <span class='ocrx_word' id='word_1_211' title='bbox 890 3009 1158 3097; x_wconf 83' lang='grc' dir='ltr'><strong><em>παρεμπεσόντος</em></strong></span> <span class='ocrx_word' id='word_1_212' title='bbox 1185 3020 1478 3095; x_wconf 84' lang='grc' dir='ltr'><strong><em>συγχωρεῖσθαι</em></strong></span> 
     </span>
     <span class='ocr_line' id='line_1_26' title="bbox 330 3114 1481 3206; baseline -0.003 -19"><span class='ocrx_word' id='word_1_213' title='bbox 330 3119 393 3206; x_wconf 78' lang='grc' dir='ltr'><strong><em>τὴν</em></strong></span> <span class='ocrx_word' id='word_1_214' title='bbox 416 3117 586 3206; x_wconf 77' lang='grc' dir='ltr'><strong><em>ἄμεμπτον</em></strong></span> <span class='ocrx_word' id='word_1_215' title='bbox 610 3114 740 3202; x_wconf 86' lang='grc' dir='ltr'><strong><em>ὑγίειαν</em></strong></span> <span class='ocrx_word' id='word_1_216' title='bbox 762 3115 884 3186; x_wconf 79' lang='grc' dir='ltr'><strong><em>αὐτῶν.</em></strong></span> <span class='ocrx_word' id='word_1_217' title='bbox 913 3120 976 3184; x_wconf 92' lang='lat' dir='ltr'>Pro</span> <span class='ocrx_word' id='word_1_218' title='bbox 996 3125 1241 3201; x_wconf 82' lang='grc' dir='ltr'><strong><em>συγχωρεῖσθαι</em></strong></span> <span class='ocrx_word' id='word_1_219' title='bbox 1261 3123 1393 3184; x_wconf 88' lang='lat' dir='ltr'>auctore</span> <span class='ocrx_word' id='word_1_220' title='bbox 1412 3123 1481 3186; x_wconf 90' lang='lat' dir='ltr'>eod.</span> 
     </span>
     <span class='ocr_line' id='line_1_27' title="bbox 332 3225 1481 3310; baseline -0.003 -16"><span class='ocrx_word' id='word_1_221' title='bbox 332 3229 365 3294; x_wconf 86' lang='lat' dir='ltr'><strong>M</strong></span> <span class='ocrx_word' id='word_1_222' title='bbox 389 3228 589 3292; x_wconf 85' lang='lat' dir='ltr'>restituimus</span> <span class='ocrx_word' id='word_1_223' title='bbox 615 3234 862 3310; x_wconf 81' lang='grc' dir='ltr'><strong><em>συγχεῖσθαι.</em></strong></span> <span class='ocrx_word' id='word_1_224' title='bbox 907 3225 941 3290; x_wconf 90' lang='grc' dir='ltr'>Ρ.</span> <span class='ocrx_word' id='word_1_225' title='bbox 967 3227 1030 3290; x_wconf 78' lang='grc'>753</span> <span class='ocrx_word' id='word_1_226' title='bbox 1054 3225 1135 3289; x_wconf 88' lang='lat' dir='ltr'>med.</span> <span class='ocrx_word' id='word_1_227' title='bbox 1159 3226 1290 3288; x_wconf 85' lang='lat' dir='ltr'>brevem</span> <span class='ocrx_word' id='word_1_228' title='bbox 1315 3230 1347 3288; x_wconf 88' lang='lat' dir='ltr'>et</span> <span class='ocrx_word' id='word_1_229' title='bbox 1369 3227 1481 3290; x_wconf 88' lang='lat' dir='ltr'>diluci-</span> 
     </span>
     <span class='ocr_line' id='line_1_28' title="bbox 331 3331 1480 3418; baseline -0.004 -17"><span class='ocrx_word' id='word_1_230' title='bbox 331 3339 406 3401; x_wconf 86' lang='lat' dir='ltr'>dam</span> <span class='ocrx_word' id='word_1_231' title='bbox 429 3335 624 3418; x_wconf 79' lang='lat' dir='ltr'>oratiouem,</span> <span class='ocrx_word' id='word_1_232' title='bbox 652 3357 715 3417; x_wconf 89' lang='lat' dir='ltr'>qua</span> <span class='ocrx_word' id='word_1_233' title='bbox 743 3358 793 3398; x_wconf 92' lang='lat' dir='ltr'>res</span> <span class='ocrx_word' id='word_1_234' title='bbox 818 3335 929 3417; x_wconf 90' lang='lat' dir='ltr'>aliqua</span> <span class='ocrx_word' id='word_1_235' title='bbox 952 3333 1147 3416; x_wconf 86' lang='lat' dir='ltr'>definiretur,</span> <span class='ocrx_word' id='word_1_236' title='bbox 1171 3355 1190 3395; x_wconf 90' lang='lat' dir='ltr'>a</span> <span class='ocrx_word' id='word_1_237' title='bbox 1213 3331 1392 3395; x_wconf 86' lang='lat' dir='ltr'>Platonicis</span> <span class='ocrx_word' id='word_1_238' title='bbox 1414 3355 1480 3398; x_wconf 89' lang='lat' dir='ltr'>non</span> 
     </span>
     <span class='ocr_line' id='line_1_29' title="bbox 333 3435 1482 3526; baseline -0.005 -18"><span class='ocrx_word' id='word_1_239' title='bbox 333 3441 435 3526; x_wconf 86' lang='grc' dir='ltr'><strong><em>λόγον</em></strong></span> <span class='ocrx_word' id='word_1_240' title='bbox 458 3436 680 3525; x_wconf 79' lang='grc' dir='ltr'><strong><em>ὡρισμένον</em></strong></span> <span class='ocrx_word' id='word_1_241' title='bbox 702 3464 736 3504; x_wconf 91' lang='grc' dir='ltr'><strong><em>τε</em></strong></span> <span class='ocrx_word' id='word_1_242' title='bbox 760 3438 813 3504; x_wconf 82' lang='grc' dir='ltr'><strong><em>καὶ</em></strong></span> <span class='ocrx_word' id='word_1_243' title='bbox 839 3435 921 3525; x_wconf 86' lang='grc' dir='ltr'><strong><em>ὅρον</em></strong></span> <span class='ocrx_word' id='word_1_244' title='bbox 940 3440 1138 3524; x_wconf 84' lang='lat' dir='ltr'>appellatam</span> <span class='ocrx_word' id='word_1_245' title='bbox 1158 3461 1228 3502; x_wconf 85' lang='lat' dir='ltr'>esse</span> <span class='ocrx_word' id='word_1_246' title='bbox 1247 3438 1352 3502; x_wconf 90' lang='lat' dir='ltr'>dicere</span> <span class='ocrx_word' id='word_1_247' title='bbox 1372 3440 1482 3522; x_wconf 87' lang='lat' dir='ltr'>potuit</span> 
     </span>
     <span class='ocr_line' id='line_1_30' title="bbox 333 3538 1481 3632; baseline -0.004 -19"><span class='ocrx_word' id='word_1_248' title='bbox 333 3551 488 3632; x_wconf 79' lang='lat' dir='ltr'>Galenus,</span> <span class='ocrx_word' id='word_1_249' title='bbox 516 3549 571 3613; x_wconf 90' lang='lat' dir='ltr'>scd</span> <span class='ocrx_word' id='word_1_250' title='bbox 599 3542 767 3632; x_wconf 88' lang='grc' dir='ltr'><strong><em>ὁρισμόν</em></strong></span> <span class='ocrx_word' id='word_1_251' title='bbox 795 3570 828 3611; x_wconf 88' lang='grc' dir='ltr'><strong><em>τε</em></strong></span> <span class='ocrx_word' id='word_1_252' title='bbox 857 3545 911 3610; x_wconf 86' lang='grc' dir='ltr'><strong><em>καὶ</em></strong></span> <span class='ocrx_word' id='word_1_253' title='bbox 941 3541 1037 3629; x_wconf 76' lang='grc' dir='ltr'><strong><em>ὅρους</em></strong></span> <span class='ocrx_word' id='word_1_254' title='bbox 1066 3546 1176 3628; x_wconf 87' lang='lat' dir='ltr'>itaque</span> <span class='ocrx_word' id='word_1_255' title='bbox 1205 3567 1264 3628; x_wconf 89' lang='lat' dir='ltr'>pro</span> <span class='ocrx_word' id='word_1_256' title='bbox 1293 3538 1481 3628; x_wconf 75' lang='grc' dir='ltr'><strong><em>ὡρισμένον</em></strong></span> 
     </span>
     <span class='ocr_line' id='line_1_31' title="bbox 333 3646 1481 3738; baseline -0.002 -19"><span class='ocrx_word' id='word_1_257' title='bbox 333 3655 522 3738; x_wconf 82' lang='lat' dir='ltr'>scripsimus</span> <span class='ocrx_word' id='word_1_258' title='bbox 546 3656 593 3736; x_wconf 86' lang='lat' dir='ltr'>id,</span> <span class='ocrx_word' id='word_1_259' title='bbox 615 3655 700 3738; x_wconf 89' lang='lat' dir='ltr'>quod</span> <span class='ocrx_word' id='word_1_260' title='bbox 724 3655 759 3718; x_wconf 94' lang='lat' dir='ltr'>in</span> <span class='ocrx_word' id='word_1_261' title='bbox 782 3653 816 3717; x_wconf 89' lang='lat' dir='ltr'>M</span> <span class='ocrx_word' id='word_1_262' title='bbox 839 3653 1020 3735; x_wconf 86' lang='lat' dir='ltr'>invenitur,</span> <span class='ocrx_word' id='word_1_263' title='bbox 1044 3646 1220 3734; x_wconf 85' lang='grc' dir='ltr'><strong><em>ὁρισμόν.</em></strong></span> <span class='ocrx_word' id='word_1_264' title='bbox 1258 3651 1292 3714; x_wconf 87' lang='grc' dir='ltr'>Ρ.</span> <span class='ocrx_word' id='word_1_265' title='bbox 1318 3652 1381 3715; x_wconf 74' lang='grc'>766</span> <span class='ocrx_word' id='word_1_266' title='bbox 1406 3657 1481 3716; x_wconf 86' lang='lat' dir='ltr'>ante</span> 
     </span>
     <span class='ocr_line' id='line_1_32' title="bbox 332 3755 1481 3844; baseline -0.003 -18"><span class='ocrx_word' id='word_1_267' title='bbox 332 3762 414 3826; x_wconf 88' lang='lat' dir='ltr'>med.</span> <span class='ocrx_word' id='word_1_268' title='bbox 436 3761 471 3825; x_wconf 93' lang='lat' dir='ltr'>in</span> <span class='ocrx_word' id='word_1_269' title='bbox 494 3761 600 3825; x_wconf 86' lang='lat' dir='ltr'>verbis</span> <span class='ocrx_word' id='word_1_270' title='bbox 624 3761 784 3843; x_wconf 78' lang='lat' dir='ltr'>PlatoniS,</span> <span class='ocrx_word' id='word_1_271' title='bbox 812 3782 894 3844; x_wconf 88' lang='lat' dir='ltr'>quae</span> <span class='ocrx_word' id='word_1_272' title='bbox 924 3782 940 3822; x_wconf 89' lang='lat' dir='ltr'>e</span> <span class='ocrx_word' id='word_1_273' title='bbox 964 3759 1100 3824; x_wconf 88' lang='lat' dir='ltr'>Philebo</span> <span class='ocrx_word' id='word_1_274' title='bbox 1128 3755 1173 3842; x_wconf 90' lang='lat' dir='ltr'>(p.</span> <span class='ocrx_word' id='word_1_275' title='bbox 1199 3759 1237 3822; x_wconf 79' lang='lat' dir='ltr'>ll</span> <span class='ocrx_word' id='word_1_276' title='bbox 1263 3755 1307 3842; x_wconf 90' lang='lat' dir='ltr'>D)</span> <span class='ocrx_word' id='word_1_277' title='bbox 1334 3758 1481 3822; x_wconf 85' lang='lat' dir='ltr'>desumta</span> 
     </span>
     <span class='ocr_line' id='line_1_33' title="bbox 332 3857 1482 3951; baseline -0.004 -19"><span class='ocrx_word' id='word_1_278' title='bbox 332 3872 420 3951; x_wconf 86' lang='lat' dir='ltr'>sunt,</span> <span class='ocrx_word' id='word_1_279' title='bbox 444 3861 464 3931; x_wconf 83' lang='grc' dir='ltr'><strong><em>ά</em></strong></span> <span class='ocrx_word' id='word_1_280' title='bbox 484 3863 525 3950; x_wconf 77' lang='grc' dir='ltr'>δὴ</span> <span class='ocrx_word' id='word_1_281' title='bbox 546 3861 591 3931; x_wconf 90' lang='grc' dir='ltr'><strong><em>δι’</em></strong></span> <span class='ocrx_word' id='word_1_282' title='bbox 609 3861 767 3951; x_wconf 81' lang='grc' dir='ltr'><strong><em>άριθμῶν</em></strong></span> <span class='ocrx_word' id='word_1_283' title='bbox 790 3864 998 3950; x_wconf 85' lang='grc' dir='ltr'><strong><em>μετρηθέντα</em></strong></span> <span class='ocrx_word' id='word_1_284' title='bbox 1018 3866 1090 3929; x_wconf 81' lang='grc' dir='ltr'><strong><em>δεῖν</em></strong></span> <span class='ocrx_word' id='word_1_285' title='bbox 1110 3857 1207 3927; x_wconf 84' lang='grc' dir='ltr'><strong><em>αὐτά</em></strong></span> <span class='ocrx_word' id='word_1_286' title='bbox 1226 3879 1308 3946; x_wconf 90' lang='grc' dir='ltr'><strong><em>φασι</em></strong></span> <span class='ocrx_word' id='word_1_287' title='bbox 1328 3859 1482 3947; x_wconf 78' lang='grc' dir='ltr'><strong><em>ῥυθμούς</em></strong></span> 
     </span>
     <span class='ocr_line' id='line_1_34' title="bbox 332 3969 1482 4058; baseline -0.005 -19"><span class='ocrx_word' id='word_1_288' title='bbox 332 3973 387 4039; x_wconf 83' lang='grc' dir='ltr'><strong><em>καὶ</em></strong></span> <span class='ocrx_word' id='word_1_289' title='bbox 410 3972 511 4058; x_wconf 84' lang='grc' dir='ltr'><strong><em>μέτρα</em></strong></span> <span class='ocrx_word' id='word_1_290' title='bbox 536 3970 765 4057; x_wconf 77' lang='grc' dir='ltr'><strong><em>ἐπονομάζειν,</em></strong></span> <span class='ocrx_word' id='word_1_291' title='bbox 789 3975 905 4038; x_wconf 87' lang='lat' dir='ltr'>vitiose</span> <span class='ocrx_word' id='word_1_292' title='bbox 930 3973 971 4036; x_wconf 91' lang='lat' dir='ltr'>ab</span> <span class='ocrx_word' id='word_1_293' title='bbox 991 3971 1168 4035; x_wconf 90' lang='lat' dir='ltr'>editoribus</span> <span class='ocrx_word' id='word_1_294' title='bbox 1194 3970 1307 4034; x_wconf 70' lang='lat' dir='ltr'>(taleni</span> <span class='ocrx_word' id='word_1_295' title='bbox 1328 3969 1482 4034; x_wconf 86' lang='lat' dir='ltr'>scribitur</span> 
     </span>
     <span class='ocr_line' id='line_1_35' title="bbox 332 4065 1482 4166; baseline -0.006 -19"><span class='ocrx_word' id='word_1_296' title='bbox 332 4076 443 4166; x_wconf 80' lang='grc' dir='ltr'><strong><em>αύτά;</em></strong></span> <span class='ocrx_word' id='word_1_297' title='bbox 467 4081 566 4145; x_wconf 85' lang='lat' dir='ltr'>codex</span> <span class='ocrx_word' id='word_1_298' title='bbox 585 4080 683 4144; x_wconf 87' lang='lat' dir='ltr'>Marc.</span> <span class='ocrx_word' id='word_1_299' title='bbox 703 4080 930 4144; x_wconf 84' lang='lat' dir='ltr'>convenienter</span> <span class='ocrx_word' id='word_1_300' title='bbox 953 4077 1093 4143; x_wconf 89' lang='lat' dir='ltr'>orationi</span> <span class='ocrx_word' id='word_1_301' title='bbox 1114 4077 1300 4140; x_wconf 86' lang='lat' dir='ltr'>Platonicae</span> <span class='ocrx_word' id='word_1_302' title='bbox 1319 4065 1368 4140; x_wconf 81' lang='grc' dir='ltr'><strong><em>αὖ</em></strong></span> <span class='ocrx_word' id='word_1_303' title='bbox 1391 4099 1482 4159; x_wconf 90' lang='lat' dir='ltr'>prae-</span> 
     </span>
     <span class='ocr_line' id='line_1_36' title="bbox 331 4183 1481 4270; baseline -0.006 -17"><span class='ocrx_word' id='word_1_304' title='bbox 331 4191 418 4256; x_wconf 84' lang='lat' dir='ltr'>bet..</span> <span class='ocrx_word' id='word_1_305' title='bbox 446 4189 494 4252; x_wconf 84' lang='lat' dir='ltr'>Ao</span> <span class='ocrx_word' id='word_1_306' title='bbox 524 4188 562 4252; x_wconf 90' lang='lat' dir='ltr'>de</span> <span class='ocrx_word' id='word_1_307' title='bbox 591 4187 711 4251; x_wconf 85' lang='lat' dir='ltr'>litteris</span> <span class='ocrx_word' id='word_1_308' title='bbox 743 4188 794 4250; x_wconf 82' lang='lat' dir='ltr'>vel</span> <span class='ocrx_word' id='word_1_309' title='bbox 828 4187 964 4270; x_wconf 84' lang='lat' dir='ltr'>syllabis</span> <span class='ocrx_word' id='word_1_310' title='bbox 997 4184 1126 4250; x_wconf 85' lang='lat' dir='ltr'>omissis</span> <span class='ocrx_word' id='word_1_311' title='bbox 1161 4187 1218 4245; x_wconf 91' lang='lat' dir='ltr'>aut</span> <span class='ocrx_word' id='word_1_312' title='bbox 1250 4183 1368 4246; x_wconf 88' lang='lat' dir='ltr'>additis</span> <span class='ocrx_word' id='word_1_313' title='bbox 1401 4185 1481 4246; x_wconf 86' lang='lat' dir='ltr'>satis</span> 
     </span>
     <span class='ocr_line' id='line_1_37' title="bbox 333 4296 539 4361; baseline 0.005 -2"><span class='ocrx_word' id='word_1_314' title='bbox 333 4296 455 4361; x_wconf 88' lang='lat' dir='ltr'>dictum</span> <span class='ocrx_word' id='word_1_315' title='bbox 480 4300 539 4360; x_wconf 86' lang='lat' dir='ltr'>est.</span> 
     </span>
    </p>

    <p class='ocr_par' dir='ltr' id='par_1_3' title="bbox 423 4397 1481 4484">
     <span class='ocr_line' id='line_1_38' title="bbox 423 4397 1481 4484; baseline -0.005 -19"><span class='ocrx_word' id='word_1_316' title='bbox 423 4403 544 4478; x_wconf 77' lang='lat' dir='ltr'>Quarto</span> <span class='ocrx_word' id='word_1_317' title='bbox 569 4406 678 4467; x_wconf 90' lang='lat' dir='ltr'>autem</span> <span class='ocrx_word' id='word_1_318' title='bbox 697 4401 806 4484; x_wconf 81' lang='grc' dir='ltr'><strong><em>ιιιοδο,</em></strong></span> <span class='ocrx_word' id='word_1_319' title='bbox 830 4404 868 4464; x_wconf 87' lang='lat' dir='ltr'>ut</span> <span class='ocrx_word' id='word_1_320' title='bbox 891 4421 989 4483; x_wconf 88' lang='lat' dir='ltr'>supra</span> <span class='ocrx_word' id='word_1_321' title='bbox 1008 4397 1161 4482; x_wconf 73' lang='lat' dir='ltr'>dirimire,</span> <span class='ocrx_word' id='word_1_322' title='bbox 1185 4397 1346 4481; x_wconf 86' lang='lat' dir='ltr'>scriptura</span> <span class='ocrx_word' id='word_1_323' title='bbox 1364 4397 1481 4460; x_wconf 78' lang='lat' dir='ltr'>vitiata</span> 
     </span>
    </p>
   </div>
   <div class='ocr_carea' id='block_1_3' title="bbox 0 0 1632 5140">
    <p class='ocr_par' dir='ltr' id='par_1_4' title="bbox 0 0 1632 5140">
     <span class='ocr_line' id='line_1_39' title="bbox 0 0 1632 5140; baseline 0 0"><span class='ocrx_word' id='word_1_324' title='bbox 0 0 1632 5140; x_wconf 95' lang='lat' dir='ltr'> </span> 
     </span>
    </p>
   </div>
  </div>
 </body>
</html>
