3210 5148
612 349 853 415 —455-

159 515 215 578 δια
237 515 273 578 τί
291 507 332 578 τά
353 513 549 596 χρονιῖοντα
572 510 640 574 τῶν
662 509 785 574 παθῶν
807 502 1008 593 ἡσυχέστερά
1030 532 1065 574 τε
1087 505 1142 573 καὶ
1165 502 1304 574 ἀσθενέ-

159 638 256 708 στερα
280 622 417 703 γίνεται,
439 612 502 701 τὴν
524 619 636 682 αίτίαν
658 609 876 696 ἀποδίδωσιν,
899 609 982 700 ὑπὲρ
1004 603 1044 699 ἧς
1066 610 1085 680 ό
1109 611 1304 700 Χρύσιππος

158 725 195 792 έν
219 727 223 810 Ι
247 727 291 816 τῷ
316 723 459 812 δευτέρῳ
486 721 560 808 περὶ
587 722 709 788 παθῶν
736 715 874 805 ἀπορεῖν
901 715 1128 807 ὡμολόγησεν.
1177 728 1369 807 είρηταιςεε

158 830 195 898 δὲ
222 831 296 917 περὶ
324 825 425 915 αὐτῆς
451 824 510 914 ὑφ’
540 824 636 915 ἡμῶν
665 825 717 894 ἐπὶ
745 828 786 913 τῇ
813 827 947 914 τελευτῇ
974 829 1035 894 τοῦ
1062 824 1220 914 τετάρτου
1247 827 1303 894 καὶ

158 940 222 1004 νῦν
245 935 282 1004 δέ
305 933 469 1026 εἰρήσεται
498 932 554 1002 διὰ
581 933 734 1021 βραχέων
760 927 836 1000 οἷον
864 930 1000 1020 έπιτομή
1025 958 1076 1012 τις
1102 936 1161 1021 τῆς
1183 939 1329 1002 Ποσει-ι

158 1047 284 1112 δωνίου
315 1041 442 1130 ρήσεως
472 1043 600 1130 μακρᾶς
629 1036 849 1126 ὑπαρχούσης.
904 1037 940 1107 τὸ
968 1045 1087 1108 τοίνυν
1114 1039 1303 1126 παθητικὸν

156 1153 213 1237 τῆς
236 1152 342 1237 ψυχῆς
366 1151 403 1218 έν
429 1151 474 1240 τῷ
502 1145 612 1239 χρόνῳ
639 1149 737 1214 τοῦτο
765 1144 826 1233 μὲν
851 1147 1046 1235 ἐμπίπλαται
1073 1149 1141 1214 τῶν
1169 1149 1302 1214 οἰκείων

157 1257 362 1344 ἐπιθυμιῶν,
398 1257 497 1324 τοῦτο
530 1252 566 1323 δὲ
598 1252 716 1341 κάμνει
747 1267 819 1331 ταῖς
849 1258 1083 1341 πολυχρονίοις
1118 1251 1301 1340 κινήσεσιν,

157 1359 239 1430 ὥστε
262 1361 318 1430 διὰ
336 1359 436 1450 ἄμφω
455 1358 752 1448 καθησνχάσαντος
770 1355 874 1427 αὐτοῦ
892 1359 948 1426 καὶ
965 1360 1081 1448 μέτρια
1099 1361 1301 1448 κινουμένου

156 1482 289 1555 κρατεῖν
311 1466 330 1536 ό
355 1467 514 1557 λογισμὸς
541 1466 604 1555 ἤδη
629 1465 786 1549 δύναται,
813 1464 922 1554 ὥσπερ
949 1468 1004 1535 καί
1033 1471 1063 1535 εί
1084 1470 1188 1536 ἵππου
1210 1465 1302 1547 τινὸς
1316 1493 1341 1533 ιο

157 1573 303 1662 έκφόρου
329 1574 390 1644 τὸν
417 1574 577 1661 ἐπιβάτην
604 1570 832 1659 έξενεγκόντος
858 1577 988 1660 βιαίως,
1020 1570 1089 1640 εἶτα
1115 1572 1302 1663 αάμνοντός

155 1705 189 1747 τε
212 1677 280 1766 ἅμα
302 1683 347 1771 τῷ
367 1680 481 1772 δρόμῳ
504 1681 559 1749 καὶ
577 1681 712 1768 προσέτι
730 1680 784 1747 καὶ
804 1680 1050 1766 έμπλησθέντος
1068 1671 1118 1748 ὧν
1136 1679 1301 1769 ἐπεθύμη-

155 1805 214 1853 σεν
232 1777 332 1866 αὖθις
344 1783 368 1864 ,ὁ
392 1785 528 1875 ἡνίοχος
546 1785 705 1875 ἐγκρατὴς
722 1792 911 1872 κατασταίη.
947 1792 1101 1874 φαίνεται
1119 1784 1183 1874 γάρ
1201 1790 1300 1856 τοῦτο

154 1892 312 1972 πολλάκις
334 1893 515 1981 γινόμενον
541 1894 596 1963 καὶ
620 1897 712 1980 οἵγε
734 1892 950 1974 παιδεύοντες
971 1891 1011 1960 τά
1034 1894 1094 1962 νέα
1115 1897 1184 1962 τάν
1208 1891 1300 1986 ζῳων

155 2000 386 2086 ἐπιτρέψαντες
412 1997 526 2081 αὐτοῖς
552 2000 691 2088 κάμνειν
718 2027 752 2070 τε
779 1998 847 2088 ἅμα
874 1998 929 2067 καί
957 2001 1190 2088 ἐμπλησθῆναι
1217 2000 1299 2069 κατὰ
1315 2025 1340 2064 ιε

154 2103 211 2184 τάς
229 2103 393 2193 ἐκφόρους
414 2105 562 2194 κινήσεις
584 2105 725 2194 ὕστερον
744 2107 956 2175 έπιτόθενται.
992 2113 1070 2194 περί
1089 2131 1123 2174 τε
1146 2097 1210 2174 οὖν
1232 2110 1300 2174 τῶν

154 2210 313 2280 τοιούτων
340 2210 508 2304 ἠπόρησεν
536 2211 553 2283 ὁ
582 2212 789 2301 Χρύσιππος,
822 2210 867 2292 ὥς
898 2208 942 2280 ἂν
968 2209 1011 2280 οὐ
1039 2210 1226 2300 δυνάμενος
1253 2217 1300 2293 είς

191 2417 203 2464 1
224 2405 387 2478 χρονίζοντά
412 2429 441 2466 τε
467 2410 524 2465 τάν
551 2407 789 2494 LMsBchpcf.
816 2408 900 2464 Proll.
929 2428 957 2479 p.
987 2413 1045 2463 128.
1072 2440 1105 2448 -
1139 2415 1156 2462 4
1182 2405 1214 2463 dt
1243 2425 1296 2466 om.

153 2479 324 2536 MABCbK.
344 2513 377 2522 -
403 2489 436 2536 10
458 2475 539 2550 λόγος
562 2497 613 2552 pro
631 2485 762 2552 loprapoc
780 2480 810 2535 L.
835 2511 868 2521 -
894 2477 923 2535 εί
939 2496 993 2535 om.
1012 2477 1176 2535 nauehu
1200 2475 1228 2534 εί
1248 2479 1297 2534 καλ

153 2551 174 2604 L
194 2551 242 2606 καλ
261 2549 290 2606 εί
306 2568 364 2608 nos.
383 2583 418 2593 -
438 2559 470 2607 16
489 2554 557 2622 περί
572 2571 602 2621 γε
622 2551 659 2607 bi.
679 2583 711 2592 -
736 2557 767 2606 17
787 2546 888 2621 ἠπόρει
907 2551 937 2606 L.
953 2583 986 2591 —

154 2753 227 2838 tur3
255 2773 330 2816 non
353 2750 452 2815 enim
476 2752 521 2817 ab
549 2751 775 2817 irrationali
805 2750 923 2815 animi
951 2753 1077 2835 parte,
1104 2749 1168 2814 sed
1197 2773 1296 2815 ara·

153 2857 296 2923 tionali
319 2857 377 2920 ita
398 2857 595 2923 feruntur?
639 2857 764 2923 Deinde
788 2857 882 2939 idem,
905 2857 1116 2941 quamobrem
1139 2858 1296 2922 invetera-

152 2969 205 3030 tae
232 2963 493 3049 perturbationes
520 2965 695 3049 quietiores
721 2963 1015 3049 imbecillioresque
1043 2965 1138 3046 fiant,
1165 2986 1297 3028 causam

152 3071 269 3156 reddit,
301 3071 340 3136 de
372 3092 436 3155 que
468 3069 669 3156 Chrysippus
699 3071 733 3136 in
766 3069 904 3135 secundo
932 3069 970 3134 de
997 3069 1296 3154 perturbationibus

153 3178 317 3244 haesitare
340 3201 374 3243 se
399 3178 565 3244 confessus
589 3180 646 3242 est.
682 3175 754 3241 Hac
776 3177 815 3241 de
837 3197 872 3241 re
896 3179 929 3240 et
950 3177 986 3242 in
1008 3177 1071 3242 fine
1090 3177 1199 3261 quarti
1221 3175 1297 3242 libri

152 3285 291 3350 diximus
315 3287 348 3350 et
374 3307 458 3350 nunc
489 3285 631 3350 dicemus
664 3281 816 3349 brevibus
845 3283 977 3369 longam
1006 3284 1185 3349 orationem
1207 3283 1296 3349 Posi-

152 3391 240 3456 donii
267 3392 359 3476 quasi
388 3392 422 3458 in
449 3391 676 3475 compendium
703 3389 940 3456 contrahentes.
989 3390 1168 3456 Affectibus
1195 3390 1297 3476 igitur

153 3496 292 3562 obnoxia
324 3521 398 3581 pars
433 3497 534 3562 animi
563 3502 710 3581 tempore
742 3496 864 3582 partim
888 3496 1030 3582 propriis
1062 3497 1295 3582 cupiditatibus

153 3605 328 3686 saturatur,
350 3604 471 3687 partim
494 3604 656 3669 diuturnis
680 3604 824 3669 motibus
848 3603 1055 3689 defatigatur,
1077 3604 1126 3668 ita
1148 3606 1199 3686 ut,
1222 3626 1294 3669 cum

151 3708 203 3773 bis
226 3709 351 3775 duabus
375 3708 413 3774 de
436 3711 542 3776 causis
571 3711 693 3796 quierit
715 3711 974 3796 moderatiorque
997 3711 1048 3793 fit,
1075 3709 1213 3775 rationis
1235 3710 1294 3775 im-

150 3815 276 3900 perium
298 3815 496 3882 invalescere
518 3817 586 3882 iarn
613 3817 732 3902 possit,
760 3840 826 3883 non
849 3840 940 3883 secus
964 3839 1009 3884 ac.
1024 3818 1052 3881 si
1081 3838 1180 3901 equus
1204 3817 1294 3881 effre-

150 3925 246 3986 natus
270 3944 429 3987 sessorem
452 3923 591 3990 inritum
615 3946 723 3990 seeum
742 3924 903 4008 extulerit,
924 3923 1037 3988 deinde
1061 3944 1156 3988 cursu
1179 3921 1293 3987 defati-

150 4033 246 4116 gatus
274 4032 370 4114 atque
398 4029 527 4116 expleta
554 4031 686 4115 insuper
714 4031 890 4115 cupiditate
919 4029 1091 4114 subsistat,
1119 4031 1156 4093 ut
1182 4051 1293 4094 rursus

150 4159 247 4222 eques
271 4137 419 4221 superior
442 4138 565 4202 evadat
609 4136 647 4202 Id
670 4159 901 4223 saepenumero
925 4139 995 4204 fieri
1017 4138 1163 4202 videmus
1187 4140 1293 4222 atque,

150 4243 205 4328 qui
228 4243 354 4309 catulos
374 4244 521 4328 educant,
543 4243 595 4308 his
619 4245 792 4310 concedere
816 4245 930 4328 solent,
952 4246 990 4308 ut
1012 4243 1193 4329 fatigentur
1216 4243 1291 4308 effu·

150 4351 258 4438 sisque
286 4351 433 4417 cursibus
461 4353 660 4433 saturentur,
692 4373 755 4435 quo
787 4351 875 4416 facto
903 4351 1020 4435 postea
1046 4372 1101 4418 eos
1134 4353 1292 4416 coercent.
