3210 5148
569 425 813 490 —41‘1-

117 577 147 668 ‘ii
171 580 304 668 αίσχος.’
341 577 424 648 ἄλλα
448 584 551 648 ταῦτα
573 583 645 668 μέν,
668 573 694 648 oi
718 580 929 666 γενναιότατε
949 579 1131 668 Χρύσιππε,
1154 585 1260 660 καλῶς

116 687 243 756 ἅπαντα
272 691 423 776 διῆλθες,
454 684 579 766 ἀπόδος
608 687 644 754 dl
669 685 764 774 ἡμῖν,
796 684 841 766 ὡς
873 689 1069 774 ἐπηγγείίω,
1092 686 1154 775 τὴν
1182 684 1260 756 ιἰνα-

116 801 233 880 λογίαν
264 798 341 862 τῶν
364 795 401 862 ἑν
432 798 471 883 τῇ
504 798 593 884 ψυχῇ
628 792 834 880 συνωνύμως
866 789 980 873 αῦτοῖς
1011 791 1260 881 ὠνομασμένων

115 898 297 988 ἀρξάμενος
328 899 391 970 ἀπὸ
424 905 482 988 τῆς
512 883 639 987 ὑγιείας
669 927 704 968 τε
731 900 786 967 καί
814 903 871 987 τῆς
895 899 1008 969 νόσου.
1059 899 1168 988 ὥσπερ
1195 901 1260 989 γὰρ

114 1005 222 1094 ὑγίεια
250 1007 401 1095 σώματός
427 995 518 1076 ἔστιν
544 1005 565 1094 ἡ
589 1013 770 1096 συμμετρία
793 1011 861 1076 τῶν
889 1005 1126 1075 ἁπλουστότων
1155 1004 1287 1075 αὐτοῦὸ

115 1121 257 1202 μορίων,
285 1110 306 1182 ἃ
339 1114 381 1201 δὴ
413 1116 467 1182 καὶ
492 1129 635 1202 στοιχεῖα
663 1112 971 1202 προσαγορεύομεν,
1003 1117 1064 1181 τοῦ
1094 1119 1099 1195 Ι
1129 1118 1260 1202 θερμοῦ
1271 1129 1326 1188 441

116 1221 199 1307 λέγω
222 1222 277 1288 καί
297 1225 428 1308 ψυχροῦ
450 1222 505 1289 καὶ
529 1223 632 1308 ξηροῦ
655 1221 709 1288 καὶ
732 1218 851 1309 ὑγροῦ,
874 1219 956 1288 κατὰ
978 1221 1039 1288 τὸν
1061 1217 1165 1289 αὐτὸν
1188 1220 1261 1308 τρό-

117 1353 181 1396 πον
214 1336 264 1414 εἴη
293 1324 352 1411 ἄν,
384 1325 492 1415 οἶμαι,
523 1328 578 1396 καὶ
602 1325 622 1415 ἡ
649 1331 707 1414 τῆς
739 1331 845 1415 ψυχῆς
872 1324 981 1414 ὑγίεια
1009 1335 1191 1415 συμμετρία
1214 1355 1262 1408 τις

117 1436 184 1500 τῶν
210 1430 325 1502 dalaia
357 1430 459 1521 αὐτῆς
485 1441 625 1523 μορίων·
659 1431 755 1502 ἅτινά
782 1436 863 1502 ποτέ
894 1435 961 1502 ἐστι
989 1433 1043 1502 καὶ
1072 1430 1179 1502 ὁπόσα
1206 1435 1261 1502 καί

118 1537 206 1618 ὅπως
237 1545 353 1626 ἔχοντα
384 1539 467 1628 πρὸς
503 1539 643 1628 ἄλληλα,
681 1545 830 1609 διελθεῖν
867 1537 1052 1627 ἀναγκαῖον
1084 1547 1174 1608 ἔσται
1208 1563 1260 1610 σοι
1277 1565 1301 1602 10

118 1647 275 1732 μέλλοντί
299 1672 335 1732 γε
363 1647 468 1734 μηδὲν
499 1653 716 1734 παραλείψειν
743 1639 792 1714 ὦν
820 1649 1011 1734 ἐπηγγείλω.
1059 1648 1114 1715 καὶ
1142 1647 1184 1742 di]
1208 1649 1261 1714 uod

119 1750 138 1840 ἡ
171 1751 271 1832 νόσος
301 1749 322 1839 ἡ
354 1757 412 1841 τῆς
444 1757 549 1840 ψυχῆς
581 1750 738 1832 ὦσαῦτως
770 1751 975 1842 ἀσυμμετρία
1006 1781 1057 1834 τις
1089 1759 1179 1823 ἔσται
1208 1755 1260 1821 καί

118 1859 232 1940 στάσις
253 1858 337 1949 πρὸς
360 1857 485 1946 ἄλληλα
503 1864 571 1928 τῶν
589 1858 701 1928 αὐτῶν
720 1860 848 1929 τοῦτον
866 1867 1006 1949 μορίων,
1028 1852 1078 1928 ὧν
1101 1858 1121 1947 ἡ
1141 1880 1268 1948 συμμε-·

116 1973 191 2054 τρία
223 1970 281 2053 τῆς
313 1970 420 2054 ψυχῆς
452 1959 494 2053 ἦν
525 1964 646 2053 ὑγίεια·
684 1965 724 2034 τὰ
758 1967 793 2035 dt
824 1967 924 2054 μόρια
956 1971 1059 2034 ταῦτα
1091 1966 1172 2034 κατὰ
1203 1966 1265 2035 τὸν

119 2072 285 2142 Πλάτωνα
311 2071 348 2142 τὸ
379 2073 559 2160 θυμοειδές
581 2075 648 2142 ἐστι
677 2075 731 2142 καὶ
763 2073 800 2142 τὸ
824 2074 1014 2162 λογιστικὸν
1042 2079 1089 2141 ἔτι
1118 2101 1153 2141 τε
1181 2072 1263 2162 πρὸς
1278 2097 1304 2136 ¹⁵

117 2179 249 2258 τούτοις
271 2187 385 2268 τρίτον
408 2180 445 2248 τὸ
475 2180 729 2267 ἐπιθυμητικόν·
757 2179 1028 2263 baracensem
1055 2180 1117 2266 τήν
1145 2207 1179 2248 τε
1207 2185 1264 2268 τῆς

119 2283 244 2372 ὑγιείας
270 2287 325 2354 καί
353 2286 415 2374 τὴν
441 2289 499 2373 τῆς
527 2286 632 2356 νόσον
661 2287 742 2356 κατὰ
770 2292 838 2356 πᾶν
866 2286 1045 2378 ὁμοιότητα
1072 2290 1130 2374 τῆς
1157 2289 1265 2374 ψυχῆς

117 2392 200 2480 πρὸς
221 2391 258 2462 τὸ
284 2389 387 2481 σῶμα.
428 2397 676 2480 συμφωνοῦντα
699 2391 847 2482 μὲνγὰρ
871 2391 1026 2481 ἀλλήλοις
1049 2393 1088 2461 τὰ
1111 2399 1186 2481 τρία
1209 2394 1264 2460 καὶ

153 2581 169 2629 3
196 2569 227 2629 ἐν
250 2573 299 2642 τῆς
316 2586 358 2641 ψν
378 2573 411 2642 ῆς
429 2573 458 2626 Μ
482 2572 577 2640 (Proll.
600 2591 628 2644 p.
647 2575 701 2639 85).
727 2603 758 2612 -
787 2579 804 2626 4
826 2567 927 2641 ῦγείας
949 2573 1015 2626 MA.
1034 2574 1073 2610 '-
1103 2573 1153 2639 τῆς
1177 2565 1263 2626 νόσον

118 2645 203 2700 MAB
223 2646 272 2714 τῆς
290 2661 343 2699 orn.
361 2593 441 2699 th.
457 2675 490 2684 -
511 2649 526 2698 5
545 2638 628 2712 ῦγεία
643 2643 710 2699 MA.
726 2676 757 2682 -
782 2651 812 2698 15
831 2639 944 2713 λογικὸν
962 2643 991 2696 Μ
1010 2637 1168 2712 λογιστικὸν
1183 2644 1214 2696 Α.
1231 2675 1263 2682 -

118 2825 314 2910 disseruisti3
339 2823 394 2889 sed
418 2845 493 2910 age,
515 2847 640 2908 eorum,
663 2846 744 2908 quae
768 2825 802 2888 in
827 2825 935 2890 animo
959 2847 1032 2889 oum
1056 2825 1122 2889 illis
1146 2845 1264 2910 eogno-

118 2932 243 2998 minata
265 2933 354 3014 sunt,
381 2931 640 3016 proportionem,
669 2930 754 2996 siout
780 2931 945 3016 pollicitus
970 2955 1017 3014 es,
1047 2931 1141 2996 nobis
1169 2931 1264 2997 redde

119 3043 215 3126 atque
245 3063 265 3104 a
292 3038 432 3104 sanitate
461 3043 494 3103 et
521 3037 635 3103 morbo
669 3037 822 3103 exordire.
873 3037 1150 3125 Quemadmodum
1178 3039 1264 3102 enim

120 3149 246 3213 sanitas
270 3145 417 3230 eorporis
441 3148 492 3209 est
513 3144 710 3228 simplicium
734 3145 802 3209 eius
826 3145 978 3230 partium,
1001 3167 1082 3229 quae
1106 3145 1264 3209 elementa

118 3255 336 3338 appellamus,
363 3251 459 3317 ualidi
488 3251 559 3316 dieo
584 3255 617 3316 et
644 3251 755 3336 frigidi
784 3257 816 3316 et
844 3252 920 3318 siooi
944 3256 977 3316 et
999 3251 1125 3316 humidi
1149 3241 1264 3336 aequa-

118 3360 241 3442 bilitas,
264 3361 376 3426 eodem
394 3363 492 3444 paeto
512 3358 622 3442 animi,
645 3358 769 3442 opinor,
793 3359 916 3423 sanitas
936 3357 1150 3442 aequabilitas
1169 3379 1265 3441 quae-

119 3463 194 3528 dam
217 3465 279 3529 erit
302 3466 498 3550 simplicium
522 3465 591 3530 eius
610 3465 766 3550 partium,
789 3485 871 3549 quae
895 3465 1005 3549 quales
1029 3466 1171 3549 quotque
1199 3465 1265 3529 sint

120 3591 245 3653 quoque
273 3571 369 3637 modo
398 3572 482 3637 inter
511 3594 545 3636 se
579 3571 735 3654 habeant,
767 3571 828 3636 tibi
852 3572 1013 3654 explicare
1040 3591 1171 3635 neeesse
1195 3572 1265 3654 erit,

119 3675 293 3742 dummodo
325 3678 407 3743 nihil
440 3701 565 3756 eorum,
602 3700 683 3762 quae
721 3677 887 3762 pollicitus
922 3700 970 3760 es,
1006 3677 1264 3762 praetermittere

120 3781 210 3847 velis.
261 3783 367 3868 Atque
399 3785 499 3850 etiam
533 3785 666 3850 morbus
697 3785 797 3850 animi
830 3783 981 3848 similiter
1012 3783 1264 3867 inaequabilitaa

119 3889 279 3974 quaedam
303 3890 366 3954 erit
383 3893 417 3953 ot
438 3890 600 3956 discordia
618 3891 790 3956 earundem
814 3890 930 3955 harum
953 3889 1037 3954 inter
1061 3913 1094 3954 se
1113 3891 1265 3974 partium,

121 4018 258 4081 quarum
300 3996 515 4081 aequabilitas
552 3998 654 4063 animi
697 3998 819 4062 sanitas
861 4019 931 4062 esse
967 3997 1147 4081 dicebatur3
1190 4001 1265 4062 aunt

119 4105 229 4168 autem
252 4104 313 4168 hae
336 4107 446 4187 partes
470 4126 508 4169 ex
531 4103 678 4170 Platonis
702 4105 863 4168 sententia
884 4102 1070 4187 irascibilis,
1092 4103 1263 4166 rationalis

118 4232 264 4296 quaeque
287 4211 386 4276 tertia
409 4209 459 4276 his
483 4211 616 4294 accedit,
639 4209 918 4294 concupiscibilis,
941 4215 978 4274 ut
1001 4213 1034 4272 et
1057 4209 1208 4274 sanitatis
1232 4213 1265 4272 et

119 4318 226 4384 morbi
254 4318 355 4384 animi
384 4318 585 4402 comparatio
612 4340 685 4382 eum
709 4339 842 4402 corpore
870 4317 903 4380 in
932 4315 1082 4380 omnibus
1111 4319 1264 4380 servetur.

119 4421 367 4490 Consentientes
392 4425 478 4490 enim
505 4425 590 4489 inter
613 4447 647 4490 se
675 4424 737 4488 hae
760 4428 827 4488 tres
855 4427 965 4506 partes
993 4421 1145 4506 nullaque
1172 4422 1207 4487 in
1229 4444 1263 4486 re

174 4539 296 4582 Gelenius
311 4540 371 4580 Pho.
385 4539 442 4579 aaa
456 4543 478 4578 et
493 4539 599 4586 Hippoor.
614 4540 675 4579 libri.
1017 4531 1050 4580 27
