3212 5146
582 453 622 462 --
670 413 733 480 om
780 451 824 462 -

129 571 191 658 τὴν
209 570 314 658 φύσιν
334 572 423 640 ἐστὶν
442 569 539 658 άέρος
559 573 614 639 καὶ
639 569 771 654 ὕδατος,
794 569 839 649 ὡς
857 571 911 638 καὶ
932 570 937 659 Ι
958 569 1102 638 Πλάτων
1125 565 1216 638 εἶπεν
1239 569 1342 643 &vom

134 685 260 769 Τιμαίῳ
288 677 370 746 κατὰ
397 678 497 766 τήνδε
524 677 586 765 τὴν
617 680 728 764 ῥῆσιν·
757 676 1036 766 ’μεταβάλλοντος
1063 675 1127 764 γάρ
1154 674 1276 756 ὕδατος

131 787 190 865 ‘ele
212 781 292 872 άέρα
316 782 414 872 άέρος
435 811 470 854 τε
499 790 545 865 εἰς
572 783 665 871 ὕδωρ
690 785 727 852 έν
753 787 797 876 τῷ
825 781 946 871 μεταξὺ
973 781 1152 870 γεγόνασιν
1176 779 1275 870 ὀδμαὶ

131 890 329 978 Ἓύμπασαιῖ
375 893 463 977 λέγει
491 893 528 960 δὲ
555 891 610 960 καὶ
633 891 707 978 περὶ
730 894 792 958 τοῦ
817 895 875 978 τῆς
903 883 1010 971 ὄντας
1034 887 1197 976 ὀργάνου,
1225 887 1275 956 ὅτι

129 997 236 1085 πυρός
259 1000 325 1066 ἐστι
354 1002 415 1066 τοῦ
437 996 679 1086 καθαρωτάτου
707 999 840 1083 γένους,
871 995 952 1085 ὅπερ
979 993 1080 1075 αὐτὸς
1106 993 1216 1084 αὐγήν
1242 1017 1303 1063 τεο

130 1105 185 1172 καὶ
209 1108 280 1191 φῶς
303 1102 468 1193 ὀνομάζει,
492 1105 656 1191 διαφέρον
680 1103 851 1192 ἄνθρακάς
872 1131 907 1172 τε
935 1105 990 1171 καὶ
1013 1102 1148 1190 φλογός.
1193 1103 1276 1188 φησὶ

130 1214 215 1296 γοῦν
248 1211 343 1298 ’μετὰ
373 1211 410 1278 δὲ
441 1215 544 1280 ταῦτα
578 1215 631 1278 δεῖ
657 1225 765 1296 νοεῖν,
793 1209 843 1280 ὅτι
875 1210 981 1298 πυρός
1002 1236 1036 1276 τε
1065 1210 1144 1296 γένη
1172 1209 1276 1277 πολλὰ

131 1317 298 1403 (γέγονεν,
329 1312 404 1386 οἷον
431 1317 515 1404 φλὸξ
542 1316 580 1386 τό
607 1313 636 1385 τ’
667 1315 731 1386 άπὸ
761 1319 819 1403 τῆς
850 1316 976 1404 φλογὸς
1002 1313 1116 1402 άπιόν,
1143 1311 1161 1384 δ
1192 1321 1276 1384 καίει

133 1422 207 1510 ’μέν
231 1421 283 1510 οὔ,
307 1428 378 1512 φῶς
402 1425 437 1492 δὲ
460 1439 530 1504 τοῖς
553 1422 676 1512 ὄμμασι
699 1426 848 1511 παρέχει,
870 1423 909 1492 τό
933 1449 966 1491 τε
990 1421 1116 1510 φλογὸς
1138 1419 1277 1508 άποσβε-

132 1529 283 1614 ‘odelone
306 1531 343 1596 ἐν
369 1546 438 1610 τοῖς
469 1529 644 1618 διαπύροις
670 1529 951 1618 καταλειπόμενον
978 1527 1103 1598 adino?
1127 1527 1277 1597 τούτων
1293 1551 1318 1590 10

132 1625 196 1702 οὖν
219 1638 287 1702 τῶν
309 1641 412 1723 τριῶν
435 1641 544 1723 γενῶν
566 1636 603 1705 τὸ
627 1637 672 1724 μὴ
696 1651 794 1706 καῖον
817 1639 890 1724 μέν,
913 1634 958 1716 ὡς
980 1633 1081 1715 αὐτὸς
1104 1641 1183 1722 ἔφη,
1206 1639 1279 1721 φῶς

132 1739 169 1807 δὲ
191 1753 262 1819 τοῖς
289 1739 413 1828 ὄμμασι
440 1744 585 1830 παρέχον
613 1745 650 1812 έν
672 1748 717 1836 τῷ
741 1747 798 1830 τῆς
825 1743 933 1824 ὅψεως
960 1740 1093 1833 ὀργάνῳ
1123 1741 1278 1810 πλεῖστόν

133 1848 235 1931 ἐστιν,
258 1843 303 1927 ὦς
324 1849 379 1916 καὶ
402 1852 500 1916 τοῦτο
524 1849 626 1918 πάλιν
649 1847 750 1931 αὐτὸς
773 1850 940 1938 ἐδήλωσεν
964 1851 1001 1916 έν
1028 1845 1136 1939 ταύτῷ
1160 1854 1278 1938 βιβλίῳ

134 1957 192 2044 [τῷ
220 1960 359 2046 Τιμαίῳ]
378 1953 465 2022 ’κατὰ
488 1955 590 2043 τήνδε
612 1957 674 2044 τὴν
697 1960 807 2045 ῥῆσιν·
838 1960 922 2025 ‘reio
945 1953 976 2024 δ’
1008 1953 1165 2042 ὀργάνων
1192 1958 1279 2040 πρῶ-

133 2061 204 2127 *τον
226 2059 287 2146 μὲν
310 2061 476 2150 φωσφόρα
496 2062 773 2150 ξυνετεκτήναντο
793 2061 922 2151 ὄμματα
944 2065 1056 2152 τοιᾷδε
1080 2060 1319 2148 ένδήσαντεςισ

170 2220 277 2276 1ΡΙοΙι
292 2221 364 2276 Tim
383 2222 554 2291 ]..-)66Ε
574 2229 589 2276 2
610 2216 1099 2312 μετάτήνδεΜΑΒΟοΚαατάτ.
1119 2219 1169 2275 FP
1184 2219 1277 2288 Corne

134 2291 167 2346 of.
186 2292 271 2346 Proll.
291 2311 319 2362 p
340 2241 460 2348 104¹.-
425 2243 628 2363 -3ὀδμαῑμ
623 2295 712 2348 πᾶσαι
724 2247 820 2348 FP'
806 2313 830 2348 o.
849 2289 994 2363 σύμπασαι
1013 2289 1190 2358 ΜΑΒΟδΚς
1215 2264 1279 2362 pori

134 2359 284 2431 γεγόνασιν
308 2363 442 2452 expidieee
462 2364 573 2418 videtur
593 2363 648 2418 εἰσι·
664 2385 754 2420 τε.-
722 2363 999 2452 -5γένρυΑ.-
969 2362 1128 2417 -rTim.
1135 2381 1174 2445 p.
1195 2362 1277 2418 580.

134 2465 166 2472 -
186 2453 215 2488 τε
235 2437 300 2488 ante
322 2435 408 2518 γένη
410 2451 462 2489 om.
485 2435 595 2490 ΜΡ,-
562 2435 762 2505 -8γέγονεν
780 2437 828 2489 καὶ
844 2455 877 2489 τα
894 2431 974 2503 εξηε
990 2454 1097 2488 τουτων
1112 2453 1165 2486 ουν
1181 2436 1217 2518 (v
1234 2437 1277 2498 10)

133 2505 242 2557 FR-
258 2511 301 2589 ‘10
320 2501 469 2574 διαπύροις
487 2508 535 2560 καὶ
554 2507 648 2562 Μ.-
617 2507 756 2560 -τοῦτο
775 2506 868 2560 Μ.-
897 2514 927 2560 11
953 2507 1038 2574 τριῶν
1057 2505 1154 2572 πυρῶν
1178 2499 1209 2558 τδ
1228 2505 1278 2558 FP
1317 2503 1325 2516 ⁰

134 2596 174 2642 τρ.
192 2577 329 2644 μηνῶντ.
350 2577 497 2660 M.-.13
521 2571 537 2631 5
557 2578 708 2631 καὶτοῦτο
727 2577 806 2632 codd
826 2571 926 2632 edd.
908 2597 946 2641 ως
964 2598 989 2631 α
1009 2597 1032 2631 τ.
1052 2593 1101 2630 nos
1120 2575 1183 2630 coll.
1206 2575 1279 2630 infra

134 2665 160 2715 p.
181 2653 241 2714 629,
262 2653 356 2702 15.-
378 2655 411 2701 14
428 2648 466 2720 τῷ
488 2650 597 2721 Τιμαίῳ
617 2649 927 2732 uncipinclusimuea-
948 2643 1050 2702 τῶνδ’
1043 2642 1240 2734 ὀργάνωνκ,
1255 2667 1278 2702 τ.

133 2723 156 2772 λ.
176 2689 248 2772 Tini.
272 2737 299 2788 p.
319 2719 460 2804 4583-
487 2725 519 2772 15
538 2715 777 2804 τυνετειιτήναντο
801 2721 880 2775 codd.
899 2719 1016 2774 edd-
1040 2714 1076 2788 ὅμ
1047 2739 1157 2844 popum
1177 2719 1224 2772 nai
1244 2715 1278 2772 τά

135 2785 236 2857 εξῆς”
218 2809 281 2858 αχρι
300 2790 350 2843 τοῦ
366 2785 458 2874 μόνον
478 2785 548 2844 αότδ
568 2787 700 2859 καθαρὸν
719 2792 888 2861 διηθειν(μ
891 2797 981 2858 .628,
1002 2789 1068 2858 Ul?
1182 2787 1278 2843 τοιάδε

135 2859 282 2914 ΜΑΒμ-
305 2856 475 2922 ένδυσαντες
493 2863 529 2916 Μ.
551 2894 582 2902 -

135 3043 252 3106 equam
276 3027 334 3087 nat
335 3046 426 3088 uram
449 3049 508 3088 nm:
512 3029 579 3088 tum
604 3028 663 3108 esi,
686 3025 718 3088 id
743 3025 827 3109 quod
851 3023 950 3086 odiam
972 3022 1063 3086 Plato
1087 3023 1121 3086 in
1145 3023 1278 3088 Timaeo

135 3129 220 3192 huno
244 3130 278 3193 in
301 3130 433 3193 modum
457 3130 550 3194 dicit:
575 3129 831 3195 ‘Transeunie
855 3129 955 3192 enim
975 3151 1075 3212 aque
1097 3129 1136 3192 in
1155 3133 1279 3192 amem

136 3239 173 3298 et
202 3241 286 3300 adro
315 3237 354 3300 in
382 3258 517 3320 aquam
546 3236 659 3301 medii
689 3238 929 3302 exstiterunt
957 3235 1098 3301 odores
1126 3233 1278 3300 omnes?

134 3339 224 3404 Idem
256 3341 295 3404 de
328 3341 416 3405 visus
450 3342 664 3408 instrumento
696 3343 841 3427 loquitur
873 3343 969 3427 idque
997 3342 1083 3426 ignis
1112 3341 1279 3426 purissimi

135 3468 236 3531 genus
261 3469 331 3510 esse
355 3448 506 3530 affirmat,
529 3449 615 3532 quod
634 3450 703 3533 ipse
728 3449 931 3534 splendorem
952 3453 984 3511 et
1007 3449 1111 3512 lucem
1136 3448 1279 3531 appellat

137 3576 157 3616 a
188 3576 293 3636 pruno
326 3558 359 3618 ei
389 3554 522 3618 flamme
553 3556 738 3620 distantem.
794 3555 851 3620 Ait
883 3555 1012 3638 quidem
1045 3554 1153 3619 ‘Posi
1185 3554 1279 3618 haec

136 3660 457 3724 considerandum
489 3663 548 3724 est
575 3665 614 3725 et
644 3663 748 3746 ignis
777 3683 918 3747 genera
950 3661 1071 3724 multa
1108 3683 1206 3743 esse,
1238 3664 1280 3725 ui

136 3764 330 3830 flammam
368 3767 545 3850 quodque
583 3791 602 3830 a
642 3768 801 3832 flamma
841 3767 1019 3850 procedit
1055 3789 1129 3832 non
1165 3789 1279 3830 urens

135 3870 234 3935 illud
267 3873 433 3956 quidem,
466 3875 529 3938 sed
562 3874 683 3938 lueem
716 3875 839 3941 oeulis
876 3873 1080 3958 praebenei,
1113 3875 1150 3936 et
1181 3873 1279 3957 quod

135 3977 293 4043 flammo
312 3980 508 4044 exstineto
526 3981 565 4046 in
584 3981 724 4065 ignitis
740 3981 970 4064 corporibus
990 3979 1185 4043 residuum
1200 3977 1279 4042 eso'

135 4084 186 4148 Ex
204 4083 256 4148 hie
276 4085 382 4150 tribus
401 4088 583 4172 generibus,
602 4085 768 4170 quodmon
788 4087 863 4170 urii,
881 4091 918 4150 ui
936 4087 1006 4170 ipse
1026 4086 1082 4168 ait,
1101 4085 1156 4149 sed
1174 4085 1279 4149 lucem

136 4191 239 4256 oeulis
271 4192 421 4275 praebet,
457 4192 492 4256 in
529 4194 617 4258 visus
650 4192 867 4259 instrumento
903 4193 1078 4278 plurimum
1110 4191 1279 4275 reperitur,

136 4298 406 4381 quemadmodum
431 4302 464 4361 et
485 4297 548 4361 hoc
572 4319 682 4361 rursus
707 4298 740 4361 in
764 4299 877 4363 eodem
904 4298 988 4363 libro
1017 4299 1064 4362 ita
1092 4297 1279 4381 explicavit:

137 4403 505 4469 ‘Instrumentorum
550 4406 677 4468 autem
715 4403 878 4486 primum
920 4404 1106 4469 luciferos
1144 4403 1279 4469 oculos

1012 4511 1067 4560 ιο·
