<?xml version="1.0" encoding="UTF-8"?>
<!DOCTYPE html PUBLIC "-//W3C//DTD XHTML 1.0 Transitional//EN"
    "http://www.w3.org/TR/xhtml1/DTD/xhtml1-transitional.dtd">
<html xmlns="http://www.w3.org/1999/xhtml" xml:lang="en" lang="en">
 <head>
  <title>
</title>
<meta http-equiv="Content-Type" content="text/html;charset=utf-8" />
  <meta name='ocr-system' content='tesseract 3.04.00' />
  <meta name='ocr-capabilities' content='ocr_page ocr_carea ocr_par ocr_line ocrx_word'/>
</head>
<body>
  <div class='ocr_page' id='page_1' title='image "./claudiigalenide02mlgoog/claudiigalenide02mlgoog_0053.png"; bbox 0 0 3246 5148; ppageno 0'>
   <div class='ocr_carea' id='block_1_1' title="bbox 825 423 1043 493">
    <p class='ocr_par' dir='ltr' id='par_1_1' title="bbox 825 423 1043 493">
     <span class='ocr_line' id='line_1_1' title="bbox 825 423 1043 493; baseline 0.009 -21"><span class='ocrx_word' id='word_1_1' title='bbox 825 423 1043 493; x_wconf 44' lang='lat' dir='ltr'>hgss...</span> 
     </span>
    </p>
   </div>
   <div class='ocr_carea' id='block_1_2' title="bbox 359 583 1513 4505">
    <p class='ocr_par' dir='ltr' id='par_1_2' title="bbox 359 583 1513 4505">
     <span class='ocr_line' id='line_1_2' title="bbox 451 583 1513 672; baseline 0 -21"><span class='ocrx_word' id='word_1_2' title='bbox 451 583 616 652; x_wconf 79' lang='lat' dir='ltr'>Vitiorum</span> <span class='ocrx_word' id='word_1_3' title='bbox 639 608 741 672; x_wconf 83' lang='lat' dir='ltr'>genus</span> <span class='ocrx_word' id='word_1_4' title='bbox 763 593 908 670; x_wconf 79' lang='lat' dir='ltr'>qrcortum</span> <span class='ocrx_word' id='word_1_5' title='bbox 930 588 1028 652; x_wconf 78' lang='lat' dir='ltr'>tertio</span> <span class='ocrx_word' id='word_1_6' title='bbox 1053 587 1251 654; x_wconf 84' lang='lat' dir='ltr'>contrarium</span> <span class='ocrx_word' id='word_1_7' title='bbox 1274 592 1337 670; x_wconf 82' lang='lat' dir='ltr'>est3</span> <span class='ocrx_word' id='word_1_8' title='bbox 1367 589 1513 653; x_wconf 83' lang='lat' dir='ltr'>cernitur</span> 
     </span>
     <span class='ocr_line' id='line_1_3' title="bbox 362 693 1512 769; baseline 0.001 -14"><span class='ocrx_word' id='word_1_9' title='bbox 362 694 448 758; x_wconf 83' lang='lat' dir='ltr'>enim</span> <span class='ocrx_word' id='word_1_10' title='bbox 472 694 505 758; x_wconf 91' lang='lat' dir='ltr'>in</span> <span class='ocrx_word' id='word_1_11' title='bbox 528 715 633 758; x_wconf 73' lang='lat' dir='ltr'>vocum</span> <span class='ocrx_word' id='word_1_12' title='bbox 655 696 830 758; x_wconf 77' lang='lat' dir='ltr'>adiectione.</span> <span class='ocrx_word' id='word_1_13' title='bbox 871 693 961 769; x_wconf 82' lang='lat' dir='ltr'>Quae</span> <span class='ocrx_word' id='word_1_14' title='bbox 984 694 1073 757; x_wconf 83' lang='lat' dir='ltr'>faeta</span> <span class='ocrx_word' id='word_1_15' title='bbox 1097 698 1147 758; x_wconf 86' lang='lat' dir='ltr'>est</span> <span class='ocrx_word' id='word_1_16' title='bbox 1171 699 1227 758; x_wconf 86' lang='lat' dir='ltr'>aut</span> <span class='ocrx_word' id='word_1_17' title='bbox 1250 694 1382 759; x_wconf 72' lang='lat' dir='ltr'>inscitia</span> <span class='ocrx_word' id='word_1_18' title='bbox 1406 698 1440 757; x_wconf 89' lang='lat' dir='ltr'>et</span> <span class='ocrx_word' id='word_1_19' title='bbox 1465 717 1512 757; x_wconf 82' lang='lat' dir='ltr'>cr-</span> 
     </span>
     <span class='ocr_line' id='line_1_4' title="bbox 362 800 1511 885; baseline 0 -23"><span class='ocrx_word' id='word_1_20' title='bbox 362 823 434 864; x_wconf 83' lang='lat' dir='ltr'>rora</span> <span class='ocrx_word' id='word_1_21' title='bbox 470 801 693 884; x_wconf 86' lang='lat' dir='ltr'>librariorum,</span> <span class='ocrx_word' id='word_1_22' title='bbox 727 802 816 866; x_wconf 84' lang='lat' dir='ltr'>velut</span> <span class='ocrx_word' id='word_1_23' title='bbox 848 823 921 864; x_wconf 88' lang='lat' dir='ltr'>cum</span> <span class='ocrx_word' id='word_1_24' title='bbox 958 800 1009 864; x_wconf 87' lang='lat' dir='ltr'>bis</span> <span class='ocrx_word' id='word_1_25' title='bbox 1042 800 1255 884; x_wconf 82' lang='lat' dir='ltr'>scripserunt,</span> <span class='ocrx_word' id='word_1_26' title='bbox 1292 801 1377 885; x_wconf 90' lang='lat' dir='ltr'>quod</span> <span class='ocrx_word' id='word_1_27' title='bbox 1410 801 1511 864; x_wconf 81' lang='lat' dir='ltr'>semol</span> 
     </span>
     <span class='ocr_line' id='line_1_5' title="bbox 361 907 1513 991; baseline -0.001 -21"><span class='ocrx_word' id='word_1_28' title='bbox 361 907 567 971; x_wconf 84' lang='lat' dir='ltr'>scribendum</span> <span class='ocrx_word' id='word_1_29' title='bbox 585 911 669 991; x_wconf 87' lang='lat' dir='ltr'>erat,</span> <span class='ocrx_word' id='word_1_30' title='bbox 692 907 743 970; x_wconf 89' lang='lat' dir='ltr'>vel</span> <span class='ocrx_word' id='word_1_31' title='bbox 767 907 891 991; x_wconf 88' lang='lat' dir='ltr'>aliquid</span> <span class='ocrx_word' id='word_1_32' title='bbox 909 929 927 970; x_wconf 89' lang='lat' dir='ltr'>e</span> <span class='ocrx_word' id='word_1_33' title='bbox 946 907 1093 991; x_wconf 81' lang='lat' dir='ltr'>margine</span> <span class='ocrx_word' id='word_1_34' title='bbox 1117 907 1151 970; x_wconf 87' lang='lat' dir='ltr'>in</span> <span class='ocrx_word' id='word_1_35' title='bbox 1168 911 1294 971; x_wconf 83' lang='lat' dir='ltr'>textum</span> <span class='ocrx_word' id='word_1_36' title='bbox 1312 912 1513 990; x_wconf 81' lang='lat' dir='ltr'>receperunt.</span> 
     </span>
     <span class='ocr_line' id='line_1_6' title="bbox 362 1013 1511 1097; baseline -0.001 -19"><span class='ocrx_word' id='word_1_37' title='bbox 362 1018 419 1078; x_wconf 81' lang='lat' dir='ltr'>aut</span> <span class='ocrx_word' id='word_1_38' title='bbox 441 1014 519 1077; x_wconf 86' lang='lat' dir='ltr'>data</span> <span class='ocrx_word' id='word_1_39' title='bbox 542 1036 640 1097; x_wconf 87' lang='lat' dir='ltr'>opera</span> <span class='ocrx_word' id='word_1_40' title='bbox 659 1037 733 1078; x_wconf 88' lang='lat' dir='ltr'>eum</span> <span class='ocrx_word' id='word_1_41' title='bbox 751 1014 825 1078; x_wconf 86' lang='lat' dir='ltr'>aliis</span> <span class='ocrx_word' id='word_1_42' title='bbox 844 1014 883 1077; x_wconf 88' lang='lat' dir='ltr'>de</span> <span class='ocrx_word' id='word_1_43' title='bbox 903 1013 1009 1078; x_wconf 83' lang='lat' dir='ltr'>causis</span> <span class='ocrx_word' id='word_1_44' title='bbox 1029 1017 1098 1076; x_wconf 89' lang='lat' dir='ltr'>tum</span> <span class='ocrx_word' id='word_1_45' title='bbox 1122 1014 1274 1096; x_wconf 82' lang='lat' dir='ltr'>maxime,</span> <span class='ocrx_word' id='word_1_46' title='bbox 1298 1014 1326 1077; x_wconf 86' lang='lat' dir='ltr'>si</span> <span class='ocrx_word' id='word_1_47' title='bbox 1350 1014 1511 1077; x_wconf 75' lang='lat' dir='ltr'>orationis</span> 
     </span>
     <span class='ocr_line' id='line_1_7' title="bbox 362 1119 1512 1204; baseline 0 -22"><span class='ocrx_word' id='word_1_48' title='bbox 362 1120 652 1184; x_wconf 77' lang='lat' dir='ltr'>conformationem</span> <span class='ocrx_word' id='word_1_49' title='bbox 693 1143 760 1185; x_wconf 91' lang='lat' dir='ltr'>non</span> <span class='ocrx_word' id='word_1_50' title='bbox 799 1121 1035 1185; x_wconf 68' lang='lat' dir='ltr'>intellexerant.</span> <span class='ocrx_word' id='word_1_51' title='bbox 1092 1119 1360 1204; x_wconf 84' lang='lat' dir='ltr'>Interpolationis</span> <span class='ocrx_word' id='word_1_52' title='bbox 1402 1125 1512 1183; x_wconf 78' lang='lat' dir='ltr'>autern</span> 
     </span>
     <span class='ocr_line' id='line_1_8' title="bbox 361 1226 1511 1310; baseline -0.006 -18"><span class='ocrx_word' id='word_1_53' title='bbox 361 1239 551 1310; x_wconf 77' lang='lat' dir='ltr'>cpiacrmque</span> <span class='ocrx_word' id='word_1_54' title='bbox 579 1227 618 1290; x_wconf 89' lang='lat' dir='ltr'>de</span> <span class='ocrx_word' id='word_1_55' title='bbox 646 1249 744 1291; x_wconf 82' lang='lat' dir='ltr'>causa</span> <span class='ocrx_word' id='word_1_56' title='bbox 772 1231 863 1290; x_wconf 88' lang='lat' dir='ltr'>ortae</span> <span class='ocrx_word' id='word_1_57' title='bbox 891 1226 1038 1309; x_wconf 84' lang='lat' dir='ltr'>exempla</span> <span class='ocrx_word' id='word_1_58' title='bbox 1064 1249 1130 1290; x_wconf 92' lang='lat' dir='ltr'>non</span> <span class='ocrx_word' id='word_1_59' title='bbox 1158 1249 1263 1310; x_wconf 87' lang='lat' dir='ltr'>pauca</span> <span class='ocrx_word' id='word_1_60' title='bbox 1290 1226 1411 1290; x_wconf 81' lang='lat' dir='ltr'>Aldina</span> <span class='ocrx_word' id='word_1_61' title='bbox 1436 1249 1511 1308; x_wconf 83' lang='lat' dir='ltr'>sup—</span> 
     </span>
     <span class='ocr_line' id='line_1_9' title="bbox 361 1331 1512 1416; baseline -0.001 -21"><span class='ocrx_word' id='word_1_62' title='bbox 361 1333 500 1416; x_wconf 81' lang='lat' dir='ltr'>peditat,</span> <span class='ocrx_word' id='word_1_63' title='bbox 518 1355 600 1416; x_wconf 89' lang='lat' dir='ltr'>quae</span> <span class='ocrx_word' id='word_1_64' title='bbox 620 1333 740 1398; x_wconf 83' lang='lat' dir='ltr'>codicia</span> <span class='ocrx_word' id='word_1_65' title='bbox 761 1333 794 1396; x_wconf 87' lang='lat' dir='ltr'><strong>M</strong></span> <span class='ocrx_word' id='word_1_66' title='bbox 814 1355 875 1416; x_wconf 89' lang='lat' dir='ltr'>ope</span> <span class='ocrx_word' id='word_1_67' title='bbox 894 1331 1058 1396; x_wconf 86' lang='lat' dir='ltr'>emendari</span> <span class='ocrx_word' id='word_1_68' title='bbox 1076 1332 1173 1395; x_wconf 85' lang='lat' dir='ltr'>facile</span> <span class='ocrx_word' id='word_1_69' title='bbox 1194 1337 1340 1415; x_wconf 81' lang='lat' dir='ltr'>possunt.</span> <span class='ocrx_word' id='word_1_70' title='bbox 1376 1332 1412 1396; x_wconf 89' lang='lat' dir='ltr'>P.</span> <span class='ocrx_word' id='word_1_71' title='bbox 1431 1333 1512 1396; x_wconf 66' lang='lat'>329:</span> 
     </span>
     <span class='ocr_line' id='line_1_10' title="bbox 361 1432 1512 1523; baseline 0 -19"><span class='ocrx_word' id='word_1_72' title='bbox 361 1436 429 1504; x_wconf 77' lang='grc' dir='ltr'><strong><em>ἐπεὶ</em></strong></span> <span class='ocrx_word' id='word_1_73' title='bbox 460 1433 491 1501; x_wconf 93' lang='grc' dir='ltr'>δ’</span> <span class='ocrx_word' id='word_1_74' title='bbox 524 1432 695 1517; x_wconf 76' lang='grc' dir='ltr'><strong><em>ἀποδεῖξαι</em></strong></span> <span class='ocrx_word' id='word_1_75' title='bbox 725 1436 786 1523; x_wconf 74' lang='grc' dir='ltr'>μὲν</span> <span class='ocrx_word' id='word_1_76' title='bbox 821 1433 882 1504; x_wconf 84' lang='grc' dir='ltr'><strong><em>οὐκ</em></strong></span> <span class='ocrx_word' id='word_1_77' title='bbox 915 1437 1124 1523; x_wconf 79' lang='grc' dir='ltr'><strong><em>ἐπεχείρησεν</em></strong></span> <span class='ocrx_word' id='word_1_78' title='bbox 1154 1436 1212 1522; x_wconf 81' lang='lat' dir='ltr'>(sc.</span> <span class='ocrx_word' id='word_1_79' title='bbox 1243 1433 1260 1503; x_wconf 88' lang='grc' dir='ltr'><strong><em>ό</em></strong></span> <span class='ocrx_word' id='word_1_80' title='bbox 1292 1435 1512 1523; x_wconf 65' lang='grc' dir='ltr'><strong><em>Χρόσιπποςλ.</em></strong></span> 
     </span>
     <span class='ocr_line' id='line_1_11' title="bbox 360 1539 1513 1631; baseline 0.001 -23"><span class='ocrx_word' id='word_1_81' title='bbox 360 1540 552 1628; x_wconf 83' lang='grc' dir='ltr'><strong><em>ἀπεφήνατο</em></strong></span> <span class='ocrx_word' id='word_1_82' title='bbox 581 1543 618 1610; x_wconf 74' lang='grc' dir='ltr'>δὲ</span> <span class='ocrx_word' id='word_1_83' title='bbox 646 1542 768 1630; x_wconf 82' lang='grc' dir='ltr'><strong><em>μόνον,</em></strong></span> <span class='ocrx_word' id='word_1_84' title='bbox 799 1539 892 1629; x_wconf 81' lang='grc' dir='ltr'><em>ἡμεῖς</em></span> <span class='ocrx_word' id='word_1_85' title='bbox 920 1542 956 1608; x_wconf 75' lang='grc' dir='ltr'>δὲ</span> <span class='ocrx_word' id='word_1_86' title='bbox 983 1541 1134 1628; x_wconf 80' lang='grc' dir='ltr'><strong><em>πρόσθεν</em></strong></span> <span class='ocrx_word' id='word_1_87' title='bbox 1161 1541 1232 1628; x_wconf 74' lang='grc' dir='ltr'>μὲν</span> <span class='ocrx_word' id='word_1_88' title='bbox 1253 1540 1317 1628; x_wconf 86' lang='grc' dir='ltr'>ῆδη</span> <span class='ocrx_word' id='word_1_89' title='bbox 1345 1541 1513 1631; x_wconf 76' lang='grc' dir='ltr'><strong><em>περὶτῶν</em></strong></span> 
     </span>
     <span class='ocr_line' id='line_1_12' title="bbox 361 1640 1512 1735; baseline -0.001 -20"><span class='ocrx_word' id='word_1_90' title='bbox 361 1646 473 1716; x_wconf 76' lang='grc' dir='ltr'><strong><em>αὐτῶν</em></strong></span> <span class='ocrx_word' id='word_1_91' title='bbox 501 1645 717 1735; x_wconf 75' lang='grc' dir='ltr'><strong><em>ἀπεδείξαμεν</em></strong></span> <span class='ocrx_word' id='word_1_92' title='bbox 746 1689 786 1697; x_wconf 95' lang='grc'>-</span> <span class='ocrx_word' id='word_1_93' title='bbox 814 1649 869 1716; x_wconf 79' lang='grc' dir='ltr'><strong><em>καὶ</em></strong></span> <span class='ocrx_word' id='word_1_94' title='bbox 900 1645 956 1714; x_wconf 82' lang='grc' dir='ltr'>διὰ</span> <span class='ocrx_word' id='word_1_95' title='bbox 985 1650 1053 1715; x_wconf 81' lang='grc' dir='ltr'>τῶν</span> <span class='ocrx_word' id='word_1_96' title='bbox 1077 1649 1193 1734; x_wconf 79' lang='grc' dir='ltr'><strong><em>ἐφεξῆς</em></strong></span> <span class='ocrx_word' id='word_1_97' title='bbox 1216 1647 1254 1715; x_wconf 76' lang='grc' dir='ltr'>δὲ</span> <span class='ocrx_word' id='word_1_98' title='bbox 1281 1645 1383 1716; x_wconf 74' lang='grc' dir='ltr'><strong><em>οὐδὲν</em></strong></span> <span class='ocrx_word' id='word_1_99' title='bbox 1411 1640 1512 1735; x_wconf 80' lang='grc' dir='ltr'><strong><em>ῆττον</em></strong></span> 
     </span>
     <span class='ocr_line' id='line_1_13' title="bbox 361 1751 1512 1842; baseline 0 -20"><span class='ocrx_word' id='word_1_100' title='bbox 361 1752 595 1842; x_wconf 64' lang='grc' dir='ltr'><strong><em>όποδειξομεν,</em></strong></span> <span class='ocrx_word' id='word_1_101' title='bbox 623 1751 730 1822; x_wconf 76' lang='grc' dir='ltr'><strong><em>οὐκέτ’</em></strong></span> <span class='ocrx_word' id='word_1_102' title='bbox 762 1751 805 1822; x_wconf 84' lang='grc' dir='ltr'>διν</span> <span class='ocrx_word' id='word_1_103' title='bbox 833 1753 924 1841; x_wconf 84' lang='grc' dir='ltr'><strong><em>οἶμαι</em></strong></span> <span class='ocrx_word' id='word_1_104' title='bbox 954 1758 1086 1821; x_wconf 91' lang='grc' dir='ltr'><strong><em>δίκαιον</em></strong></span> <span class='ocrx_word' id='word_1_105' title='bbox 1108 1752 1193 1821; x_wconf 83' lang='grc' dir='ltr'><strong><em>εἶναι</em></strong></span> <span class='ocrx_word' id='word_1_106' title='bbox 1220 1769 1291 1834; x_wconf 83' lang='grc' dir='ltr'><strong><em>τοῖς</em></strong></span> <span class='ocrx_word' id='word_1_107' title='bbox 1314 1761 1512 1841; x_wconf 86' lang='grc' dir='ltr'><strong><em>Χρυσίππου</em></strong></span> 
     </span>
     <span class='ocr_line' id='line_1_14' title="bbox 361 1859 1511 1948; baseline -0.003 -19"><span class='ocrx_word' id='word_1_108' title='bbox 361 1860 529 1930; x_wconf 79' lang='grc' dir='ltr'><strong><em>πιστεύειν</em></strong></span> <span class='ocrx_word' id='word_1_109' title='bbox 552 1861 726 1948; x_wconf 84' lang='grc' dir='ltr'><strong><em>δόγμασιν.</em></strong></span> <span class='ocrx_word' id='word_1_110' title='bbox 762 1865 929 1929; x_wconf 85' lang='lat' dir='ltr'>Particula</span> <span class='ocrx_word' id='word_1_111' title='bbox 951 1862 1014 1947; x_wconf 79' lang='grc' dir='ltr'>μέν</span> <span class='ocrx_word' id='word_1_112' title='bbox 1035 1868 1111 1946; x_wconf 77' lang='lat' dir='ltr'>post</span> <span class='ocrx_word' id='word_1_113' title='bbox 1133 1859 1284 1946; x_wconf 84' lang='grc' dir='ltr'><strong><em>πρόσθεν</em></strong></span> <span class='ocrx_word' id='word_1_114' title='bbox 1306 1865 1341 1928; x_wconf 90' lang='lat' dir='ltr'>in</span> <span class='ocrx_word' id='word_1_115' title='bbox 1359 1863 1394 1928; x_wconf 90' lang='lat' dir='ltr'><strong>M</strong></span> <span class='ocrx_word' id='word_1_116' title='bbox 1419 1865 1511 1928; x_wconf 78' lang='lat' dir='ltr'>abest</span> 
     </span>
     <span class='ocr_line' id='line_1_15' title="bbox 360 1971 1509 2055; baseline -0.002 -19"><span class='ocrx_word' id='word_1_117' title='bbox 360 1971 520 2055; x_wconf 85' lang='lat' dir='ltr'>facileque</span> <span class='ocrx_word' id='word_1_118' title='bbox 552 1993 590 2034; x_wconf 90' lang='lat' dir='ltr'>ea</span> <span class='ocrx_word' id='word_1_119' title='bbox 623 1994 769 2034; x_wconf 82' lang='lat' dir='ltr'>caremus</span> <span class='ocrx_word' id='word_1_120' title='bbox 799 1972 940 2034; x_wconf 84' lang='lat' dir='ltr'>fortusse</span> <span class='ocrx_word' id='word_1_121' title='bbox 972 1971 1095 2034; x_wconf 87' lang='lat' dir='ltr'>inserta</span> <span class='ocrx_word' id='word_1_122' title='bbox 1126 1973 1260 2054; x_wconf 82' lang='lat' dir='ltr'>propter</span> <span class='ocrx_word' id='word_1_123' title='bbox 1289 1992 1427 2054; x_wconf 84' lang='lat' dir='ltr'>sequens</span> <span class='ocrx_word' id='word_1_124' title='bbox 1457 1971 1509 2036; x_wconf 79' lang='lat' dir='ltr'>uui</span> 
     </span>
     <span class='ocr_line' id='line_1_16' title="bbox 361 2072 1510 2160; baseline -0.001 -19"><span class='ocrx_word' id='word_1_125' title='bbox 361 2072 417 2142; x_wconf 82' lang='grc' dir='ltr'>διὰ</span> <span class='ocrx_word' id='word_1_126' title='bbox 444 2077 511 2141; x_wconf 78' lang='grc' dir='ltr'>τῶν</span> <span class='ocrx_word' id='word_1_127' title='bbox 539 2075 655 2160; x_wconf 79' lang='grc' dir='ltr'><strong><em>ἑφεξῆς</em></strong></span> <span class='ocrx_word' id='word_1_128' title='bbox 683 2076 729 2142; x_wconf 79' lang='grc' dir='ltr'>δέ.</span> <span class='ocrx_word' id='word_1_129' title='bbox 778 2077 890 2141; x_wconf 84' lang='lat' dir='ltr'>Etiam</span> <span class='ocrx_word' id='word_1_130' title='bbox 918 2076 975 2140; x_wconf 91' lang='lat' dir='ltr'>alii</span> <span class='ocrx_word' id='word_1_131' title='bbox 1004 2075 1069 2140; x_wconf 86' lang='lat' dir='ltr'>loci</span> <span class='ocrx_word' id='word_1_132' title='bbox 1102 2075 1237 2139; x_wconf 88' lang='lat' dir='ltr'>candem</span> <span class='ocrx_word' id='word_1_133' title='bbox 1264 2075 1465 2142; x_wconf 84' lang='lat' dir='ltr'>Particulam</span> <span class='ocrx_word' id='word_1_134' title='bbox 1494 2102 1510 2140; x_wconf 87' lang='lat' dir='ltr'>a</span> 
     </span>
     <span class='ocr_line' id='line_1_17' title="bbox 360 2181 1510 2269; baseline -0.002 -20"><span class='ocrx_word' id='word_1_135' title='bbox 360 2185 505 2250; x_wconf 80' lang='lat' dir='ltr'>librariis</span> <span class='ocrx_word' id='word_1_136' title='bbox 532 2184 695 2248; x_wconf 83' lang='lat' dir='ltr'>invectam</span> <span class='ocrx_word' id='word_1_137' title='bbox 723 2206 792 2247; x_wconf 83' lang='lat' dir='ltr'>esse</span> <span class='ocrx_word' id='word_1_138' title='bbox 821 2185 950 2266; x_wconf 84' lang='lat' dir='ltr'>docent,</span> <span class='ocrx_word' id='word_1_139' title='bbox 978 2183 1067 2246; x_wconf 84' lang='lat' dir='ltr'>velut</span> <span class='ocrx_word' id='word_1_140' title='bbox 1089 2205 1120 2265; x_wconf 90' lang='lat' dir='ltr'>p.</span> <span class='ocrx_word' id='word_1_141' title='bbox 1144 2181 1209 2246; x_wconf 73' lang='lat'>5¹15</span> <span class='ocrx_word' id='word_1_142' title='bbox 1232 2187 1308 2265; x_wconf 82' lang='lat' dir='ltr'>post</span> <span class='ocrx_word' id='word_1_143' title='bbox 1331 2184 1428 2269; x_wconf 83' lang='lat' dir='ltr'>med,</span> <span class='ocrx_word' id='word_1_144' title='bbox 1456 2186 1510 2248; x_wconf 81' lang='lat' dir='ltr'>ubi</span> 
     </span>
     <span class='ocr_line' id='line_1_18' title="bbox 360 2287 1512 2374; baseline -0.002 -18"><span class='ocrx_word' id='word_1_145' title='bbox 360 2291 468 2356; x_wconf 90' lang='lat' dir='ltr'>locum</span> <span class='ocrx_word' id='word_1_146' title='bbox 491 2313 508 2354; x_wconf 88' lang='grc' dir='ltr'>ε</span> <span class='ocrx_word' id='word_1_147' title='bbox 531 2290 679 2354; x_wconf 79' lang='lat' dir='ltr'>Platonis</span> <span class='ocrx_word' id='word_1_148' title='bbox 706 2290 840 2353; x_wconf 83' lang='lat' dir='ltr'>Timaeo</span> <span class='ocrx_word' id='word_1_149' title='bbox 864 2287 908 2372; x_wconf 81' lang='lat' dir='ltr'>(p.</span> <span class='ocrx_word' id='word_1_150' title='bbox 926 2287 1031 2374; x_wconf 66' lang='lat'><em>7013)</em></span> <span class='ocrx_word' id='word_1_151' title='bbox 1054 2288 1224 2352; x_wconf 86' lang='lat' dir='ltr'>laudatum</span> <span class='ocrx_word' id='word_1_152' title='bbox 1254 2289 1301 2352; x_wconf 88' lang='lat' dir='ltr'>sie</span> <span class='ocrx_word' id='word_1_153' title='bbox 1329 2290 1453 2354; x_wconf 89' lang='lat' dir='ltr'>Aldina</span> <span class='ocrx_word' id='word_1_154' title='bbox 1481 2300 1512 2353; x_wconf 83' lang='lat' dir='ltr'>ct</span> 
     </span>
     <span class='ocr_line' id='line_1_19' title="bbox 361 2389 1509 2480; baseline -0.003 -18"><span class='ocrx_word' id='word_1_155' title='bbox 361 2397 461 2462; x_wconf 87' lang='lat' dir='ltr'>Basil.</span> <span class='ocrx_word' id='word_1_156' title='bbox 484 2396 704 2461; x_wconf 86' lang='lat' dir='ltr'>reddiderunt:</span> <span class='ocrx_word' id='word_1_157' title='bbox 727 2391 789 2480; x_wconf 84' lang='grc' dir='ltr'>τῆν</span> <span class='ocrx_word' id='word_1_158' title='bbox 813 2392 849 2460; x_wconf 74' lang='grc' dir='ltr'>δὲ</span> <span class='ocrx_word' id='word_1_159' title='bbox 872 2395 1016 2478; x_wconf 77' lang='grc' dir='ltr'><strong><em>καρδίαν</em></strong></span> <span class='ocrx_word' id='word_1_160' title='bbox 1034 2389 1101 2477; x_wconf 80' lang='grc' dir='ltr'>ἅμα</span> <span class='ocrx_word' id='word_1_161' title='bbox 1120 2391 1190 2478; x_wconf 73' lang='grc' dir='ltr'>μὲν</span> <span class='ocrx_word' id='word_1_162' title='bbox 1207 2395 1275 2459; x_wconf 76' lang='grc' dir='ltr'>τῶν</span> <span class='ocrx_word' id='word_1_163' title='bbox 1298 2395 1435 2478; x_wconf 76' lang='grc' dir='ltr'><strong><em>φλεβῶν</em></strong></span> <span class='ocrx_word' id='word_1_164' title='bbox 1457 2394 1509 2460; x_wconf 78' lang='grc' dir='ltr'><strong><em>καὶ</em></strong></span> 
     </span>
     <span class='ocr_line' id='line_1_20' title="bbox 359 2496 1510 2588; baseline -0.003 -20"><span class='ocrx_word' id='word_1_165' title='bbox 359 2499 470 2588; x_wconf 78' lang='grc' dir='ltr'><strong><em>πηφῆν</em></strong></span> <span class='ocrx_word' id='word_1_166' title='bbox 488 2503 549 2568; x_wconf 86' lang='grc' dir='ltr'>τοῦ</span> <span class='ocrx_word' id='word_1_167' title='bbox 567 2500 831 2586; x_wconf 77' lang='grc' dir='ltr'><strong><em>περιφερομένου</em></strong></span> <span class='ocrx_word' id='word_1_168' title='bbox 849 2496 931 2566; x_wconf 80' lang='grc' dir='ltr'><strong><em>κατὰ</em></strong></span> <span class='ocrx_word' id='word_1_169' title='bbox 950 2497 1058 2564; x_wconf 83' lang='grc' dir='ltr'><strong><em>πάντα</em></strong></span> <span class='ocrx_word' id='word_1_170' title='bbox 1076 2497 1115 2564; x_wconf 84' lang='grc' dir='ltr'>τὰ</span> <span class='ocrx_word' id='word_1_171' title='bbox 1139 2500 1220 2586; x_wconf 81' lang='grc' dir='ltr'><strong><em>με’λη</em></strong></span> <span class='ocrx_word' id='word_1_172' title='bbox 1240 2502 1397 2585; x_wconf 77' lang='grc' dir='ltr'><strong><em>σφοδρῶς</em></strong></span> <span class='ocrx_word' id='word_1_173' title='bbox 1414 2503 1510 2586; x_wconf 81' lang='grc' dir='ltr'><strong><em>αἳμα-</em></strong></span> 
     </span>
     <span class='ocr_line' id='line_1_21' title="bbox 359 2607 1510 2693; baseline -0.003 -19"><span class='ocrx_word' id='word_1_174' title='bbox 359 2634 430 2691; x_wconf 85' lang='grc' dir='ltr'><strong><em>τος,</em></strong></span> <span class='ocrx_word' id='word_1_175' title='bbox 463 2631 660 2693; x_wconf 87' lang='lat' dir='ltr'>quamquam</span> <span class='ocrx_word' id='word_1_176' title='bbox 691 2631 746 2693; x_wconf 91' lang='lat' dir='ltr'>pp.</span> <span class='ocrx_word' id='word_1_177' title='bbox 778 2609 843 2672; x_wconf 77' lang='lat'>292</span> <span class='ocrx_word' id='word_1_178' title='bbox 877 2613 909 2672; x_wconf 89' lang='lat' dir='ltr'>et</span> <span class='ocrx_word' id='word_1_179' title='bbox 943 2609 1021 2691; x_wconf 79' lang='lat'>581,</span> <span class='ocrx_word' id='word_1_180' title='bbox 1053 2608 1108 2670; x_wconf 90' lang='lat' dir='ltr'>ubi</span> <span class='ocrx_word' id='word_1_181' title='bbox 1142 2609 1227 2672; x_wconf 87' lang='lat' dir='ltr'>idem</span> <span class='ocrx_word' id='word_1_182' title='bbox 1258 2608 1349 2671; x_wconf 87' lang='lat' dir='ltr'>locus</span> <span class='ocrx_word' id='word_1_183' title='bbox 1380 2607 1510 2688; x_wconf 87' lang='lat' dir='ltr'>citatur,</span> 
     </span>
     <span class='ocr_line' id='line_1_22' title="bbox 361 2704 1510 2798; baseline -0.002 -20"><span class='ocrx_word' id='word_1_184' title='bbox 361 2716 440 2779; x_wconf 91' lang='lat' dir='ltr'>illud</span> <span class='ocrx_word' id='word_1_185' title='bbox 470 2713 531 2798; x_wconf 81' lang='grc' dir='ltr'>μέν</span> <span class='ocrx_word' id='word_1_186' title='bbox 561 2718 647 2778; x_wconf 87' lang='lat' dir='ltr'>recte</span> <span class='ocrx_word' id='word_1_187' title='bbox 681 2715 874 2797; x_wconf 82' lang='lat' dir='ltr'>omiserunt,</span> <span class='ocrx_word' id='word_1_188' title='bbox 909 2717 942 2777; x_wconf 87' lang='lat' dir='ltr'>et</span> <span class='ocrx_word' id='word_1_189' title='bbox 969 2737 1000 2798; x_wconf 91' lang='lat' dir='ltr'>p.</span> <span class='ocrx_word' id='word_1_190' title='bbox 1032 2715 1095 2778; x_wconf 71' lang='lat'>728</span> <span class='ocrx_word' id='word_1_191' title='bbox 1130 2714 1173 2777; x_wconf 88' lang='lat' dir='ltr'>in.</span> <span class='ocrx_word' id='word_1_192' title='bbox 1203 2708 1315 2797; x_wconf 77' lang='grc' dir='ltr'><strong><em>ἐπειδὴ</em></strong></span> <span class='ocrx_word' id='word_1_193' title='bbox 1346 2710 1418 2797; x_wconf 75' lang='grc' dir='ltr'>μὲν</span> <span class='ocrx_word' id='word_1_194' title='bbox 1449 2704 1510 2779; x_wconf 78' lang='grc' dir='ltr'>οὖν</span> 
     </span>
     <span class='ocr_line' id='line_1_23' title="bbox 360 2815 1509 2904; baseline -0.002 -20"><span class='ocrx_word' id='word_1_195' title='bbox 360 2815 454 2904; x_wconf 82' lang='grc' dir='ltr'><strong><em>ἡμεῖς</em></strong></span> <span class='ocrx_word' id='word_1_196' title='bbox 477 2815 519 2885; x_wconf 82' lang='grc' dir='ltr'>οὐ</span> <span class='ocrx_word' id='word_1_197' title='bbox 542 2821 663 2902; x_wconf 86' lang='grc' dir='ltr'><strong><em>δεινοί,</em></strong></span> <span class='ocrx_word' id='word_1_198' title='bbox 687 2821 743 2885; x_wconf 91' lang='lat' dir='ltr'>ubi</span> <span class='ocrx_word' id='word_1_199' title='bbox 762 2820 874 2885; x_wconf 82' lang='lat' dir='ltr'>11ch</span> <span class='ocrx_word' id='word_1_200' title='bbox 892 2843 950 2884; x_wconf 85' lang='lat' dir='ltr'>nec</span> <span class='ocrx_word' id='word_1_201' title='bbox 970 2819 1059 2884; x_wconf 91' lang='lat' dir='ltr'>codd.</span> <span class='ocrx_word' id='word_1_202' title='bbox 1081 2819 1242 2884; x_wconf 87' lang='lat' dir='ltr'>Platonici</span> <span class='ocrx_word' id='word_1_203' title='bbox 1263 2857 1304 2866; x_wconf 89' lang='lat'>-</span> <span class='ocrx_word' id='word_1_204' title='bbox 1322 2842 1400 2885; x_wconf 90' lang='lat' dir='ltr'>nam</span> <span class='ocrx_word' id='word_1_205' title='bbox 1418 2821 1509 2885; x_wconf 77' lang='lat' dir='ltr'>locus</span> 
     </span>
     <span class='ocr_line' id='line_1_24' title="bbox 361 2923 1509 3014; baseline 0.001 -24"><span class='ocrx_word' id='word_1_206' title='bbox 361 2949 377 2990; x_wconf 92' lang='lat' dir='ltr'>e</span> <span class='ocrx_word' id='word_1_207' title='bbox 405 2927 483 3011; x_wconf 86' lang='lat' dir='ltr'>Rep.</span> <span class='ocrx_word' id='word_1_208' title='bbox 508 2925 552 3012; x_wconf 82' lang='lat' dir='ltr'>(p.</span> <span class='ocrx_word' id='word_1_209' title='bbox 575 2929 640 2992; x_wconf 79' lang='lat'>368</span> <span class='ocrx_word' id='word_1_210' title='bbox 656 2926 701 3014; x_wconf 86' lang='lat' dir='ltr'>D)</span> <span class='ocrx_word' id='word_1_211' title='bbox 725 2931 851 2990; x_wconf 82' lang='lat' dir='ltr'>sumtus</span> <span class='ocrx_word' id='word_1_212' title='bbox 879 2930 929 2990; x_wconf 85' lang='lat' dir='ltr'>est</span> <span class='ocrx_word' id='word_1_213' title='bbox 956 2963 998 2971; x_wconf 93' lang='lat'>—-</span> <span class='ocrx_word' id='word_1_214' title='bbox 1026 2923 1088 3009; x_wconf 82' lang='grc' dir='ltr'>μέν</span> <span class='ocrx_word' id='word_1_215' title='bbox 1116 2926 1273 3009; x_wconf 77' lang='lat' dir='ltr'>acriptum</span> <span class='ocrx_word' id='word_1_216' title='bbox 1298 2925 1429 2991; x_wconf 82' lang='lat' dir='ltr'>habent</span> <span class='ocrx_word' id='word_1_217' title='bbox 1478 2929 1509 2991; x_wconf 81' lang='lat' dir='ltr'>l‘.</span> 
     </span>
     <span class='ocr_line' id='line_1_25' title="bbox 360 3026 1509 3116; baseline 0.001 -18"><span class='ocrx_word' id='word_1_218' title='bbox 360 3035 423 3098; x_wconf 88' lang='grc'>331</span> <span class='ocrx_word' id='word_1_219' title='bbox 449 3035 530 3098; x_wconf 84' lang='lat' dir='ltr'>med.</span> <span class='ocrx_word' id='word_1_220' title='bbox 553 3032 608 3098; x_wconf 80' lang='grc' dir='ltr'><strong><em>καὶ</em></strong></span> <span class='ocrx_word' id='word_1_221' title='bbox 633 3028 689 3098; x_wconf 83' lang='grc' dir='ltr'>διὰ</span> <span class='ocrx_word' id='word_1_222' title='bbox 716 3035 784 3098; x_wconf 77' lang='grc' dir='ltr'>τῶν</span> <span class='ocrx_word' id='word_1_223' title='bbox 812 3031 885 3116; x_wconf 84' lang='grc' dir='ltr'><strong><em>ἑξῆς</em></strong></span> <span class='ocrx_word' id='word_1_224' title='bbox 912 3029 949 3096; x_wconf 70' lang='grc' dir='ltr'>δὲ</span> <span class='ocrx_word' id='word_1_225' title='bbox 972 3027 1066 3096; x_wconf 81' lang='grc' dir='ltr'><strong><em>κατὰ</em></strong></span> <span class='ocrx_word' id='word_1_226' title='bbox 1089 3026 1159 3096; x_wconf 86' lang='grc' dir='ltr'>τόν</span> <span class='ocrx_word' id='word_1_227' title='bbox 1180 3028 1413 3116; x_wconf 80' lang='grc' dir='ltr'><strong><em>παραπλήσιον</em></strong></span> <span class='ocrx_word' id='word_1_228' title='bbox 1434 3030 1509 3116; x_wconf 85' lang='grc' dir='ltr'><strong><em>τρό-</em></strong></span> 
     </span>
     <span class='ocr_line' id='line_1_26' title="bbox 359 3134 1509 3226; baseline 0 -21"><span class='ocrx_word' id='word_1_229' title='bbox 359 3164 426 3205; x_wconf 93' lang='grc' dir='ltr'><strong><em>πον</em></strong></span> <span class='ocrx_word' id='word_1_230' title='bbox 445 3134 506 3206; x_wconf 88' lang='grc' dir='ltr'><strong><em>οὐκ</em></strong></span> <span class='ocrx_word' id='word_1_231' title='bbox 525 3136 721 3204; x_wconf 81' lang='grc' dir='ltr'><strong><em>αἰσθάνεται</em></strong></span> <span class='ocrx_word' id='word_1_232' title='bbox 741 3135 1007 3220; x_wconf 81' lang='grc' dir='ltr'><strong><em>κατασκευάζων,</em></strong></span> <span class='ocrx_word' id='word_1_233' title='bbox 1030 3134 1075 3216; x_wconf 78' lang='grc' dir='ltr'>ὡς</span> <span class='ocrx_word' id='word_1_234' title='bbox 1093 3137 1130 3202; x_wconf 81' lang='grc' dir='ltr'>ἐν</span> <span class='ocrx_word' id='word_1_235' title='bbox 1148 3139 1187 3224; x_wconf 82' lang='grc' dir='ltr'>τῆ</span> <span class='ocrx_word' id='word_1_236' title='bbox 1206 3140 1326 3226; x_wconf 79' lang='grc' dir='ltr'><strong><em>καρδίᾳ</em></strong></span> <span class='ocrx_word' id='word_1_237' title='bbox 1344 3135 1381 3204; x_wconf 88' lang='grc' dir='ltr'>τὸ</span> <span class='ocrx_word' id='word_1_238' title='bbox 1401 3145 1509 3224; x_wconf 64' lang='lat' dir='ltr'>topo-</span> 
     </span>
     <span class='ocr_line' id='line_1_27' title="bbox 361 3241 1508 3331; baseline -0.002 -19"><span class='ocrx_word' id='word_1_239' title='bbox 361 3245 447 3324; x_wconf 73' lang='grc' dir='ltr'><strong><em>ειδὲς</em></strong></span> <span class='ocrx_word' id='word_1_240' title='bbox 468 3247 601 3331; x_wconf 77' lang='grc' dir='ltr'><strong><em>ἵδρυται</em></strong></span> <span class='ocrx_word' id='word_1_241' title='bbox 624 3247 682 3330; x_wconf 90' lang='grc' dir='ltr'>τῆς</span> <span class='ocrx_word' id='word_1_242' title='bbox 705 3246 826 3329; x_wconf 73' lang='grc' dir='ltr'><strong><em>ψυχῆς,</em></strong></span> <span class='ocrx_word' id='word_1_243' title='bbox 851 3249 886 3309; x_wconf 88' lang='lat' dir='ltr'>at</span> <span class='ocrx_word' id='word_1_244' title='bbox 903 3245 937 3310; x_wconf 90' lang='lat' dir='ltr'><strong>M</strong></span> <span class='ocrx_word' id='word_1_245' title='bbox 956 3245 1057 3309; x_wconf 91' lang='lat' dir='ltr'>habet</span> <span class='ocrx_word' id='word_1_246' title='bbox 1080 3241 1136 3309; x_wconf 80' lang='grc' dir='ltr'>διὰ</span> <span class='ocrx_word' id='word_1_247' title='bbox 1159 3245 1226 3310; x_wconf 76' lang='grc' dir='ltr'>τῶν</span> <span class='ocrx_word' id='word_1_248' title='bbox 1250 3243 1322 3329; x_wconf 81' lang='grc' dir='ltr'><strong><em>ἑξῆς</em></strong></span> <span class='ocrx_word' id='word_1_249' title='bbox 1345 3243 1382 3310; x_wconf 74' lang='grc' dir='ltr'>δὲ</span> <span class='ocrx_word' id='word_1_250' title='bbox 1405 3269 1508 3328; x_wconf 87' lang='grc' dir='ltr'><strong><em>παρα-</em></strong></span> 
     </span>
     <span class='ocr_line' id='line_1_28' title="bbox 359 3349 1508 3438; baseline -0.001 -20"><span class='ocrx_word' id='word_1_251' title='bbox 359 3351 502 3438; x_wconf 87' lang='grc' dir='ltr'><strong><em>πλῆσιον</em></strong></span> <span class='ocrx_word' id='word_1_252' title='bbox 532 3349 673 3437; x_wconf 87' lang='grc' dir='ltr'><strong><em>τρόπον,</em></strong></span> <span class='ocrx_word' id='word_1_253' title='bbox 711 3375 808 3437; x_wconf 91' lang='lat' dir='ltr'>quam</span> <span class='ocrx_word' id='word_1_254' title='bbox 844 3353 1018 3417; x_wconf 86' lang='lat' dir='ltr'>lectionem</span> <span class='ocrx_word' id='word_1_255' title='bbox 1054 3352 1250 3436; x_wconf 82' lang='lat' dir='ltr'>sequendam</span> <span class='ocrx_word' id='word_1_256' title='bbox 1287 3375 1357 3416; x_wconf 85' lang='lat' dir='ltr'>esse</span> <span class='ocrx_word' id='word_1_257' title='bbox 1395 3356 1508 3417; x_wconf 67' lang='lat' dir='ltr'>suadet</span> 
     </span>
     <span class='ocr_line' id='line_1_29' title="bbox 359 3453 1508 3544; baseline 0 -20"><span class='ocrx_word' id='word_1_258' title='bbox 359 3484 389 3544; x_wconf 93' lang='lat' dir='ltr'>p.</span> <span class='ocrx_word' id='word_1_259' title='bbox 413 3461 479 3526; x_wconf 81' lang='lat'>510</span> <span class='ocrx_word' id='word_1_260' title='bbox 501 3461 596 3544; x_wconf 84' lang='lat' dir='ltr'>med,</span> <span class='ocrx_word' id='word_1_261' title='bbox 619 3459 676 3523; x_wconf 91' lang='lat' dir='ltr'>ubi</span> <span class='ocrx_word' id='word_1_262' title='bbox 700 3460 799 3522; x_wconf 89' lang='lat' dir='ltr'>etiam</span> <span class='ocrx_word' id='word_1_263' title='bbox 822 3459 906 3522; x_wconf 83' lang='lat' dir='ltr'>inA</span> <span class='ocrx_word' id='word_1_264' title='bbox 926 3460 1164 3543; x_wconf 82' lang='lat' dir='ltr'>scriptumest:</span> <span class='ocrx_word' id='word_1_265' title='bbox 1187 3453 1345 3534; x_wconf 77' lang='grc' dir='ltr'><strong><em>πολλάκις</em></strong></span> <span class='ocrx_word' id='word_1_266' title='bbox 1361 3455 1424 3543; x_wconf 69' lang='grc' dir='ltr'>μὲν</span> <span class='ocrx_word' id='word_1_267' title='bbox 1444 3457 1508 3544; x_wconf 76' lang='grc' dir='ltr'>γὰρ</span> 
     </span>
     <span class='ocr_line' id='line_1_30' title="bbox 360 3559 1509 3654; baseline 0 -24"><span class='ocrx_word' id='word_1_268' title='bbox 360 3565 469 3630; x_wconf 79' lang='grc' dir='ltr'><strong><em>ἕπεται</em></strong></span> <span class='ocrx_word' id='word_1_269' title='bbox 495 3568 539 3654; x_wconf 77' lang='grc' dir='ltr'>τῷ</span> <span class='ocrx_word' id='word_1_270' title='bbox 562 3566 741 3649; x_wconf 79' lang='grc' dir='ltr'><strong><em>θυμοειδεῖ</em></strong></span> <span class='ocrx_word' id='word_1_271' title='bbox 760 3561 800 3629; x_wconf 85' lang='grc' dir='ltr'>τὰ</span> <span class='ocrx_word' id='word_1_272' title='bbox 823 3559 921 3629; x_wconf 80' lang='grc' dir='ltr'><strong><em>λοιπὰ</em></strong></span> <span class='ocrx_word' id='word_1_273' title='bbox 940 3561 1019 3647; x_wconf 87' lang='grc' dir='ltr'><strong><em>δύο,</em></strong></span> <span class='ocrx_word' id='word_1_274' title='bbox 1042 3561 1198 3640; x_wconf 76' lang='grc' dir='ltr'><strong><em>πολλάκις</em></strong></span> <span class='ocrx_word' id='word_1_275' title='bbox 1220 3560 1257 3628; x_wconf 71' lang='grc' dir='ltr'>δὲ</span> <span class='ocrx_word' id='word_1_276' title='bbox 1279 3565 1324 3652; x_wconf 74' lang='grc' dir='ltr'>τῷ</span> <span class='ocrx_word' id='word_1_277' title='bbox 1348 3563 1509 3650; x_wconf 82' lang='grc' dir='ltr'><strong><em>ἐπιθυμῆ-</em></strong></span> 
     </span>
     <span class='ocr_line' id='line_1_31' title="bbox 360 3665 1508 3759; baseline 0.001 -24"><span class='ocrx_word' id='word_1_278' title='bbox 360 3673 438 3759; x_wconf 82' lang='grc' dir='ltr'><strong><em>τικῳ</em></strong></span> <span class='ocrx_word' id='word_1_279' title='bbox 477 3667 628 3756; x_wconf 80' lang='grc' dir='ltr'><strong><em>καθάπερ</em></strong></span> <span class='ocrx_word' id='word_1_280' title='bbox 666 3667 827 3754; x_wconf 80' lang='grc' dir='ltr'><strong><em>ἑλκόμενά</em></strong></span> <span class='ocrx_word' id='word_1_281' title='bbox 863 3693 898 3735; x_wconf 86' lang='grc' dir='ltr'>τε</span> <span class='ocrx_word' id='word_1_282' title='bbox 934 3669 989 3735; x_wconf 83' lang='grc' dir='ltr'>καλ</span> <span class='ocrx_word' id='word_1_283' title='bbox 1026 3665 1195 3754; x_wconf 89' lang='grc' dir='ltr'><strong><em>συρόμενα</em></strong></span> <span class='ocrx_word' id='word_1_284' title='bbox 1232 3667 1508 3754; x_wconf 81' lang='grc' dir='ltr'><strong><em>παραπλήσιον</em></strong></span> 
     </span>
     <span class='ocr_line' id='line_1_32' title="bbox 359 3771 1507 3863; baseline -0.001 -22"><span class='ocrx_word' id='word_1_285' title='bbox 359 3773 523 3860; x_wconf 87' lang='grc' dir='ltr'><strong><em>τρόπον,</em></strong></span> <span class='ocrx_word' id='word_1_286' title='bbox 551 3771 628 3841; x_wconf 80' lang='grc' dir='ltr'><strong><em>ὡσεὶ</em></strong></span> <span class='ocrx_word' id='word_1_287' title='bbox 656 3775 741 3863; x_wconf 83' lang='lat' dir='ltr'>(lege</span> <span class='ocrx_word' id='word_1_288' title='bbox 770 3772 815 3853; x_wconf 76' lang='grc' dir='ltr'>ὡς</span> <span class='ocrx_word' id='word_1_289' title='bbox 842 3777 885 3863; x_wconf 85' lang='grc' dir='ltr'>εί)</span> <span class='ocrx_word' id='word_1_290' title='bbox 910 3777 1090 3863; x_wconf 84' lang='grc' dir='ltr'><strong><em>ξυνωρίδες</em></strong></span> <span class='ocrx_word' id='word_1_291' title='bbox 1117 3777 1150 3862; x_wconf 77' lang='lat' dir='ltr'>(l.</span> <span class='ocrx_word' id='word_1_292' title='bbox 1179 3775 1375 3862; x_wconf 83' lang='grc' dir='ltr'><strong><em>ξυνωρίδος)</em></strong></span> <span class='ocrx_word' id='word_1_293' title='bbox 1398 3778 1507 3842; x_wconf 83' lang='grc' dir='ltr'><strong><em>ἳππων</em></strong></span> 
     </span>
     <span class='ocr_line' id='line_1_33' title="bbox 361 3878 1506 3969; baseline -0.001 -19"><span class='ocrx_word' id='word_1_294' title='bbox 361 3878 378 3950; x_wconf 88' lang='grc' dir='ltr'><strong><em>δ</em></strong></span> <span class='ocrx_word' id='word_1_295' title='bbox 403 3880 464 3967; x_wconf 71' lang='grc' dir='ltr'>μὲν</span> <span class='ocrx_word' id='word_1_296' title='bbox 487 3881 597 3967; x_wconf 78' lang='grc' dir='ltr'><strong><em>ἔτερος</em></strong></span> <span class='ocrx_word' id='word_1_297' title='bbox 620 3880 837 3969; x_wconf 76' lang='grc' dir='ltr'><strong><em>ἰσχυρότερον</em></strong></span> <span class='ocrx_word' id='word_1_298' title='bbox 859 3879 939 3969; x_wconf 72' lang='grc' dir='ltr'><strong><em>ᾅξας</em></strong></span> <span class='ocrx_word' id='word_1_299' title='bbox 961 3907 989 3948; x_wconf 88' lang='grc' dir='ltr'><strong><em>κ.</em></strong></span> <span class='ocrx_word' id='word_1_300' title='bbox 1011 3908 1038 3948; x_wconf 88' lang='grc' dir='ltr'>τ.</span> <span class='ocrx_word' id='word_1_301' title='bbox 1061 3889 1089 3948; x_wconf 90' lang='grc' dir='ltr'>λ.</span> <span class='ocrx_word' id='word_1_302' title='bbox 1138 3883 1185 3948; x_wconf 86' lang='lat' dir='ltr'>Ut</span> <span class='ocrx_word' id='word_1_303' title='bbox 1213 3888 1322 3946; x_wconf 86' lang='lat' dir='ltr'>autem</span> <span class='ocrx_word' id='word_1_304' title='bbox 1349 3883 1412 3948; x_wconf 85' lang='lat' dir='ltr'>hoc</span> <span class='ocrx_word' id='word_1_305' title='bbox 1435 3885 1506 3949; x_wconf 83' lang='lat' dir='ltr'>loco</span> 
     </span>
     <span class='ocr_line' id='line_1_34' title="bbox 362 3985 1507 4075; baseline -0.003 -19"><span class='ocrx_word' id='word_1_306' title='bbox 362 3990 565 4074; x_wconf 84' lang='lat' dir='ltr'>Praepositio</span> <span class='ocrx_word' id='word_1_307' title='bbox 585 3985 682 4070; x_wconf 86' lang='grc' dir='ltr'><strong><em>κατό,</em></strong></span> <span class='ocrx_word' id='word_1_308' title='bbox 705 3991 753 4053; x_wconf 89' lang='lat' dir='ltr'>ita</span> <span class='ocrx_word' id='word_1_309' title='bbox 776 3991 841 4054; x_wconf 89' lang='lat' dir='ltr'>alio</span> <span class='ocrx_word' id='word_1_310' title='bbox 866 3988 902 4053; x_wconf 81' lang='grc' dir='ltr'>ἐν</span> <span class='ocrx_word' id='word_1_311' title='bbox 926 3991 1048 4054; x_wconf 86' lang='lat' dir='ltr'>inserta</span> <span class='ocrx_word' id='word_1_312' title='bbox 1072 3995 1133 4074; x_wconf 82' lang='lat' dir='ltr'>cst;</span> <span class='ocrx_word' id='word_1_313' title='bbox 1156 4012 1186 4073; x_wconf 92' lang='lat' dir='ltr'>p.</span> <span class='ocrx_word' id='word_1_314' title='bbox 1207 3991 1271 4054; x_wconf 82' lang='lat'>616</span> <span class='ocrx_word' id='word_1_315' title='bbox 1291 3995 1369 4052; x_wconf 82' lang='lat' dir='ltr'>extr.</span> <span class='ocrx_word' id='word_1_316' title='bbox 1388 3990 1507 4075; x_wconf 85' lang='lat' dir='ltr'>legitur</span> 
     </span>
     <span class='ocr_line' id='line_1_35' title="bbox 361 4089 1505 4186; baseline -0.003 -24"><span class='ocrx_word' id='word_1_317' title='bbox 361 4092 470 4179; x_wconf 78' lang='grc' dir='ltr'><strong><em>δεήσει</em></strong></span> <span class='ocrx_word' id='word_1_318' title='bbox 499 4091 562 4179; x_wconf 76' lang='grc' dir='ltr'>γὰρ</span> <span class='ocrx_word' id='word_1_319' title='bbox 590 4089 675 4178; x_wconf 81' lang='grc' dir='ltr'><strong><em>ἡμᾶς</em></strong></span> <span class='ocrx_word' id='word_1_320' title='bbox 698 4094 870 4179; x_wconf 80' lang='grc' dir='ltr'><strong><em>ἐπινοῆσαι</em></strong></span> <span class='ocrx_word' id='word_1_321' title='bbox 893 4097 937 4186; x_wconf 79' lang='grc' dir='ltr'>τῳ</span> <span class='ocrx_word' id='word_1_322' title='bbox 966 4093 1058 4184; x_wconf 90' lang='grc' dir='ltr'><strong><em>πόρῳ</em></strong></span> <span class='ocrx_word' id='word_1_323' title='bbox 1081 4099 1310 4180; x_wconf 86' lang='grc' dir='ltr'><strong><em>περικείμενον</em></strong></span> <span class='ocrx_word' id='word_1_324' title='bbox 1338 4093 1375 4160; x_wconf 78' lang='grc' dir='ltr'>ἐν</span> <span class='ocrx_word' id='word_1_325' title='bbox 1398 4093 1505 4184; x_wconf 79' lang='grc' dir='ltr'><strong><em>κύκλῳ</em></strong></span> 
     </span>
     <span class='ocr_line' id='line_1_36' title="bbox 359 4197 1504 4287; baseline -0.002 -19"><span class='ocrx_word' id='word_1_326' title='bbox 359 4227 390 4268; x_wconf 88' lang='grc' dir='ltr'>τι</span> <span class='ocrx_word' id='word_1_327' title='bbox 413 4203 474 4267; x_wconf 87' lang='grc' dir='ltr'>τοῦ</span> <span class='ocrx_word' id='word_1_328' title='bbox 497 4197 621 4286; x_wconf 82' lang='grc' dir='ltr'><strong><em>νεύρου</em></strong></span> <span class='ocrx_word' id='word_1_329' title='bbox 645 4202 739 4284; x_wconf 77' lang='grc' dir='ltr'><strong><em>σῶμα</em></strong></span> <span class='ocrx_word' id='word_1_330' title='bbox 762 4199 959 4287; x_wconf 88' lang='grc' dir='ltr'><strong><em>λεπτότερον</em></strong></span> <span class='ocrx_word' id='word_1_331' title='bbox 981 4201 1035 4266; x_wconf 81' lang='grc' dir='ltr'><strong><em>καὶ</em></strong></span> <span class='ocrx_word' id='word_1_332' title='bbox 1058 4205 1126 4267; x_wconf 80' lang='grc' dir='ltr'>τῶν</span> <span class='ocrx_word' id='word_1_333' title='bbox 1149 4198 1332 4286; x_wconf 81' lang='grc' dir='ltr'><strong><em>ἅραχνίων;</em></strong></span> <span class='ocrx_word' id='word_1_334' title='bbox 1363 4205 1504 4268; x_wconf 89' lang='lat' dir='ltr'>atenim</span> 
     </span>
     <span class='ocr_line' id='line_1_37' title="bbox 361 4308 1505 4393; baseline 0 -22"><span class='ocrx_word' id='word_1_335' title='bbox 361 4308 398 4372; x_wconf 79' lang='grc' dir='ltr'>ἐν</span> <span class='ocrx_word' id='word_1_336' title='bbox 424 4331 519 4373; x_wconf 88' lang='lat' dir='ltr'>nemo</span> <span class='ocrx_word' id='word_1_337' title='bbox 548 4309 759 4393; x_wconf 75' lang='lat' dir='ltr'>clociderabit3</span> <span class='ocrx_word' id='word_1_338' title='bbox 786 4309 896 4392; x_wconf 82' lang='lat' dir='ltr'>itaque</span> <span class='ocrx_word' id='word_1_339' title='bbox 925 4314 1055 4374; x_wconf 85' lang='lat' dir='ltr'>auctore</span> <span class='ocrx_word' id='word_1_340' title='bbox 1087 4310 1194 4373; x_wconf 88' lang='lat' dir='ltr'>codice</span> <span class='ocrx_word' id='word_1_341' title='bbox 1222 4309 1256 4372; x_wconf 90' lang='lat' dir='ltr'>M</span> <span class='ocrx_word' id='word_1_342' title='bbox 1285 4310 1505 4392; x_wconf 74' lang='lat' dir='ltr'>expunximus.</span> 
     </span>
     <span class='ocr_line' id='line_1_38' title="bbox 361 4410 1505 4505; baseline 0.003 -29"><span class='ocrx_word' id='word_1_343' title='bbox 361 4414 394 4479; x_wconf 91' lang='lat' dir='ltr'>P.</span> <span class='ocrx_word' id='word_1_344' title='bbox 413 4415 478 4478; x_wconf 84' lang='lat'>433</span> <span class='ocrx_word' id='word_1_345' title='bbox 502 4417 578 4497; x_wconf 84' lang='lat' dir='ltr'>post</span> <span class='ocrx_word' id='word_1_346' title='bbox 595 4416 677 4478; x_wconf 87' lang='lat' dir='ltr'>med.</span> <span class='ocrx_word' id='word_1_347' title='bbox 696 4412 897 4500; x_wconf 84' lang='grc' dir='ltr'><strong><em>συμφέρεται</em></strong></span> <span class='ocrx_word' id='word_1_348' title='bbox 920 4412 1033 4498; x_wconf 77' lang='grc' dir='ltr'><strong><em>μέντοι</em></strong></span> <span class='ocrx_word' id='word_1_349' title='bbox 1055 4415 1100 4504; x_wconf 77' lang='grc' dir='ltr'>τῷ</span> <span class='ocrx_word' id='word_1_350' title='bbox 1125 4419 1305 4505; x_wconf 75' lang='grc' dir='ltr'><strong><em>Χρυσίππῳ</em></strong></span> <span class='ocrx_word' id='word_1_351' title='bbox 1329 4412 1384 4478; x_wconf 84' lang='grc' dir='ltr'><strong><em>καὶ</em></strong></span> <span class='ocrx_word' id='word_1_352' title='bbox 1408 4410 1505 4490; x_wconf 82' lang='grc' dir='ltr'><strong><em>αὐτὸς</em></strong></span> 
     </span>
    </p>
   </div>
   <div class='ocr_carea' id='block_1_3' title="bbox 0 0 1628 5142">
    <p class='ocr_par' dir='ltr' id='par_1_3' title="bbox 0 0 1628 5142">
     <span class='ocr_line' id='line_1_39' title="bbox 0 0 1628 5142; baseline 0 0"><span class='ocrx_word' id='word_1_353' title='bbox 0 0 1628 5142; x_wconf 95' lang='lat' dir='ltr'> </span> 
     </span>
    </p>
   </div>
  </div>
 </body>
</html>
