3246 5148
601 382 820 446 ..3η-

128 536 191 623 (sc.
222 535 241 604 ὁ
271 533 530 625 Ποσειδῶνιος),
562 533 608 615 ῶς
636 549 750 604 νοσεῖν
778 563 813 604 τε
843 537 906 604 καὶ
938 538 1048 624 λέγειν
1078 537 1141 625 τὴν
1173 539 1284 630 ψυχὴν

128 641 280 722 ἅπαντας
310 643 390 722 τοὺς
422 641 573 729 φαύλους
604 643 746 711 ίοικίναι
778 669 811 710 τε
844 641 906 729 τὴν
935 643 1040 712 νόσον
1070 643 1181 714 αὐτῶν
1211 662 1284 728 ταῖς

128 751 322 837 εἰρημέναις
345 753 406 818 τοῦ
428 748 579 836 σῶματος
600 748 832 825 καταστάσεως
856 753 965 837 inepte
988 751 1043 818 καί
1070 760 1147 839 post
1168 769 1284 823 coesto

127 882 165 922 τε
191 859 336 924 additum
359 863 490 924 estnec
513 860 677 924 inverutur
699 859 732 923 in
751 857 798 944 M3
822 860 984 924 sententia
1007 862 1092 926 enim
1116 863 1196 928 haec
1220 869 1283 929 est:

128 964 320 1032 ‘Consentit
346 966 450 1031 nihilo
478 965 584 1030 minus
612 965 682 1048 ipse
710 987 835 1048 quoquo
864 987 937 1030 cum
963 964 1163 1054 Chrysippo,
1190 973 1283 1035 utet

127 1075 301 1158 aegrotare
321 1072 466 1138 omnium
485 1071 659 1137 stultorum
678 1071 804 1136 animos
828 1071 915 1136 dicat
939 1075 972 1136 et
994 1075 1145 1140 morbum
1169 1099 1280 1142 eorum

128 1179 272 1244 similem
292 1201 359 1244 asse
380 1179 523 1263 corporis
539 1177 837 1260 constitutionibus,
856 1177 895 1241 de
914 1179 1031 1262 quibus
1047 1183 1281 1265 supradictum

128 1284 203 1350 est'
257 1283 326 1350 Nec
359 1286 465 1350 minus
498 1285 607 1370 inepte
640 1284 886 1367 interpolatoris
920 1307 1034 1350 manus
1071 1293 1202 1352 versata
1234 1292 1282 1354 est

127 1415 159 1476 p.
190 1391 256 1456 684
284 1394 377 1474 extr„
405 1391 460 1456 ubi
487 1391 635 1456 Platonis
663 1391 697 1454 in
724 1390 805 1455 Tim.
833 1412 863 1473 p.
888 1391 930 1458 83
950 1389 975 1454 O
999 1414 1113 1458 manus
1137 1395 1223 1460 huno
1246 1395 1280 1460 in

127 1497 264 1564 modum
283 1497 458 1562 obliterata
481 1499 543 1560 est:
567 1490 647 1578 ίχῶρ
672 1490 703 1560 δ’
730 1490 827 1580 ὁμὲν
849 1495 988 1581 αἵματος
1006 1491 1107 1582 όῤῥὸς
1129 1495 1163 1584 (l.
1186 1494 1281 1588 όρὸς)

124 1605 245 1692 πρᾷος,
264 1597 282 1667 ὁ
302 1599 339 1667 ὁὸ
353 1605 511 1687 μελαίνης
528 1602 628 1684 χολῆς
646 1595 737 1678 ὀξὺς
754 1598 817 1666 καὶ
835 1597 965 1686 άγριος;
984 1602 1019 1668 Μ
1037 1600 1137 1688 χολῆς
1151 1600 1280 1684 ὀξείας

125 1734 166 1776 τε
186 1705 316 1796 ἄγριος,
334 1731 433 1794 quam
452 1707 646 1791 scripturam
665 1707 853 1772 Platonicae
873 1710 1117 1775 convenientem
1136 1712 1278 1777 restitui-

125 1841 209 1882 mus.
258 1817 369 1882 Etiam
392 1815 500 1880 verbis
528 1813 675 1878 Platonis
704 1815 829 1881 axelio
852 1815 924 1882 loco
952 1815 1079 1881 Timaei
1102 1814 1148 1903 (p.
1172 1819 1215 1882 82
1234 1817 1279 1905 A)

125 1925 245 1988 sumtis
268 1923 348 1988 illud
371 1924 430 1986 καί
453 1921 610 1985 inscrtum
635 1923 685 1984 est
710 1943 741 2003 p.
765 1921 829 1986 678
853 1925 930 2005 post
951 1923 1008 2006 in,
1035 1922 1092 1987 ubi
1120 1925 1277 2008 scriptum

125 2035 177 2096 est
207 2024 279 2095 ἀλλ’
312 2017 409 2104 οὗτος
438 2024 514 2112 μὲν,
545 2020 589 2102 ῶς
619 2028 720 2109 ἔφην,
755 2020 936 2111 ἁμαρτάνει
973 2027 1134 2111 προσθεὶς
1158 2024 1278 2116 ’πυρός

123 2161 158 2202 τε
198 2133 252 2202 καί
289 2136 357 2201 τῶν
388 2131 529 2220 ἑτέρων,
566 2129 672 2197 tuscul
716 2131 778 2198 καὶ
815 2130 894 2218 γένη
927 2132 1051 2199 πλέονα
1084 2131 1160 2212 ἑνὸς
1196 2131 1278 2202 όντα

123 2236 311 2328 τυγχάνει’;
339 2241 373 2306 Μ
396 2235 509 2324 ἐπειδὴ
533 2237 622 2322 γε’νη.
674 2237 823 2304 Ceterum
850 2241 968 2306 mirum
993 2245 1055 2325 est,
1083 2244 1168 2326 quod
1191 2243 1277 2308 idem

123 2353 218 2416 locus
237 2349 358 2414 inood.
376 2348 476 2413 Marc.
496 2346 580 2410 etin
598 2345 719 2424 Aldina
742 2347 920 2430 ceterisque
942 2347 1138 2413 editionibus
1162 2371 1192 2432 p.
1212 2351 1277 2416 665

123 2463 204 2542 post
217 2455 299 2522 med.
314 2456 360 2522 sic
378 2455 518 2520 traditus
535 2455 597 2517 ost:
618 2447 730 2536 ἐπειδή
749 2474 790 2534 γε
809 2450 909 2516 πλέω
925 2448 999 2530 ε’νὸς
1017 2449 1098 2518 ὄντα
1112 2452 1277 2538 τυγχάνει.

124 2565 191 2630 Sed
210 2563 286 2628 talis
304 2561 524 2628 inconstantia
544 2559 683 2624 editores
702 2580 768 2624 non
786 2557 906 2643 tetigit.
943 2559 976 2623 P.
996 2559 1060 2624 790
1074 2562 1156 2626 med.
1170 2563 1276 2645 perio·

122 2671 185 2736 dus
210 2669 291 2736 satis
315 2670 424 2753 ampla
442 2689 509 2732 non
527 2667 632 2732 solum
657 2665 767 2729 addito
790 2667 850 2728 καί
870 2669 944 2730 ante
967 2661 1030 2750 την
1051 2663 1114 2750 μὲν
1137 2665 1275 2761 σπανιά-

121 2801 191 2858 κις,
215 2777 269 2842 sed
292 2775 414 2842 omisso
438 2774 537 2838 etiam
561 2768 606 2855 μή
630 2777 704 2836 ante
722 2767 931 2855 φυλάττοντα
951 2778 984 2837 et
1001 2795 1154 2858 perversa
1176 2775 1274 2840 inter-

122 2882 300 2967 punctione
336 2901 469 2964 prorsus
507 2878 715 2964 pessumdata
747 2881 810 2960 cst,
846 2900 943 2961 quam
975 2881 1022 2944 sic
1058 2881 1275 2947 restituimus:

122 2993 258 3072 γελοῖον
283 2983 319 3051 ὁὸ
347 2984 402 3051 καὶ
426 2977 503 3068 (κάν
525 2985 611 3071 MA)
639 2979 757 3069 ἄριστα
784 2984 1088 3071 κατεσκευασμένης
1111 2988 1169 3070 τῆς
1191 2985 1275 3066 νεῶς

123 3089 142 3180 'l
179 3095 237 3179 τῆς
269 3095 374 3188 οίκίας
405 3084 425 3176 ἢ
457 3091 514 3174 τῆς
544 3093 672 3174 κλίνης,
704 3084 878 3173 ἀγνώστου
906 3086 937 3155 δ’
966 3087 1063 3168 ὄντος
1088 3094 1150 3158 τοῦ
1176 3117 1273 3158 κατα-

121 3197 348 3276 σκευάσαντος
369 3199 515 3282 νομίζειν
541 3191 623 3262 ἄνευ
650 3197 708 3280 τῆς
733 3195 849 3280 τέχνης
871 3195 1045 3282 γεγονέναι
1073 3193 1272 3265 τὰτοιαῦτα
1363 3217 1367 3226 ·

124 3303 142 3393 ἢ
167 3303 250 3372 κατὰ
273 3303 392 3390 τύχην,
416 3299 660 3388 διακρινόντων
679 3297 837 3368 ἁπάντων
860 3299 910 3390 (τό
930 3301 992 3388 τὴν
1014 3303 1049 3370 Μ
1070 3303 1124 3369 καὶ
1147 3301 1210 3388 τὴν
1228 3305 1272 3392 Α)

121 3409 185 3498 τὴν
211 3411 274 3498 μὲν
302 3407 477 3487 σπανιάκις
504 3405 707 3496 ἁμαρτάνειν
733 3409 795 3474 τοῦ
822 3409 964 3490 σκοποῦ,
991 3404 1053 3493 τὴν
1082 3404 1113 3475 δ’
1144 3409 1271 3494 ἐπιτυγ-

122 3515 239 3604 χάνειν
267 3513 428 3600 ὀλιγάκις,
456 3511 592 3603 άχρείαν
621 3513 656 3580 δὲ
684 3513 738 3579 καὶ
767 3511 811 3599 μὴ
840 3511 994 3599 τεχνικὴν
1025 3510 1181 3600 ἡγεῖσθαι
1208 3513 1272 3601 τὴν

121 3628 180 3711 τῆς
197 3626 258 3690 τοῦ
276 3621 427 3708 σῶματος
445 3618 540 3707 ἡμῶν
563 3622 765 3705 κατασκευῆς
787 3624 898 3687 αίτιάν
920 3617 1006 3686 εἶναι
1029 3617 1079 3706 μὴ
1099 3621 1175 3707 (om.
1194 3623 1269 3689 MA

121 3730 206 3818 cdd.)
229 3727 438 3815 φυλάττοντα
460 3725 522 3813 τὴν
541 3723 719 3813 ὁμοιότητα
742 3729 800 3812 τῆς
818 3731 956 3814 κρίσεως
979 3726 1031 3792 lul
1054 3729 1122 3793 τῶν
1140 3724 1270 3816 ὁρατῶν

120 3838 280 3923 τεχνιτῶν
302 3832 384 3922 πρὸς
405 3830 485 3911 τοὺς
507 3831 551 3919 μὴ
575 3831 774 3920 ὁρωμένους.
819 3835 854 3899 Ρ.
876 3835 940 3900 526
965 3837 1193 3900 auctoritatem
1217 3860 1268 3903 oo-

120 3946 203 4010 diois
227 3945 261 4008 M
285 3944 386 4008 secuti
415 3937 544 4007 άλλων
572 3947 646 4008 ante
674 3942 776 4026 τριῶν
804 3936 959 4026 ὁργάνων
986 3942 1176 4026 delevimus,
1204 3965 1268 4026 quo

120 4053 209 4118 lacto
238 4035 285 4115 sic
312 4049 464 4135 legimus:
492 4059 641 4133 μαχεῖται
668 4044 751 4134 πρὸς
779 4043 899 4114 ἑαυτὸν
922 4043 940 4113 ὁ
964 4045 1063 4133 λόγος
1088 4047 1125 4113 ίν
1147 4043 1267 4133 ἅπαντι

121 4161 227 4245 μορίῳ
259 4157 320 4221 τοῦ
352 4152 503 4240 σώματος
534 4149 800 4239 ἀναγκαζόμενος
833 4149 1010 4239 ὁμολογεῖν
1042 4149 1148 4238 ἀρχὴν
1180 4149 1275 4219 εἶναι·

118 4263 187 4328 τῶν
216 4263 320 4347 τριῶν
349 4256 519 4348 ὀργάνων,
549 4255 706 4348 ἀρτηρίας
734 4259 789 4328 καὶ
816 4258 940 4346 νεύρου
966 4259 1021 4325 καὶ
1049 4256 1180 4342 φλεβός.
1231 4261 1266 4326 Ρ.

122 4370 185 4436 ῖ28
215 4372 292 4456 post
322 4369 403 4434 med.
432 4369 578 4436 Platonis
610 4369 644 4434 in
673 4369 752 4454 Rep.
782 4393 812 4455 p.
840 4367 954 4434 368Ε
985 4367 1084 4431 verba
1113 4367 1197 4431 malo
1224 4369 1265 4434 ab
