3444 5140
663 399 908 466 -703-

211 557 372 644 ειιαόματα
399 555 454 622 καὶ
481 553 644 642 πυρετοὺς
674 551 902 643 ἀπεργάζεται,
929 554 967 624 τὸ
996 555 1033 624 θλ
1061 555 1094 636 ἐξ
1123 551 1221 641 άίρος
1249 551 1358 641 άμφη·

212 664 390 752 ’μερινούς,
413 667 580 749 τριταίοὺς
603 661 640 730 δὲ
663 659 786 741 ὕδατος
809 660 924 730 διὰτὸ
948 662 1160 749 νωθέστερον
1183 656 1281 747 άίρος
1303 659 1358 728 cat

211 769 328 857 ’πυρὸς
350 766 431 838 αὐτὸ
456 766 558 854 εἶναι,
585 765 622 836 τὸ
652 766 689 834 δὲ
716 771 777 854 γῆς
798 766 960 856 τετάρτως
982 763 1023 836 ὂν
1046 768 1260 836 νωθέστατον
1282 767 1358 835 τού-

212 877 292 943 ‘ccw
315 875 352 942 ἐν
375 880 627 962 τετραπλασίαις
644 876 814 961 περιόδοις
832 876 957 961 χρόνου
975 873 1225 962 καθαιρόμενον
1247 899 1358 960 τεταρ-

212 983 338 1060 εταίους
360 981 522 1068 πυρετοὺς
544 986 689 1068 ποιῆσαν
712 977 949 1049 ἀπαλλάττεται
972 983 1086 1068 μόλις.’
1124 979 1289 1070 ἐντούτῳ
1312 983 1386 1072 τῶν

211 1091 299 1179 λόγῳ
329 1091 463 1177 πρῶτον
490 1087 552 1176 μὲν
583 1085 749 1176 ἡμάρτηκε
777 1087 859 1156 κατὰ
890 1087 931 1155 τά
959 1087 1056 1157 κοινά
1084 1101 1228 1174 στοιχεῖα
1256 1084 1358 1154 άπάν-

210 1221 280 1262 των
302 1196 482 1281 σωμάτων,
511 1191 553 1264 οό
576 1192 658 1262 κατὰ
682 1194 722 1261 τὰ
745 1197 814 1262 τῶν
842 1195 990 1283 ἐναίμων
1019 1194 1111 1286 ζῴων
1136 1195 1360 1281 ποιησάμενος

210 1298 274 1386 τὴν
297 1304 504 1386 αἰτιολογίαν
530 1304 599 1370 τῶν
626 1303 828 1387 περιοδικῶν
854 1305 1018 1390 πυρετῶν·
1046 1299 1186 1387 άμεινον
1212 1298 1276 1387 γάρ
1304 1292 1359 1386 ἦν,

211 1404 257 1494 άΙ
283 1408 338 1475 καλ
362 1409 467 1488 δεῖξαι
491 1406 667 1494 δυνάμεθα
694 1405 776 1474 κατὰ
804 1405 841 1475 τὸ
870 1411 964 1496 σῶμα
991 1409 1227 1492 πλεονάζοντα,
1255 1409 1425 1482 schacos

211 1516 398 1582 αἰτιᾶσθαι·
423 1515 581 1599 θεότερον
604 1515 657 1598 δέ,
685 1511 826 1582 ὅτιτῶν
850 1511 1091 1602 άμφημερινῶν
1119 1515 1174 1582 καὶ
1201 1519 1358 1602 τριταίων
1372 1535 1398 1575 ιο

210 1623 363 1707 πυρετῶν
386 1617 465 1688 οὐδὲ
494 1619 592 1707 ἐγγὺς
619 1611 677 1707 ἧκε
699 1624 757 1707 τῆς
784 1618 935 1708 ἀληθοῦς
957 1625 1072 1699 αἰτίας.
1117 1626 1270 1707 φαίνεται
1293 1620 1358 1707 γάρ
1391 1705 1396 1714 Ι

212 1726 360 1812 ἐναργῶς
387 1727 439 1795 ἐπὶ
462 1726 523 1813 μὲν
550 1730 619 1794 τῶν
646 1723 886 1814 άμφημερινῶν
914 1725 931 1796 ὁ
955 1726 1193 1814 φλεγματῶόης
1219 1725 1358 1794 πλεονά-

213 1837 277 1913 ζων
300 1832 414 1920 χυμός,
435 1831 539 1920 ὑγρὸς
556 1834 611 1900 καλ
630 1832 756 1922 ψυχρὸς
774 1832 835 1920 ῶν,
859 1835 911 1903 ἐπὶ
934 1833 971 1902 dt
990 1837 1058 1902 τῶν
1079 1839 1237 1921 τριταίων
1260 1833 1278 1901 ὁ
1301 1837 1359 1920 τῆς

212 1941 339 2025 ξανθῆς
360 1942 471 2027 χολῆς,
492 1937 602 2027 άιιρως
619 1939 746 2028 θερμὸς
763 1941 818 2009 ιιαλ
838 1942 947 2028 ξηρός·
971 1939 1054 2009 ῶοτε
1078 1941 1130 2008 ἐπὶ
1153 1942 1276 2010 τούτου
1297 1938 1360 2026 μὲν

248 2211 262 2259 1
288 2201 482 2291 άρημερινοός
505 2207 542 2262 Μ.
572 2238 605 2247 -
637 2213 652 2262 2
677 2203 707 2261 δ’
728 2202 758 2274 ἐξ
781 2200 886 2270 όθατος
909 2207 988 2262 ehu.
1013 2237 1046 2247 -
1075 2206 1247 2275 νοθὲοτερον
1269 2207 1298 2261 Ρ.
1323 2237 1356 2247 -

213 2283 228 2330 3
249 2271 339 2332 αότον
362 2279 395 2333 Δ.
419 2309 455 2320 -
477 2277 612 2347 τέταρτον
636 2279 715 2334 codd.
740 2279 802 2336 edd.
828 2310 859 2319 -
885 2286 901 2332 θ
925 2274 1130 2333 άπαλλάττεται
1152 2273 1252 2348 μόλις·
1272 2277 1358 2346 δῆλον

211 2343 265 2416 γάρ
288 2341 332 2402 ότι
360 2344 407 2403 cur
435 2346 488 2420 μὲν
516 2350 571 2404 τῶν
597 2344 801 2435 άμφιρμερινῶν
829 2351 866 2418 (v.
892 2353 933 2420 1⁸2)
962 2370 987 2404 ιι.
1010 2371 1033 2404 τ.
1057 2353 1079 2404 λ.
1103 2349 1160 2404 FP.
1186 2381 1218 2389 -
1245 2354 1260 2403 7
1284 2344 1355 2402 κατά

211 2419 267 2472 τῶν
287 2415 411 2490 ἐναίμων
430 2421 510 2476 codd.
530 2421 591 2476 edd.
611 2441 684 2476 κατα
707 2416 741 2475 τὰ
761 2421 817 2475 τῶν
836 2416 876 2475 ἐν.
896 2439 958 2486 uos;
984 2421 1018 2475 cf.
1037 2421 1133 2492 Progr.
1155 2421 1192 2486 ΙΙ,
1213 2425 1229 2474 b
1247 2421 1310 2474 sdn.
1331 2427 1355 2474 2.

212 2521 244 2530 -
270 2492 481 2559 8περιωδιιιῶν
505 2492 541 2546 Μ.
567 2523 602 2532 -·
625 2498 641 2546 9
661 2488 818 2562 δυνάμεθα
835 2491 874 2546 Μ.
899 2523 930 2531 —-
958 2499 990 2546 10
1009 2489 1111 2547 ἰᾶσθαι
1130 2489 1208 2546 codd.
1228 2489 1291 2546 edd.
1315 2489 1357 2544 αί-

210 2561 329 2616 τιᾶοθαι
348 2580 411 2630 nos3
435 2563 469 2618 cf.
489 2563 572 2618 Proll.
596 2581 625 2634 p.
644 2571 686 2618 90.
711 2594 744 2603 -
770 2570 801 2617 11
821 2563 950 2631 πυρετῶν
973 2559 1092 2633 ἄμεινον
1115 2558 1169 2632 γάρ
1191 2553 1228 2630 ἦν
1247 2583 1272 2616 ιι.
1291 2583 1314 2616 τ.
1333 2565 1356 2617 λ.

211 2631 339 2702 repetitis
366 2634 459 2690 verbis
485 2633 550 2689 inde
574 2651 591 2688 c
613 2653 639 2688 v.
663 2641 679 2688 8
705 2651 792 2704 usque
818 2634 855 2688 cd
882 2635 956 2688 hunc
985 2635 1078 2689 locum
1100 2635 1137 2689 M.
1163 2665 1195 2676 -
1226 2639 1258 2688 12
1282 2628 1357 2722 άφρ-

212 2701 847 2846 νοωνωτιαίου·-
874 2711 907 2760 1⁴
1135 2705 1185 2759 u

211 3011 362 3096 diones,
391 3012 587 3078 tertianus
621 3033 755 3096 cquae,
784 3011 925 3097 quippe
955 3033 1050 3097 quoe
1083 3015 1169 3075 edre
1202 3015 1240 3076 et
1266 3012 1357 3098 igne

212 3120 370 3204 segnior
393 3119 458 3203 sit3
482 3122 522 3184 et
539 3122 645 3182 terre
663 3123 842 3203 quartum
861 3119 1056 3204 segnitiae
1075 3117 1202 3183 locum
1220 3121 1356 3182 tenens

211 3224 428 3310 quadruplo
457 3225 646 3308 temporis
671 3225 840 3290 circuitu
869 3227 1059 3310 purgatur
1086 3227 1203 3308 etque
1226 3223 1356 3290 febres

211 3337 426 3419 quartanas
456 3331 641 3398 efficiens
670 3330 883 3414 expellitur
912 3329 1046 3417 aegre!
1092 3330 1164 3396 Hoc
1192 3332 1264 3397 loco
1292 3333 1356 3416 pri-

211 3463 300 3505 mum
333 3439 467 3522 erravit,
499 3439 585 3523 quod
617 3437 657 3502 ed
688 3439 847 3503 elemento
874 3437 1025 3503 omuibus
1054 3437 1245 3522 corporibus
1273 3461 1357 3505 com-

211 3546 336 3631 munia,
363 3568 429 3611 non
457 3544 497 3608 ad
526 3565 577 3628 ec,
609 3566 692 3628 quoe
725 3545 977 3630 sanguineorum
1006 3545 1196 3610 animalium
1224 3546 1357 3629 proprie

212 3657 297 3737 suut,
316 3675 448 3719 ccuscm
466 3650 616 3734 febrium,
639 3671 775 3734 quorum
795 3654 902 3716 certus
921 3651 1075 3717 circuitus
1095 3655 1154 3736 est,
1176 3652 1356 3738 revocavit3

211 3761 327 3824 melius
361 3759 447 3823 enim
481 3761 551 3821 eret
583 3779 635 3840 ec,
671 3779 753 3841 quse
786 3758 884 3822 etism
919 3758 1087 3823 ostendere
1118 3779 1294 3841 possumus
1323 3758 1357 3823 in

211 3864 402 3949 corporibus
421 3863 644 3948 redundantis,
663 3885 777 3928 causes
797 3864 985 3930 morborum
1004 3887 1075 3928 esse
1093 3863 1211 3950 dicere3
1235 3863 1358 3948 deinde,

211 3971 297 4054 quod
312 3971 352 4036 cd
367 3993 478 4036 veram
492 3970 700 4056 quotidianae
715 3974 748 4034 et
761 3971 921 4034 tertianae
934 3971 1034 4036 febris
1044 3993 1175 4036 causam
1189 3991 1230 4034 ue
1244 3969 1357 4055 paulu-

211 4080 279 4144 lum
303 4079 433 4162 quidem
456 4077 602 4142 accessit.
637 4076 725 4142 Nam
749 4078 902 4163 quoniam
921 4077 1087 4142 evidenter
1108 4080 1201 4161 patet
1223 4077 1258 4142 in
1280 4099 1356 4160 quo-

210 4184 344 4249 tidianis
381 4185 575 4268 pituitosum
611 4184 780 4250 humorem
815 4185 1015 4269 praevalere,
1051 4184 1107 4268 qui
1139 4183 1290 4248 humidus
1324 4188 1357 4247 et

209 4291 350 4376 frigidus
373 4296 433 4376 est,
456 4293 490 4356 in
513 4291 663 4356 tertianis
681 4290 758 4354 bilis
782 4291 894 4371 flavae,
917 4291 972 4374 qui
996 4287 1151 4374 perquem
1176 4291 1299 4355 calidus
1324 4293 1357 4354 et

210 4399 320 4466 aridus
350 4402 414 4483 est,
451 4399 486 4464 in
518 4399 660 4463 tertiano
692 4397 805 4462 debuit
831 4397 937 4461 dicere
968 4396 1069 4482 ignis,
1100 4397 1135 4461 in
1166 4397 1357 4482 quotidiano
