3300 5146
593 349 868 466 2253-

161 559 227 626 ‘vco
263 555 461 644 διαφεύγειν
492 554 510 625 ὁ
550 557 653 637 τόπος
690 555 775 645 ἡμᾶς
813 556 888 625 ούτε
930 555 1116 644 αἰσθήσεως
1148 557 1316 644 ἐκφανοῦς

163 664 371 751 ργινομένης,
409 662 488 750 ὅπερ
528 665 580 732 ἐπὶ
612 666 680 732 τῶν
712 668 840 733 λοιπῶν
873 665 1103 751 συντέτευχεν,
1136 663 1211 733 οὔτε
1248 668 1316 732 τῶν

163 773 376 858 “τεκμηρίοιν,
406 768 462 837 διὰ
491 761 540 838 ῶν
568 769 611 837 ἄν
637 797 686 850 τις
713 776 945 856 συλλογίσαιτο
973 774 1086 839 τοῦτο·
1111 773 1115 860 l
1142 767 1221 839 οὐδὲ
1250 770 1315 860 γὰρ
1326 790 1382 846 289

165 875 220 946 ’ἂν
243 879 294 945 ἐπὶ
317 880 481 946 τοσούτου
509 875 529 964 ἡ
554 873 726 964 ἀντιλογία
754 881 926 965 προῆλθεν
953 878 1008 945 καὶ
1042 879 1079 945 ἐν
1107 883 1234 966 ἰατροῖς
1261 879 1315 946 καί

165 985 214 1052 ‘dv
247 982 467 1070 pelendones?
521 981 606 1070 αὕτη
638 982 750 1069 πρῶτη
786 985 881 1071 ῥῆσις
919 985 1098 1073 γέγραπται
1130 981 1195 1052 ὑπὸ
1228 991 1342 1072 Xon-s

163 1095 289 1160 σίπττου
316 1091 391 1178 περὶ
419 1089 621 1179 ἡγεμονικοῦ
649 1089 730 1158 κατὰ
761 1087 798 1157 τὸ
828 1089 992 1178 πρότερον
1014 1091 1089 1178 περὶ
1118 1095 1233 1178 ψυχῆς.
1278 1091 1315 1160 τὸ

164 1197 226 1284 μὲν
254 1196 318 1285 γὰρ
346 1195 449 1284 ῆμισυ
476 1199 577 1286 μέρος
609 1193 698 1288 αὐτῷ
729 1199 787 1283 τῆς
818 1202 939 1284 βίβλου
964 1196 1002 1265 τὸ
1037 1197 1202 1285 πρότερον
1233 1195 1316 1286 ὑπὲρ

166 1300 283 1384 οὐσίας
310 1306 417 1390 ψυχῆς
445 1309 509 1390 ἔχει
536 1303 599 1391 τῆν
627 1305 755 1384 σκέψιν.
808 1301 890 1372 κατὰ
924 1303 962 1371 δὲ
993 1303 1030 1372 τὸ
1065 1305 1181 1392 ἐφεξῆς
1213 1303 1316 1392 ῆμισυ

165 1410 202 1478 τὸ
241 1407 306 1478 ἀπὸ
344 1414 403 1498 τῆς
438 1411 667 1499 γεγραμμένης
703 1408 830 1497 ρήσεως
865 1407 1053 1498 ἀρχόμενον
1090 1411 1317 1480 ἐπιδεικνύναι

165 1521 315 1606 πειρᾶται
349 1516 386 1586 τὸ
419 1522 477 1605 τῆς
509 1522 616 1605 ψυχῆς
651 1515 842 1606 ἡγεμονοῦν
875 1518 912 1584 ἐν
943 1523 1064 1607 καρδίᾳ
1095 1520 1316 1606 περιέχεσθαι.
1332 1545 1356 1583 ιο

163 1621 226 1710 τῆν
249 1624 312 1712 μὲν
335 1615 399 1692 ούν
423 1621 529 1712 ἀρχὴν
551 1628 612 1692 τοῦ
635 1623 740 1710 λόγου
763 1628 896 1692 δίκαιον
915 1621 1120 1712 ἀγάσασθαι·
1145 1631 1260 1714 σαφῶς
1281 1653 1316 1695 τε

165 1729 228 1818 γὰρ
260 1729 328 1818 ἅμα
359 1731 415 1812 καὶ
448 1729 607 1821 ἀκριβῶς,
640 1727 685 1810 ῶς
718 1732 819 1818 ἐχρῆν
850 1735 956 1799 εἰπεῖν
988 1728 1176 1819 ἀρχόμενον
1208 1732 1316 1820 ἄνδρα

164 1837 363 1924 τηλικούτου
387 1835 563 1924 δόγματος,
586 1846 713 1926 εἴρηται
736 1844 929 1928 Χρυσίππῳ.
973 1839 1028 1906 καί
1052 1837 1128 1926 γάρ,
1151 1837 1202 1908 ὅτι
1226 1841 1316 1909 Πλά-

165 1971 233 2014 των
259 1951 335 2033 τρία
362 1945 445 2032 μέρη
473 1948 531 2031 τῆς
558 1948 665 2032 ψυχῆς
693 1946 822 2014 ἐτίθετο
850 1945 905 2013 καὶ
937 1943 1034 2014 ἅτινα
1056 1951 1176 2034 ταῦτα,
1208 1957 1317 2050 είρηκε

206 2166 218 2213 1
240 2159 269 2213 in
290 2154 422 2214 verbis
410 2179 425 2214 ο
446 2177 531 2221 τοπος
549 2180 589 2230 η
570 2159 626 2228 μᾶς
648 2159 752 2215 desinit
774 2163 894 2231 excerpt.
914 2161 952 2215 IV
971 2161 1050 2216 codd.
1070 2161 1181 2216 PP.—
1201 2168 1316 2232 ἳγενο-

165 2228 252 2300 μένης
281 2231 361 2285 co.dd
385 2230 448 2286 edd.
477 2231 627 2302 γενομένης
650 2248 714 2298 nos3
743 2231 777 2285 cl.
801 2249 828 2301 p
852 2238 904 2285 344
928 2235 998 2286 extr.
1022 2232 1058 2285 K·
1052 2250 1116 2319 φ.
1143 2240 1208 2302 231,
1232 2241 1257 2290 9.
1282 2264 1315 2274 -

166 2297 552 2443 ἱὛέίηέῖῖίίῆῗίέέι
570 2301 1038 2441 ilbi‘tbitltatllcn
1052 2275 1316 2466 t'tssllittt

165 2440 348 2529 ῆιὶντιλογία
368 2461 431 2514 nos3
451 2445 486 2500 cl.
506 2443 525 2500 l
544 2445 782 2514 1.-ιτροῆλθον
800 2444 892 2499 Μ.-
917 2446 1019 2500 'llnde
1038 2462 1056 2499 ε,
1074 2445 1166 2501 verbis
1185 2443 1242 2518 [τὸ]
1284 2467 1316 2502 εν

165 2511 221 2585 γὰρ
238 2509 325 2585 ῆμιτυ
343 2534 438 2571 rursus
461 2516 616 2586 incipitL;
640 2516 675 2570 ci.
695 2516 779 2570 Proll
803 2533 849 2602 pp.
871 2523 903 2570 72
927 2519 957 2571 et
975 2521 1070 2572 73.-
1099 2511 1234 2580 8ούσίας
1257 2469 1315 2588 ilas

165 2586 259 2656 ψυχῆς
284 2607 336 2640 τιν
359 2588 448 2642 L.-
478 2595 508 2642 11
535 2589 560 2641 A
579 2587 671 2642 verbis
690 2587 788 2656 σαφῶς
813 2607 873 2657 αμα
896 2587 976 2641 καὶ
968 2605 1021 2642 inc.
1046 2592 1168 2673 excerpt.
1188 2589 1212 2643 V
1236 2589 1315 2644 codd.

166 2657 282 2712 PR—
308 2641 340 2712 λθ
360 2655 399 2722 ῶς
416 2660 482 2716 ante
502 2655 588 2728 ἐχρῆν
613 2676 666 2714 om.
689 2659 778 2713 L—
802 2654 924 2714 verba
906 2678 1003 2721 ως-
1021 2655 1163 2730 δόγματος
1185 2676 1238 2717 om
1258 2660 1314 2717 FP.

169 2735 261 2782 -13
280 2729 329 2784 καί
349 2725 404 2799 γὰρ
423 2747 477 2785 om.
497 2730 553 2786 FP.
575 2761 608 2771 -

170 2914 260 2994 pect
265 2932 324 2994 us,
354 2910 611 2996 cupiditatem
644 2913 750 2977 circa
776 2911 1004 2977 umbilicum
1032 2933 1115 2976 esse
1143 2911 1208 2977 ait.
1257 2911 1318 2978 lta

168 3017 279 3082 sedes
309 3017 396 3102 ipsa
427 3040 495 3084 nos
533 3019 691 3084 ridetur
723 3018 872 3104 ingere,
911 3041 993 3085 cum
1027 3040 1149 3103 neque
1183 3042 1316 3085 sensus

168 3123 284 3188 huius
308 3124 366 3188 rei
384 3125 622 3191 manifestus
646 3129 789 3210 exstet,
812 3126 915 3192 sicut
938 3126 977 3190 in
994 3126 1175 3210 reliquis,
1197 3149 1316 3211 neque

169 3235 413 3316 argumenta,
441 3232 581 3316 quibus
610 3233 684 3300 hoc
707 3232 983 3300 ratiocinando
1012 3232 1151 3318 colligi
1180 3234 1313 3317 possit

168 3360 245 3403 non
274 3338 374 3402 enim
397 3339 436 3404 in
463 3343 615 3406 tantam
646 3343 724 3404 tum
752 3341 856 3405 inter
885 3339 1071 3424 medicos,
1102 3343 1180 3404 tum
1212 3339 1316 3404 inter

169 3444 427 3530 philosophos
450 3447 756 3513 controversiam
783 3469 843 3510 res
867 3446 1061 3512 venisset’.
1105 3446 1169 3512 Hic
1191 3446 1316 3531 primus

170 3555 220 3616 est
243 3549 418 3637 Chrysippi
446 3553 485 3617 de
507 3553 694 3637 principatu
715 3554 820 3638 locus,
847 3576 943 3638 quern
972 3555 1006 3620 in
1033 3554 1142 3640 priore
1168 3553 1253 3618 libro
1277 3553 1315 3618 de

170 3659 281 3724 anima
303 3659 443 3744 scripsit.
488 3659 527 3724 In
556 3660 664 3744 priore
689 3660 775 3726 enim
802 3661 937 3726 dimidia
965 3665 1059 3746 parte
1081 3661 1159 3725 libri
1182 3660 1221 3724 de
1244 3661 1316 3726 sub·

170 3767 293 3832 stantia
317 3767 444 3832 animae
468 3767 608 3852 quaerit,
632 3768 666 3833 in
689 3767 794 3832 altera
817 3768 1045 3853 subsequente,
1073 3790 1155 3853 quae
1183 3769 1224 3832 ab
1255 3767 1316 3851 his,

170 3895 252 3958 quae
287 3873 457 3958 exscripsi,
489 3873 597 3939 verbis
631 3875 797 3941 exordium
830 3874 941 3958 sumit,
979 3875 1147 3940 ostendere
1179 3879 1316 3940 conatur

170 3980 298 4046 animae
321 3981 575 4066 principatum
565 4005 599 4047 1n
622 3982 716 4048 corde
740 3981 908 4048 contineri
953 3981 1098 4066 Atque
1089 3982 1219 4048 mitium
1246 3982 1315 4066 qui·

169 4087 244 4152 dem
266 4087 363 4152 huius
385 4088 449 4154 loci
472 4089 686 4155 admiratione
710 4090 930 4176 dignum,
867 4093 929 4154 est·
958 4089 1151 4154 etdilucide
1174 4089 1260 4154 enim
1284 4092 1317 4153 et

170 4199 334 4280 manaae,
360 4195 631 4281 quemadmodum
659 4197 792 4262 decebat
777 4201 903 4280 teum,
930 4196 985 4280 qui
1008 4195 1047 4260 de
1070 4199 1163 4262 tanto
1186 4196 1315 4262 decreto

170 4303 395 4387 disputaturus
423 4306 506 4387 erat,
536 4303 740 4368 dictumest.
785 4303 871 4370 Nam
894 4304 1065 4368 Platonem
1092 4306 1160 4367 tres
1188 4303 1316 4370 animae

169 4413 281 4495 partes
303 4410 452 4494 posuisse
475 4432 619 4494 quaeque
642 4411 719 4500 illae
737 4415 846 4476 essent
864 4410 1044 4495 quibusque
1067 4410 1101 4475 in
1125 4410 1316 4478 animalium
