3300 5146
647 418 888 484 -285-

189 567 238 645 ἀν
267 577 473 665 διεξέρχομαι
500 574 537 643 τὸ
565 573 738 663 παραστάν
770 571 832 642 ούκ
864 570 996 661 ὀκνήσω
1025 569 1164 659 φράσαι·
1192 573 1338 640 λέλεκται

190 682 227 750 δὲ
250 680 315 751 ὑπὸ
338 687 406 750 τῶν
424 685 576 750 παλαιῶν
594 680 804 768 φιλοσόφων,
826 677 871 758 ως
895 675 956 748 οὐκ
980 679 1149 764 ἐνδέχεταί
1168 703 1244 745 τινα
1269 681 1339 746 δια-

189 789 372 877 λεγόμενον
395 785 588 876 ἀδολέσχοις
610 785 805 876 ἀνθρώποις
831 784 1038 874 ἀποσχέσθαι
1066 786 1183 864 τελέως
1210 782 1339 872 ἀπάσης

190 895 394 984 ἀδολεσχίας.
453 900 554 982 ἔγωγε
595 887 657 963 οὖν
693 891 915 982 ἠναγκάσθην
950 889 1016 960 ὑπὸ
1048 895 1110 958 τοῦ
1142 898 1340 978 Χρυσίππου

190 1003 393 1090 προσχυθείς
419 997 614 1089 ἀδολεσχίας
642 1003 831 1089 ἐξηγεῖσθαι
860 999 919 1080 τάς
949 1025 983 1068 τε
1011 1002 1079 1068 τῶν
1112 1003 1257 1067 ἰδιωτῶν
1285 1000 1373 1066 καὶὸ

190 1109 247 1188 τὰς
275 1106 464 1197 Εὐριπίδου
491 1109 621 1196 φωνάς,
648 1107 666 1177 d
695 1108 818 1196 μήποτε
846 1103 889 1176 ἀν
920 1105 1005 1176 ἑκὼν
1033 1106 1196 1194 ἐτόλμησα
1219 1107 1339 1193 πρᾶξαι

190 1217 264 1304 περὶ
296 1216 494 1304 τηλικούτου
530 1216 695 1304 δόγματος
727 1212 912 1296 ἀποδείξεις
950 1212 1101 1302 γράφων.
1159 1209 1220 1300 ούχ
1252 1210 1341 1293 ὅπως

191 1320 255 1410 χάρ
274 1320 460 1411 Εὐριπίδης
482 1318 502 1408 ἢ
526 1329 688 1410 Τυρταῖος
705 1319 725 1408 ἥ
744 1348 794 1400 τις
812 1318 911 1400 ἀλλος
933 1318 1079 1410 coaptato
1102 1315 1195 1406 ἢκαλ
1218 1320 1407 1396 narret-819

191 1448 294 1497 πασιν
327 1429 462 1516 ἰδιιάτης
495 1428 608 1509 ἱκανὸς
645 1427 861 1496 πιστεύεσθαι
898 1429 972 1516 περὶ
1012 1426 1178 1514 δόγματος
1212 1423 1341 1514 ἀπάσης

192 1532 391 1618 ἀποδείξεως
413 1543 523 1625 χωρίς,
546 1533 628 1604 ἀλλά
653 1532 731 1604 οὐδὲ
751 1531 851 1614 αύτὸς
873 1533 891 1602 ὁ
915 1534 1051 1603 πάντων
1074 1537 1198 1622 ίατρῶν
1223 1530 1340 1622 ὁμολο-
1355 1561 1381 1600 ιο

193 1644 363 1731 χονμένως
390 1642 525 1733 ἀριστος
542 1641 773 1732 Ἱπποκράτης,
801 1640 911 1730 ὥσπερ
939 1637 1019 1710 οὐδὲ
1042 1637 1060 1708 ὁ
1084 1644 1214 1728 πρῶτος
1236 1637 1340 1708 ἀπάν-

192 1776 260 1818 των
283 1749 482 1837 φιλοσόφων
505 1750 659 1819 Πλάτων.
696 1747 776 1819 οὐδὲ
799 1748 863 1837 χάρ
882 1745 925 1816 ἀν
948 1749 1096 1836 §apciora
1113 1744 1179 1816 ὑπὸ
1203 1747 1341 1834 φθόνον

195 1855 382 1944 σύμπαντες
414 1863 450 1925 οί
478 1857 559 1945 μετά
588 1855 693 1926 αὐτὸν
726 1854 805 1926 οὐδὲ
837 1851 880 1924 ἀν
912 1853 976 1922 ὑπὸ
1010 1861 1216 1941 φιλονεικίας
1248 1850 1342 1922 ἀναί-

194 1983 318 2050 σχυνια
342 1969 558 2052 σοφίζωνται,
581 1963 732 2053 καθάπερ
760 1967 796 2031 οί
816 1963 889 2050 περὶ
912 1960 973 2031 τὸν
996 1960 1203 2050 Χρύσιππον,
1230 1957 1250 2048 ἢ
1279 1959 1342 2090 την

195 2068 308 2150 δόξαν
324 2068 571 2159 ὑπερβαλέσθαι
599 2071 676 2139 ποτε
705 2068 909 2156 δυνήσονται
936 2072 997 2137 τού
1024 2063 1253 2147 Πλάτωνος’“
1233 2096 1253 2155 η
1281 2065 1342 2136 τὸν
1356 2095 1381 2134 ιι

193 2180 261 2245 τῶν
280 2174 482 2259 ἀποδείξεων
505 2179 715 2266 μιμησασθαι
733 2175 873 2264 κόσμον·
897 2173 1018 2244 ἀλλά”
1000 2201 1090 2262 ομως
1108 2171 1187 2243 οὐδὲ
1210 2174 1342 2254 τούτοις

200 2299 405 2407 Ιάκνῆσαι
404 2339 493 2394 M—
520 2333 664 2409 θάποδέχ
666 2342 751 2424 εσθμι
770 2355 820 2422 pro
839 2331 1018 2406 ἀποσχέσθαι
1037 2337 1126 2392 M.-
1151 2343 1276 2406 δαροαχ
1277 2337 1342 2398 θείς

194 2409 333 2536 ἀλλά
353 2360 750 2550 isiitoiitit'i‘dw
738 2426 829 2535 ‘¹3⁰0'
849 2425 950 2534 {titt
952 2407 1287 2534 tsittuwiitmcii'
1290 2438 1342 2532 aa.

195 2547 243 2614 τὰς
266 2547 282 2607 ἀ
271 2502 469 2607 aitardo'
444 2546 479 2620 (ἀ.
498 2573 526 2608 τι.
545 2553 631 2622 P)F;
649 2502 713 2608 tf.
708 2551 793 2608 Proll.
819 2569 846 2622 p.
867 2557 966 2606 76.-
923 2500 937 2542 ς
993 2557 1025 2604 12
1045 2548 1160 2619 δαμεῖεν
1178 2549 1342 2604 MABOhK

195 2620 318 2712 (torpetem
341 2623 403 2691 FP3
427 2623 463 2678 cf.
481 2623 566 2680 Pron.
590 2625 609 2679 l.
633 2625 708 2679 l.—
733 2624 954 2708 14σσφίζονται
977 2622 1123 2676 PAB.-
1148 2627 1181 2676 ld
1203 2616 1341 2692 ύτιερβαλ-

195 2693 297 2749 λέσθαι
321 2695 387 2782 (sic)
406 2695 459 2750 AB
481 2690 711 2781 ὑπερβάλλεσθαι
739 2642 846 2750 (λλιΚοφ
832 2688 975 2766 ἀπερβαλέ
977 2696 1046 2748 σθαι
1070 2691 1166 2760 FPM,
1194 2693 1229 2750 ct.
1256 2692 1341 2748 Proll.

196 2784 223 2886 p.
242 2773 338 2821 28.—
305 2761 409 2834 -τὴν
427 2763 627 2830 ΠλάτωνοςΡ.
647 2798 681 2808 -

215 2880 291 2885 ——-—-
310 2880 348 2885 -—
364 2879 409 2887 uo·-

197 2931 324 2996 animae
348 2934 466 3016 partes.
516 2929 579 2996 Sed
602 2931 688 3016 quod
711 2930 792 2996 mihi
815 2931 899 2996 inter
921 2929 1008 2995 hanc
1029 2929 1285 3014 disputationem
1308 2930 1341 2994 in

197 3042 339 3104 mentem
358 3033 457 3122 teuit,
474 3039 580 3103 dicere
598 3062 665 3105 non
681 3038 854 3125 gravabor.
875 3037 998 3102 dictum
1017 3061 1037 3102 a
1055 3037 1218 3103 veteribus
1238 3036 1343 3121 philo-

197 3146 310 3231 sophis
334 3151 384 3212 est
406 3145 476 3210 fieri
495 3169 561 3212 non
583 3169 688 3231 posse,
709 3150 756 3228 ut,
774 3144 830 3230 qui
849 3165 923 3209 cum
941 3144 1082 3230 garrulis
1101 3145 1293 3229 disputaret,
1315 3144 1343 3208 is

198 3255 239 3318 ab
260 3255 347 3320 omni
366 3253 560 3340 garrulitate
580 3275 712 3338 prorsus
732 3253 919 3318 abstineret.
954 3250 1070 3336 Itaque
1089 3273 1150 3338 ego
1165 3249 1343 3336 Chrysippi

198 3361 390 3446 garrulitate
414 3361 563 3448 perfusus
587 3366 718 3428 coactus
743 3365 872 3426 sumet
898 3359 988 3444 vulgi
1013 3363 1045 3423 et
1066 3358 1234 3443 Euripidis
1257 3358 1344 3423 dicta

198 3469 385 3553 explanare,
412 3471 499 3554 quod
520 3492 686 3554 nunquam
710 3469 817 3534 animo
844 3467 962 3532 libenti
985 3489 1082 3532 ausus
1110 3487 1215 3531 essem
1237 3465 1344 3531 facere

197 3577 282 3642 tanti
304 3577 425 3642 decreti
442 3577 734 3643 demonstrationes
754 3576 908 3640 scribens.
942 3573 1030 3640 Nam
1047 3596 1115 3639 non
1137 3572 1234 3639 modo
1251 3572 1345 3639 Euri-

198 3683 290 3767 pides
314 3683 365 3749 vel
384 3683 542 3768 Tyrtaeus
565 3684 617 3748 vel
639 3681 745 3767 quivis
764 3682 847 3746 elius
871 3685 967 3766 poete
986 3681 1038 3746 vel
1057 3680 1156 3745 etiam
1175 3680 1307 3746 omuino
1326 3702 1344 3743 e

198 3791 297 3876 vulgo
313 3791 430 3875 aliquis
444 3813 511 3856 non
530 3790 611 3855 satis
634 3789 778 3874 locuples
792 3789 886 3854 testis
905 3791 964 3872 est,
978 3787 1029 3853 cui
1044 3789 1114 3852 sine
1132 3787 1200 3851 ulla
1213 3787 1343 3852 demon·

199 3898 357 3964 stratione
380 3897 419 3962 de
442 3898 571 3962 decreto
594 3897 673 3962 fides
700 3896 806 3961 omnis
829 3895 1004 3980 habeatur,
1035 3895 1091 3960 sed
1112 3917 1154 3958 ne
1181 3895 1251 3978 ipse
1275 3894 1343 3978 qui·

198 4005 271 4068 dem
303 4003 501 4070 medicorum
531 4025 688 4070 consensu
719 4003 863 4068 omnium
894 4001 1195 4087 praestantissimus
1221 3999 1344 4085 Hippo-

199 4115 304 4176 crates
331 4134 390 4177 nec
416 4111 512 4177 Plato
540 4109 812 4195 philosophorum
840 4109 985 4174 omnium
1016 4109 1175 4193 princeps.
1229 4107 1343 4192 Neque

199 4219 300 4302 enim,
329 4219 357 4283 si
385 4219 435 4284 vel
464 4240 576 4284 omnes
599 4217 797 4302 posteriores
820 4218 945 4282 invidia
975 4219 1169 4301 rumpantur
1195 4215 1246 4278 rel
1271 4237 1344 4280 con-

199 4326 355 4392 tentionis
380 4325 486 4390 studio
516 4324 656 4389 absurda
678 4325 883 4408 impudenter
905 4325 1208 4407 comminiscantur,
1235 4344 1343 4408 quem-

200 4433 374 4497 admodum
395 4429 571 4516 Chrysippi
596 4435 780 4516 sectetores‚
799 4431 946 4498 Platonis
969 4432 1020 4496 vel
1043 4431 1183 4516 gloriam
1201 4451 1343 4514 unquam
