3136 5142
762 420 1005 486 —282—

308 588 490 667 παρελθεῖν
528 577 566 646 δὲ
602 578 656 646 καὶ
695 575 758 665 τὴν
792 573 877 664 πρὸς
911 573 989 656 τοὺς
1022 571 1257 663 ἠρωτημίνους
1292 574 1355 646 ὑπὸ
1382 581 1441 646 τοῖν

308 683 444 774 ἀνδρῶν
471 685 592 772 λόγους
619 681 814 771 ἀντιλογίαν
840 711 875 754 τε
902 684 957 752 καί
985 681 1099 769 λύσιν,
1127 680 1181 769 ἐφ’
1211 675 1232 773 ᾖ
1259 677 1441 772 δίκαιουῆν

309 788 412 862 αὐτὸν
444 789 630 874 ἀποδείξεσι
662 790 874 882 χρησάμενον
907 792 1175 878 ἑπιστημονικαίς
1201 793 1382 879 ἐμπεδῶσαι
1408 791 1439 859 τὸ

281 900 431 968 ιὲαυτοῦ
461 898 581 987 δόγμα,
608 902 756 986 ποιητῶν
784 898 821 967 δὲ
847 901 1039 986 μεμνῆσθαι
1071 897 1127 964 καί
1153 901 1285 984 πλῆθος
1313 903 1440 968 ttamen

243 1028 300 1084 κιο
309 1014 422 1076 καλεῖν
448 1010 664 1095 μαρτυρῆσον
686 1007 741 1074 καὶ
768 1012 803 1073 τί
829 1007 833 1095 Ι
863 1006 1019 1090 λέγουσιν
1042 1007 1081 1072 πί
1105 1019 1276 1090 γυναῖκες,
1302 1005 1440 1092 γράφειν,

309 1109 389 1182 οὐδὲ
415 1105 485 1181 ,οὖν
520 1109 600 1181 οὐδὲ
628 1113 665 1180 ἐν
697 1109 812 1192 αὐτοῖς
839 1105 889 1191 οἷς
919 1118 1015 1179 καλεῖ
1039 1109 1206 1199 μάρτυσιν
1237 1107 1439 1199 εὐτυχοῦντας

308 1220 362 1288 καὶ
390 1218 455 1307 γάρ
478 1224 513 1288 ol
537 1221 670 1310 ποιηταὶ
697 1219 779 1288 κατὰ
806 1215 911 1287 αὐτοῦ
941 1220 1098 1305 λέγουσιν
1120 1216 1264 1298 ἅπαντες
1289 1216 1327 1286 τὰ
1351 1225 1439 1286 τελείει

308 1328 363 1395 καὶ
386 1331 422 1395 οἱ
442 1330 581 1395 ίδιῶται.
626 1335 675 1407 τίς
701 1331 787 1414 γοῦν
817 1323 878 1394 οὐκ
906 1331 1029 1414 ἔγραψε
1058 1325 1197 1414 ποιητὴς
1224 1327 1393 1414 ἐπιθυμεῖν
1412 1353 1440 1394 τε

308 1435 363 1514 καὶ
396 1437 593 1521 θυμοῦσθαι
625 1431 731 1501 πολλὰ
761 1437 830 1502 τῶν
862 1432 955 1525 ζῴων
990 1429 1176 1520 ἀνθρώπου
1212 1433 1441 1520 σφοδράτερον;

269 1567 294 1608 ιο
308 1548 358 1622 τίς
380 1542 417 1610 δὲ
435 1539 570 1627 ίδιάτης
588 1537 649 1628 οὐχ
668 1537 755 1608 οὕτω
773 1543 890 1628 χρῆται
908 1552 979 1619 τοῖς
996 1536 1174 1626 ὀνόμασιν,
1196 1535 1241 1620 ὥς
1263 1539 1300 1608 τὸ
1320 1539 1441 1608 Πλάτεν
1555 1597 1556 1600 ,

308 1675 368 1728 νος
389 1647 544 1736 βούλεται
568 1646 689 1734 δόγμα,
711 1645 771 1715 τὸν
790 1646 852 1734 μὲν
865 1643 1037 1744 ,ἀκάρδιον
1061 1648 1098 1714 ἐν
1121 1653 1181 1738 loqu
1204 1650 1251 1739 τῷ
1271 1645 1380 1716 δειλὸν
1395 1647 1441 1714 καὶ

308 1754 454 1844 ἄτολμον
472 1756 526 1823 καὶ
541 1752 714 1841 ἄνανδρον
732 1750 917 1842 ὀνομάζων,
936 1757 1078 1841 καρδίαν
1097 1754 1135 1822 δὲ
1153 1759 1271 1842 λαβεῖν
1289 1753 1442 1841 ἐγκελευό-

307 1888 422 1950 μενος,
437 1861 572 1930 ἐπειδάν
589 1867 635 1942 είς
649 1858 811 1948 ἀνδρείαν
824 1862 944 1948 πρᾶξιν
958 1863 1108 1951 ἐπεγείρῃ
1122 1861 1183 1930 τὸν
1196 1864 1307 1948 πέλας,
1326 1863 1442 1948 ἐπεγγε·

308 1973 377 2037 λῶν
391 1968 427 2036 δὲ
442 1983 511 2048 τοῖς
525 1967 670 2056 ἀνόητον
686 1971 839 2036 είποῦσιν
853 1964 1100 2054 ἀνεγκεφάλους
1113 1969 1168 2036 καὶ
1183 1966 1364 2048 ἀσυνέτους
1377 1965 1443 2038 ἀνο-

268 2101 293 2140 ιε
306 2074 418 2164 μάζιον
441 2071 578 2160 αὐτούς,
603 2075 735 2162 ἑτέρους
756 2074 795 2142 δὲ
817 2071 975 2160 ἀγχίνους
996 2075 1052 2142 καί
1076 2079 1195 2156 ἔννους
1217 2075 1372 2163 φάσκων,
1393 2072 1445 2154 οὓς

307 2177 351 2250 ἀν
369 2179 414 2262 ὡς
436 2181 597 2263 συνετοὺς
615 2184 745 2272 ἐπαινῇ,
768 2178 999 2268 ἀσπλάγχνους
1018 2182 1055 2250 δὲ
1077 2179 1257 2252 ἀποκαλῶν
1273 2181 1353 2263 τοὺς
1373 2182 1444 2272 μήτε

343 2415 359 2462 2
378 2403 542 2477 ἀντιλογίαν
565 2405 614 2460 καὶ
636 2401 716 2461 λάσιν
734 2405 771 2460 Μ.
790 2436 824 2446 -
848 2413 864 2460 3
885 2399 1107 2478 ίπιοτημονικάς
1123 2406 1218 2462 MAB.
1242 2439 1275 2450 —
1300 2413 1315 2463 7
1338 2409 1444 2478 ποιητοί

307 2475 371 2535 κατ’
391 2474 481 2535 αάτοῦ
501 2479 589 2534 Mle
613 2497 643 2542 π.
662 2477 711 2532 καὶ
730 2471 795 2531 κατ’
815 2471 905 2532 αὐτοῦ
926 2475 1010 2544 0ng
1034 2479 1068 2533 οἱ.
1087 2479 1173 2534 Proll.
1196 2498 1223 2550 p.
1244 2483 1287 2536 58.
1310 2511 1344 2522 -·
1369 2487 1398 2536 11
1416 2475 1444 2534 ιδ

307 2549 360 2621 μιν
378 2547 581 2635 secusve,
599 2547 652 2620 mv
670 2550 712 2616 m
735 2549 770 2604 cf.
788 2547 873 2634 131011.
893 2567 920 2632 p.
940 2555 984 2604 τι.
1005 2581 1037 2589 -
1069 2555 1100 2604 ιο
1119 2553 1240 2636 ιιριγ
1258 2549 1397 2607 nsum
1414 2583 1443 2591 -
1555 2533 1556 2554 ¹

309 2630 342 2676 14
360 2625 589 2691 κενεγιιεφαλους
606 2621 643 2675 Μ.
663 2651 696 2661 —-
718 2627 750 2676 16
769 2639 807 2690 μη
828 2613 977 2683 lamnae
996 2620 1077 2676 oodd.
1097 2620 1159 2678 edd.
1177 2641 1249 2692 μητε
1269 2617 1292 2677 ί.
1311 2639 1369 2681 nos.
1386 2653 1417 2664 -

306 2833 471 2896 firmatum
499 2829 556 2912 sit,
588 2828 784 2910 adscribere,
815 2829 991 2912 praeterire
1020 2828 1120 2894 etiam
1148 2830 1385 2896 controversias
1409 2829 1443 2894 de

307 2960 417 3003 eomm
449 2935 633 3001 rationibus
666 2935 1039 3022 interrogationibusque
1074 2941 1166 3002 ortes
1203 2935 1443 3023 solutionesque,

308 3045 425 3132 quibus
457 3042 613 3108 adhibitis
646 3041 759 3107 debuit
797 3043 1129 3114 demonstrationibus
1165 3044 1369 3130 elegantibus
1401 3046 1441 3111 uti

308 3156 404 3237 atque
432 3152 480 3216 ite
513 3171 606 3215 suum
635 3149 801 3214 decretum
834 3150 1038 3232 confirmare,
1065 3153 1136 3214 tum
1166 3155 1339 3234 poetarum
1366 3153 1441 3218 dicte

309 3258 461 3343 colligere
477 3261 509 3321 et
522 3255 755 3346 imperitorum,
766 3257 881 3343 vulgus
896 3255 931 3322 in
945 3256 1171 3324 testimonium
1185 3281 1301 3325 vocare
1316 3265 1357 3344 et,
1374 3259 1440 3346 quid

307 3364 514 3429 mulierculae
538 3362 658 3447 dieunt,
680 3363 801 3428 litteris
827 3364 997 3447 mandere,
1025 3387 1221 3450 quemquem
1243 3389 1359 3452 pamm
1379 3367 1440 3432 feli·

307 3468 388 3533 citer
409 3469 461 3534 his
486 3469 586 3534 etiem
610 3471 748 3535 testibus
770 3493 822 3534 res
847 3470 976 3556 agitur?
1022 3471 1143 3537 Poetae
1166 3473 1252 3538 enim
1276 3498 1315 3540 ee
1336 3475 1441 3560 vulgus

307 3576 459 3662 pleraque
483 3580 597 3643 eontra
616 3599 689 3642 eum
708 3577 827 3642 dieunt.
864 3575 944 3654 Quis
964 3577 1048 3643 enim
1072 3583 1172 3663 poete
1190 3583 1249 3664 est,
1272 3582 1327 3666 qui
1349 3582 1441 3646 mults

308 3682 463 3748 animalia
485 3684 583 3749 bruta
606 3683 736 3749 homine
755 3683 978 3748 vehementius
998 3686 1031 3748 et
1049 3685 1278 3770 oonoupisoere
1302 3693 1334 3754 et
1356 3687 1441 3755 irasci

307 3813 373 3864 non
396 3789 526 3855 tradet?
573 3789 652 3868 Qui·
672 3813 688 3856 e
712 3791 811 3877 vulgo
834 3789 942 3855 verbis
964 3813 1030 3857 non
1053 3790 1102 3856 ite
1119 3792 1231 3878 utitur,
1255 3799 1292 3860 ut
1305 3795 1442 3864 Plutonis

307 3897 469 3962 decretum
484 3896 575 3962 vult?
599 3897 767 3962 excordem
786 3897 872 3962 enim
891 3920 964 3963 eum
984 3899 1138 3984 appellat,
1160 3901 1215 3986 qui
1235 3903 1444 3972 meticulosus.

305 4003 439 4069 timidus
458 4003 664 4089 imbellisque
682 4007 745 4091 est,
769 4007 802 4070 et
820 4027 893 4070 eum
907 4003 949 4068 ed
967 4027 1037 4071 rem
1055 4005 1185 4074 fortiter
1200 4009 1444 4096 aggrediendum

307 4111 445 4178 alterum
469 4111 593 4194 incitet,
617 4131 672 4176 oor
694 4115 732 4177 ut
754 4111 872 4197 capiet,
895 4111 1058 4200 hortatum
1082 4135 1147 4199 eos,
1170 4115 1224 4200 qui
1249 4116 1349 4182 stulte
1366 4116 1445 4182 dixe

307 4224 397 4302 runt,
421 4218 543 4285 cerebri
567 4223 714 4305 expertes
739 4224 772 4286 et
793 4219 985 4305 insipientes
1013 4221 1150 4286 irridens
1177 4221 1342 4308 nominet3
1370 4222 1446 4288 ulios

307 4331 420 4394 contre
447 4347 580 4414 sngaoes
608 4329 641 4392 et
668 4326 906 4412 intellegentes,
934 4349 1071 4412 quorum
1098 4327 1305 4414 prudentium
1328 4329 1445 4410 luudst3

308 4437 342 4502 et
364 4434 419 4518 qui
441 4433 603 4498 neminem
626 4432 836 4522 miserentur,
861 4433 1024 4504 neminem
1048 4439 1160 4506 emant
1185 4457 1259 4522 neo,
1287 4435 1355 4504 sive
1383 4437 1444 4504 leu-
