3166 5192
565 417 807 484 -511-

114 578 196 654 δοῦς
218 583 268 662 είη
292 575 439 662 δένδρου
464 573 501 642 τὸ
527 575 663 662 σπέρμα.
708 579 775 660 μίαΙ
795 571 856 660 μὲν
884 561 947 640 οὖν
974 568 1057 658 άρχὴ
1085 575 1144 658 τῆς
1168 573 1258 658 γενέ·

113 681 195 762 σεσίς
226 684 293 750 ἐστι
322 681 377 750 καλ
404 684 463 767 τῆς
490 677 658 766 αὐξήσεως
685 677 785 748 ἅπασι
813 682 874 746 τοῦ
896 681 1006 764 φυτοῦ
1032 693 1102 757 τοῖς
1124 679 1259 766 μέρεσιν

113 787 131 856 ὁ
156 788 257 868 τόπος
281 790 421 872 ἐκεῖνος,
449 785 533 856 ὅθεν
556 785 626 855 ἄνευ
655 785 716 874 μέν
738 785 775 854 τὸ
800 787 963 874 πρέμνον,
990 781 1010 872 ἡ
1035 783 1071 852 δὲ
1095 781 1260 872 ἀρχὴτῆς

113 893 275 980 ῥιζώσεως
292 893 381 962 κάτω
400 901 538 980 γίνεται,
561 895 615 962 καὶ
639 899 792 980 φαίνεται
812 891 964 979 καθάπερ
983 897 1019 958 έκ
1037 917 1129 970 τινος
1151 891 1286 970 ε’στίαςι

110 998 130 1087 ἡ
156 1005 331 1070 διοικοῦσα
354 999 391 1069 τὸ
411 1002 556 1088 δένδρον
576 999 719 1087 δύναμις
738 1001 868 1068 ἐκεῖθεν
886 996 1073 1086 ὁρμωμένη.
1094 999 1097 1085 l
1117 1012 1257 1064 κινεῖται
1267 1016 1325 1072 524

111 1107 175 1194 μέν
192 1099 333 1188 οὖντὰς
352 1109 505 1188 ἐναντίας
527 1107 684 1196 κινήσεις,
708 1112 755 1186 είς
773 1105 835 1193 μέν
857 1105 894 1174 τὸ
914 1105 1001 1174 κάτω
1020 1105 1074 1173 καί
1094 1103 1130 1172 τὸ
1151 1103 1260 1191 βάθος

111 1218 169 1300 τῆς
195 1219 255 1300 γῆς
283 1219 320 1284 ἔν
351 1240 385 1282 τε
413 1218 458 1306 τῷ
486 1221 692 1300 κατασχίζειν
720 1218 767 1292 είς
789 1211 894 1280 πολλὰ
922 1209 981 1291 τὰς
1007 1210 1139 1298 προίτας
1170 1213 1259 1297 ῥίζας

111 1321 165 1388 καὶ
185 1319 343 1402 αὐξάνειν
362 1327 395 1406 †·
420 1327 467 1400 είς
490 1322 526 1388 δὲ
545 1319 582 1389 τὸ
602 1319 673 1388 ἄνω
697 1319 841 1398 κλάδους
863 1319 925 1405 μέν
947 1345 1041 1396 τινας
1058 1315 1259 1404 άποφύουσα

111 1430 173 1493 τοῦ
196 1428 383 1514 στελέχους,
407 1429 555 1506 ἐκείνους
578 1427 615 1494 δὲ
638 1419 739 1506 αὖθις
762 1431 809 1504 είς
832 1425 964 1511 ἑτέρους
986 1431 1141 1511 σχίζουσα
1164 1425 1258 1510 μέχρι

112 1537 179 1601 τῶν
203 1532 351 1620 ἐσχάτων
373 1535 427 1601 καί
452 1533 659 1602 λεπτοτάτων
682 1535 844 1619 βλαστών.
887 1532 943 1599 καὶ
967 1532 1057 1598 ἔοικέ
1076 1557 1112 1617 γε
1136 1529 1173 1599 τὸ
1198 1531 1260 1618 μὲν
1274 1553 1299 1594 ιο

112 1638 183 1708 ἄνω
206 1642 306 1728 μέρος
326 1637 425 1724 ἅπαν,
448 1639 529 1728 ὅπερ
553 1640 620 1708 ἐστὶ
639 1637 676 1708 τὸ
697 1640 852 1725 δένδρον,
876 1639 988 1706 ἕνεκεν
1007 1638 1128 1706 ἑαυτοῦ
1150 1639 1257 1705 τεκαὶ

110 1751 173 1815 τοῦ
194 1750 324 1833 καρποῦ
343 1746 565 1832 διαπλάττειν,
587 1759 625 1814 το
649 1745 736 1814 κάτω
756 1744 792 1812 δὲ
815 1741 899 1832 ὑπὲρ
920 1747 979 1832 τῆς
1001 1744 1083 1812 κατὰ
1106 1744 1168 1831 τὴν
1184 1771 1259 1834 τρο-

111 1853 181 1941 φὴν
213 1851 380 1941 εὐπορίας.
434 1851 554 1922 ὁποῖον
585 1853 649 1940 γάρ
685 1879 716 1919 τι
748 1865 818 1930 τοῖς
846 1851 941 1943 ζςάοις
973 1851 1041 1919 ἐστὶ
1073 1850 1110 1919 τὸ
1142 1851 1258 1941 στόμα,

148 2073 163 2120 6
184 2066 313 2122 κινοῦται
331 2069 367 2122 Μ.
393 2099 424 2108 —·
451 2075 465 2122 'l
486 2071 551 2138 post
569 2067 747 2136 κατασχίζειν
770 2067 856 2119 verba
880 2059 930 2119 τὸν
954 2061 1074 2136 βλαστὸν
1096 2067 1259 2136 πολυμερῶς

113 2137 390 2204 interserentes&
415 2139 448 2192 ef.
468 2139 553 2192 Proll.
572 2157 599 2208 p.
620 2143 662 2190 52.
689 2169 719 2176 -
745 2131 849 2198 πολλάς
868 2135 946 2190 ChK.
967 2167 1000 2176 -
1024 2135 1102 2204 ὅίζας
1121 2133 1259 2202 αὐξάνειν

112 2207 191 2260 codd.
212 2207 273 2264 edd.
294 2206 371 2276 ρ’ίζας
390 2209 438 2263 καλ
458 2204 488 2262 έν
512 2210 549 2282 τῷ
569 2203 631 2274 urit.
651 2207 731 2263 Corn.
756 2207 804 2260 καλ
824 2201 886 2272 urie.
910 2225 969 2260 nus.
990 2239 1022 2246 —
1047 2215 1062 2260 8
1087 2213 1152 2276 post
1170 2203 1258 2273 αὐξά-

112 2297 173 2401 ρερρ
197 2279 319 2414 ερξορὶιιιιι
343 2297 462 2368 saeuum
488 2279 721 2415 dugsslffim’gfm¹
741 2278 899 2402 litteram&
917 2277 946 2330 in
965 2279 1007 2401 blf,
1031 2278 1133 2403 {giuti
1152 2297 1205 2415 'lex
1228 2280 1258 2364 ip

183 2369 357 2404 αυανεινα
394 2371 498 2414 οενας
608 2369 849 2411 αυ.ταςαυτας
890 2367 961 2414 orn.;
998 2365 1029 2402 or
1075 2367 1257 2404 εοαυ.αυ-

111 2417 162 2482 τάς
180 2441 208 2475 τε
229 2421 277 2474 καλ
296 2417 347 2484 τάς
360 2371 524 2490 Multarum
543 2421 605 2476 coll.
625 2421 686 2476 Gal.
707 2419 761 2474 vol.
781 2419 831 2484 lv,
851 2427 902 2474 666
922 2419 955 2474 Κ.
981 2451 1012 2458 —-
1037 2439 1090 2474 τισι
1109 2437 1160 2490 pro
1179 2440 1259 2483 τινας

113 2492 153 2554 M;
173 2497 237 2560 post
255 2512 309 2547 τισι
328 2495 448 2562 spatium
464 2511 524 2548 vae.
539 2511 639 2546 novem
657 2493 715 2546 lere
734 2491 905 2556 litterarum
925 2491 1052 2560 sequitur
1065 2491 1142 2546 στελέ
1162 2511 1210 2554 ους
1229 2492 1257 2545 in

112 2563 140 2616 M
160 2560 238 2626 τινάς
256 2559 455 2633 άποφάσουσιν
474 2565 528 2618 ΑΒ
551 2585 573 2620 τ.
594 2558 775 2631 άποφδουσιν
795 2560 865 2616 ChK
885 2583 907 2616 τ.
926 2558 1115 2630 άποφάσουσα
1135 2511 1214 2617 ἐστο.
1234 2584 1258 2619 τ.

111 2629 284 2703 άποφάουσα
303 2653 362 2692 nos.
383 2667 412 2676 ·-
435 2643 451 2690 9
469 2635 518 2690 καλ
538 2633 683 2704 στελέχους
702 2633 844 2688 ΑΒΟοτιι.
865 2634 915 2687 τοῦ
935 2652 973 2688 στ.
989 2632 1069 2692 ChK.
1090 2665 1122 2674 —
1143 2629 1254 2688 ἐκείνου

112 2705 179 2761 MA.
204 2737 237 2746 —
261 2709 403 2776 σχίζουσα
426 2707 505 2762 οοδδ.
529 2707 591 2760 edd.
620 2707 750 2774 σχίζουσα
774 2704 854 2759 Corn.
879 2735 912 2744 —
936 2707 1002 2774 post
1025 2707 1164 2773 σχίζουσιν
1183 2713 1254 2775 spat.

111 2793 170 2832 vae.
185 2778 270 2831 trium
285 2777 453 2844 litterarum
473 2778 599 2848 sequitur
617 2773 682 2845 ἄχρι
694 2777 723 2830 in
738 2777 775 2832 M.
792 2807 824 2816 -
845 2783 877 2830 10
898 2773 972 2830 ἔοικέ
987 2794 1016 2830 τε
1032 2773 1063 2830 τό
1078 2777 1106 2829 Μ
1113 2777 1164 2830 ΑΒ
1181 2775 1255 2832 ἔοικε

111 2844 142 2901 τὸ
163 2848 234 2902 uhu
258 2847 333 2903 ἔοικέ
357 2869 387 2918 με
413 2845 444 2904 τό
465 2867 528 2916 n0s3
552 2849 586 2902 ef.
606 2849 690 2903 Proll.
714 2866 761 2918 pp.
781 2854 813 2901 67
833 2849 863 2902 et
881 2853 923 2902 82.
950 2879 981 2886 --
1007 2855 1037 2901 11
1059 2849 1126 2916 μίαν
1146 2843 1183 2910 ὡς
1201 2865 1253 2918 pro

112 2918 195 2988 μέρος
213 2919 251 2974 Μ.
271 2953 303 2960 -
325 2927 357 2974 12
377 2916 426 2976 τὸν
445 2916 554 2991 καρπδν
573 2921 639 2974 MA.
661 2951 693 2960 -
714 2926 747 2974 13
766 2913 819 2988 γάρ
839 2913 871 2972 έν
889 2924 948 2982 τοῖς
966 2919 1003 2972 M.
1025 2949 1055 2958 —

111 3143 255 3224 utraque,
279 3139 306 3204 si
329 3137 507 3203 multifidae
532 3137 659 3204 arboris
683 3159 792 3202 semen
816 3139 874 3219 est,
898 3134 933 3200 in
956 3136 1076 3200 multas
1100 3137 1259 3202 scinditur

111 3247 303 3330 particulas,
330 3249 368 3310 ut
394 3267 493 3310 unum
517 3248 550 3309 et
578 3247 667 3310 ortus
691 3246 725 3307 et
746 3241 937 3308 inerementi
961 3243 1112 3308 omnibus
1146 3244 1257 3329 stirpis

110 3354 259 3436 partibus
278 3353 474 3438 principium
493 3353 600 3418 locum
618 3350 711 3416 illum
731 3371 799 3414 esse
820 3353 985 3435 appareat,
1003 3350 1087 3414 unde
1106 3354 1139 3414 et
1158 3373 1258 3436 supra

111 3463 245 3524 truncus
270 3465 303 3524 et
324 3460 410 3524 infra
432 3458 597 3525 radicandi
620 3457 751 3522 initium
774 3456 928 3540 nascitur,
951 3456 1160 3541 videaturque
1183 3458 1257 3522 inde

112 3569 279 3650 tamquam
298 3589 315 3629 e
334 3565 554 3651 penetralibus
574 3587 621 3648 ea,
643 3587 725 3649 quae
745 3563 895 3628 arborem
917 3562 1003 3648 regit
1020 3563 1257 3650 dispensatque,

112 3671 252 3736 facultas
276 3673 447 3756 proficisci.
491 3671 648 3757 Agitatur
674 3672 777 3757 igitur
799 3669 964 3736 contrario
993 3675 1083 3734 motu
1107 3671 1256 3736 deorsum

113 3777 146 3842 in
169 3778 269 3842 imam
296 3781 418 3842 terram
445 3779 568 3864 primas
592 3779 716 3844 radices
743 3783 814 3843 turn
836 3776 1050 3842 multifariam
1074 3777 1258 3860 scindendo,

16 3927 18 3938 ·
111 3887 180 3948 tum
214 3885 343 3949 easdem
375 3887 523 3971 augendo
555 3889 594 3970 †,
626 3908 753 3951 sursum
784 3907 893 3950 ramos
926 3883 1083 3969 quosdam
1111 3907 1128 3948 e
1156 3884 1257 3969 stirpe

111 3993 383 4078 progerminando
412 3995 508 4077 atque
537 3993 672 4058 subinde
699 3993 734 4058 in
762 3993 844 4058 alios
874 3991 913 4056 ad
942 4013 1070 4056 summa
1097 4011 1197 4076 usque
1224 3995 1257 4064 et

111 4099 333 4164 minutissima
361 4101 504 4185 virgulta
530 4099 735 4166 diffindendo.
786 4100 834 4164 Αο
861 4099 989 4164 videtur
1016 4097 1146 4181 quidem
1173 4097 1257 4162 hane

112 4207 312 4290 superiorem
335 4211 463 4291 partem
488 4227 626 4290 omnem,
648 4229 730 4292 quae
754 4204 866 4270 eadem
890 4205 1072 4288 arboreab,
1095 4207 1165 4268 tum
1189 4226 1257 4287 sua,

108 4315 181 4376 tum
200 4313 323 4378 fruetus
343 4335 441 4378 eausa
459 4311 670 4395 conformare,
693 4313 891 4394 inferiorem,
913 4334 976 4394 quo
996 4310 1142 4375 alimenti
1162 4311 1256 4394 eopia

111 4419 163 4484 sit.
218 4420 321 4496 Quale
354 4420 440 4486 enim
472 4419 667 4484 animalibus
699 4441 750 4502 os,
781 4419 846 4482 tale
879 4416 1036 4501 stirpibus
1069 4417 1255 4482 extremitas
