<?xml version="1.0" encoding="UTF-8"?>
<!DOCTYPE html PUBLIC "-//W3C//DTD XHTML 1.0 Transitional//EN"
    "http://www.w3.org/TR/xhtml1/DTD/xhtml1-transitional.dtd">
<html xmlns="http://www.w3.org/1999/xhtml" xml:lang="en" lang="en">
 <head>
  <title>
</title>
<meta http-equiv="Content-Type" content="text/html;charset=utf-8" />
  <meta name='ocr-system' content='tesseract 3.04.00' />
  <meta name='ocr-capabilities' content='ocr_page ocr_carea ocr_par ocr_line ocrx_word'/>
</head>
<body>
  <div class='ocr_page' id='page_1' title='image "./claudiigalenide02mlgoog/claudiigalenide02mlgoog_0207.png"; bbox 0 0 3298 5136; ppageno 0'>
   <div class='ocr_carea' id='block_1_1' title="bbox 753 356 994 423">
    <p class='ocr_par' dir='ltr' id='par_1_1' title="bbox 753 356 994 423">
     <span class='ocr_line' id='line_1_1' title="bbox 753 356 994 423; baseline 0.004 -1"><span class='ocrx_word' id='word_1_1' title='bbox 753 356 994 423; x_wconf 83' lang='lat'>—190-</span> 
     </span>
    </p>
   </div>
   <div class='ocr_carea' id='block_1_2' title="bbox 234 511 1447 2204">
    <p class='ocr_par' dir='ltr' id='par_1_2' title="bbox 234 511 1447 2198">
     <span class='ocr_line' id='line_1_2' title="bbox 301 511 1445 604; baseline 0 -22"><span class='ocrx_word' id='word_1_2' title='bbox 301 512 473 602; x_wconf 83' lang='grc' dir='ltr'><strong><em>ρυφόρονς</em></strong></span> <span class='ocrx_word' id='word_1_3' title='bbox 499 517 563 600; x_wconf 79' lang='grc' dir='ltr'><strong><em>ἔχει</em></strong></span> <span class='ocrx_word' id='word_1_4' title='bbox 591 513 649 594; x_wconf 82' lang='grc' dir='ltr'><strong><em>τὰς</em></strong></span> <span class='ocrx_word' id='word_1_5' title='bbox 676 515 850 601; x_wconf 72' lang='grc' dir='ltr'><strong><em>αἰσθήσεις</em></strong></span> <span class='ocrx_word' id='word_1_6' title='bbox 876 515 1136 604; x_wconf 80' lang='grc' dir='ltr'><strong><em>περιῳκισμένας</em></strong></span> <span class='ocrx_word' id='word_1_7' title='bbox 1164 511 1243 582; x_wconf 75' lang='grc' dir='ltr'><strong><em>οὐδὲ</em></strong></span> <span class='ocrx_word' id='word_1_8' title='bbox 1270 523 1304 582; x_wconf 87' lang='grc' dir='ltr'>εί</span> <span class='ocrx_word' id='word_1_9' title='bbox 1327 541 1363 601; x_wconf 90' lang='grc' dir='ltr'>γε</span> <span class='ocrx_word' id='word_1_10' title='bbox 1390 515 1445 583; x_wconf 80' lang='grc' dir='ltr'><strong><em>καὶ</em></strong></span> 
     </span>
     <span class='ocr_line' id='line_1_3' title="bbox 300 618 1446 712; baseline 0.003 -26"><span class='ocrx_word' id='word_1_11' title='bbox 300 624 398 688; x_wconf 84' lang='grc' dir='ltr'><strong><em>τοῦτο</em></strong></span> <span class='ocrx_word' id='word_1_12' title='bbox 426 621 516 705; x_wconf 80' lang='grc' dir='ltr'><em>λέγοι</em></span> <span class='ocrx_word' id='word_1_13' title='bbox 543 648 608 706; x_wconf 85' lang='grc' dir='ltr'><strong><em>τις,</em></strong></span> <span class='ocrx_word' id='word_1_14' title='bbox 635 619 715 709; x_wconf 79' lang='grc' dir='ltr'><strong><em>ὅπερ</em></strong></span> <span class='ocrx_word' id='word_1_15' title='bbox 744 618 889 709; x_wconf 87' lang='grc' dir='ltr'><strong><em>ούρανὸς</em></strong></span> <span class='ocrx_word' id='word_1_16' title='bbox 917 622 953 688; x_wconf 80' lang='grc' dir='ltr'>ἐν</span> <span class='ocrx_word' id='word_1_17' title='bbox 977 619 1043 711; x_wconf 78' lang='grc' dir='ltr'>ὅλῳ</span> <span class='ocrx_word' id='word_1_18' title='bbox 1066 625 1111 712; x_wconf 77' lang='grc' dir='ltr'><strong><em>τῷ</em></strong></span> <span class='ocrx_word' id='word_1_19' title='bbox 1135 621 1263 712; x_wconf 79' lang='grc' dir='ltr'><strong><em>κόσμῳ,</em></strong></span> <span class='ocrx_word' id='word_1_20' title='bbox 1286 625 1385 690; x_wconf 82' lang='grc' dir='ltr'><strong><em>τοῦτο</em></strong></span> <span class='ocrx_word' id='word_1_21' title='bbox 1409 623 1446 689; x_wconf 77' lang='grc' dir='ltr'>ἐν</span> 
     </span>
     <span class='ocr_line' id='line_1_4' title="bbox 300 724 1447 816; baseline 0.002 -23"><span class='ocrx_word' id='word_1_22' title='bbox 300 724 494 813; x_wconf 74' lang='grc' dir='ltr'><strong><em>ἀνθρώποις</em></strong></span> <span class='ocrx_word' id='word_1_23' title='bbox 517 725 688 813; x_wconf 78' lang='grc' dir='ltr'><strong><em>εἶναιτὴν</em></strong></span> <span class='ocrx_word' id='word_1_24' title='bbox 714 727 864 814; x_wconf 79' lang='grc' dir='ltr'><strong><em>κεφαλὴν</em></strong></span> <span class='ocrx_word' id='word_1_25' title='bbox 885 728 941 794; x_wconf 78' lang='grc' dir='ltr'><strong><em>καὶ</em></strong></span> <span class='ocrx_word' id='word_1_26' title='bbox 964 726 1020 794; x_wconf 85' lang='grc' dir='ltr'>διὰ</span> <span class='ocrx_word' id='word_1_27' title='bbox 1043 725 1156 812; x_wconf 82' lang='grc' dir='ltr'><strong>τοῦθ’,</strong></span> <span class='ocrx_word' id='word_1_28' title='bbox 1185 725 1294 816; x_wconf 76' lang='grc' dir='ltr'><strong><em>ὥσπερ</em></strong></span> <span class='ocrx_word' id='word_1_29' title='bbox 1323 729 1447 808; x_wconf 82' lang='grc' dir='ltr'><strong><em>ἐκεῖνος</em></strong></span> 
     </span>
     <span class='ocr_line' id='line_1_5' title="bbox 273 830 1445 920; baseline 0.005 -24"><span class='ocrx_word' id='word_1_30' title='bbox 273 830 392 912; x_wconf 85' lang='grc' dir='ltr'><strong><em>ιοίκός</em></strong></span> <span class='ocrx_word' id='word_1_31' title='bbox 419 834 487 900; x_wconf 80' lang='grc' dir='ltr'><strong><em>ἐστι</em></strong></span> <span class='ocrx_word' id='word_1_32' title='bbox 515 837 583 900; x_wconf 83' lang='grc' dir='ltr'><strong><em>τῶν</em></strong></span> <span class='ocrx_word' id='word_1_33' title='bbox 610 838 718 919; x_wconf 80' lang='grc' dir='ltr'><strong><em>θεῶν,</em></strong></span> <span class='ocrx_word' id='word_1_34' title='bbox 747 833 834 901; x_wconf 83' lang='grc' dir='ltr'><strong><em>οὕτω</em></strong></span> <span class='ocrx_word' id='word_1_35' title='bbox 860 832 922 900; x_wconf 90' lang='grc' dir='ltr'><strong><em>τὸν</em></strong></span> <span class='ocrx_word' id='word_1_36' title='bbox 946 835 1130 920; x_wconf 78' lang='grc' dir='ltr'><strong><em>ἐγκέφαλον</em></strong></span> <span class='ocrx_word' id='word_1_37' title='bbox 1158 832 1252 903; x_wconf 83' lang='grc' dir='ltr'><strong><em>οἷκον</em></strong></span> <span class='ocrx_word' id='word_1_38' title='bbox 1275 832 1362 902; x_wconf 81' lang='grc' dir='ltr'><strong><em>εἶναι</em></strong></span> <span class='ocrx_word' id='word_1_39' title='bbox 1384 838 1445 902; x_wconf 82' lang='grc' dir='ltr'><strong><em>τοῦ</em></strong></span> 
     </span>
     <span class='ocr_line' id='line_1_6' title="bbox 234 939 1442 1069; baseline 0 -62"><span class='ocrx_word' id='word_1_40' title='bbox 234 959 288 1015; x_wconf 76' lang='lat'>231</span> <span class='ocrx_word' id='word_1_41' title='bbox 299 943 471 1026; x_wconf 82' lang='grc' dir='ltr'><strong><em>λογισμου</em></strong></span> <span class='ocrx_word' id='word_1_42' title='bbox 516 941 570 1006; x_wconf 84' lang='grc' dir='ltr'><strong><em>καὶ</em></strong></span> <span class='ocrx_word' id='word_1_43' title='bbox 602 939 666 1029; x_wconf 81' lang='grc' dir='ltr'>γὰρ</span> <span class='ocrx_word' id='word_1_44' title='bbox 698 939 737 1008; x_wconf 82' lang='grc' dir='ltr'><strong><em>τὰ</em></strong></span> <span class='ocrx_word' id='word_1_45' title='bbox 769 966 906 1007; x_wconf 85' lang='grc' dir='ltr'><strong><em>τοιαυτα</em></strong></span> <span class='ocrx_word' id='word_1_46' title='bbox 939 939 1046 1008; x_wconf 82' lang='grc' dir='ltr'><strong><em>πάντα</em></strong></span> <span class='ocrx_word' id='word_1_47' title='bbox 1078 947 1195 1069; x_wconf 83' lang='grc' dir='ltr'><strong><em>καίπερ</em></strong></span> <span class='ocrx_word' id='word_1_48' title='bbox 1228 939 1308 1008; x_wconf 82' lang='grc' dir='ltr'><strong><em>ὄντα</em></strong></span> <span class='ocrx_word' id='word_1_49' title='bbox 1337 939 1442 1029; x_wconf 66' lang='lat' dir='ltr'>rioldi</span> 
     </span>
     <span class='ocr_line' id='line_1_7' title="bbox 299 1044 1446 1174; baseline 0.001 -61"><span class='ocrx_word' id='word_1_50' title='bbox 299 1045 514 1174; x_wconf 77' lang='grc' dir='ltr'><strong><em>πιθανώτερα</em></strong></span> <span class='ocrx_word' id='word_1_51' title='bbox 541 1049 609 1114; x_wconf 80' lang='grc' dir='ltr'><strong><em>των</em></strong></span> <span class='ocrx_word' id='word_1_52' title='bbox 632 1047 745 1114; x_wconf 78' lang='grc' dir='ltr'>ἐπὶ</span> <span class='ocrx_word' id='word_1_53' title='bbox 706 1075 764 1134; x_wconf 88' lang='grc' dir='ltr'><strong><em>της</em></strong></span> <span class='ocrx_word' id='word_1_54' title='bbox 786 1051 925 1135; x_wconf 85' lang='grc' dir='ltr'><strong><em>καρδίας</em></strong></span> <span class='ocrx_word' id='word_1_55' title='bbox 952 1046 1178 1152; x_wconf 81' lang='grc' dir='ltr'><strong><em>είρημε’νων’</em></strong></span> <span class='ocrx_word' id='word_1_56' title='bbox 1159 1074 1249 1133; x_wconf 88' lang='grc' dir='ltr'><strong><em>ομως</em></strong></span> <span class='ocrx_word' id='word_1_57' title='bbox 1271 1044 1333 1115; x_wconf 82' lang='grc' dir='ltr'>ούκ</span> <span class='ocrx_word' id='word_1_58' title='bbox 1356 1053 1446 1114; x_wconf 80' lang='grc' dir='ltr'><strong><em>ἔστιν</em></strong></span> 
     </span>
     <span class='ocr_line' id='line_1_8' title="bbox 301 1139 1445 1241; baseline 0.001 -22"><span class='ocrx_word' id='word_1_59' title='bbox 301 1149 380 1220; x_wconf 72' lang='grc' dir='ltr'><strong><em>οὐδὲ</em></strong></span> <span class='ocrx_word' id='word_1_60' title='bbox 403 1149 487 1220; x_wconf 83' lang='grc' dir='ltr'><strong><em>αὐτὰ</em></strong></span> <span class='ocrx_word' id='word_1_61' title='bbox 514 1153 612 1220; x_wconf 80' lang='grc' dir='ltr'><strong><em>πιστὰ</em></strong></span> <span class='ocrx_word' id='word_1_62' title='bbox 635 1152 719 1241; x_wconf 81' lang='grc' dir='ltr'><strong><em>πρὸς</em></strong></span> <span class='ocrx_word' id='word_1_63' title='bbox 741 1153 923 1240; x_wconf 80' lang='grc' dir='ltr'><strong><em>ἐπιστήμην</em></strong></span> <span class='ocrx_word' id='word_1_64' title='bbox 946 1139 1082 1240; x_wconf 81' lang='grc' dir='ltr'><strong><em>ἀκριβῆ,</em></strong></span> <span class='ocrx_word' id='word_1_65' title='bbox 1108 1153 1260 1241; x_wconf 80' lang='grc' dir='ltr'><strong><em>καθάπερ</em></strong></span> <span class='ocrx_word' id='word_1_66' title='bbox 1289 1151 1413 1221; x_wconf 74' lang='grc' dir='ltr'><strong><em>ούδὲ”</em></strong></span> <span class='ocrx_word' id='word_1_67' title='bbox 1394 1180 1445 1221; x_wconf 90' lang='grc' dir='ltr'><strong><em>οτι</em></strong></span> 
     </span>
     <span class='ocr_line' id='line_1_9' title="bbox 298 1256 1445 1348; baseline 0 -22"><span class='ocrx_word' id='word_1_68' title='bbox 298 1263 356 1346; x_wconf 81' lang='grc' dir='ltr'><strong><em>τῆς</em></strong></span> <span class='ocrx_word' id='word_1_69' title='bbox 379 1263 494 1346; x_wconf 82' lang='grc' dir='ltr'><strong><em>φωνῆς</em></strong></span> <span class='ocrx_word' id='word_1_70' title='bbox 516 1256 536 1346; x_wconf 81' lang='grc' dir='ltr'><em>ἡ</em></span> <span class='ocrx_word' id='word_1_71' title='bbox 560 1263 680 1346; x_wconf 93' lang='grc' dir='ltr'><strong><em>καρδία</em></strong></span> <span class='ocrx_word' id='word_1_72' title='bbox 699 1258 903 1348; x_wconf 87' lang='grc' dir='ltr'><strong><em>δημιουργός</em></strong></span> <span class='ocrx_word' id='word_1_73' title='bbox 926 1261 1091 1327; x_wconf 76' lang='grc' dir='ltr'><strong><em>ἐστινί</em></strong></span> <span class='ocrx_word' id='word_1_74' title='bbox 1061 1265 1091 1328; x_wconf 88' lang='grc' dir='ltr'>εί</span> <span class='ocrx_word' id='word_1_75' title='bbox 1111 1258 1228 1348; x_wconf 67' lang='grc' dir='ltr'>μὲν</span> <span class='ocrx_word' id='word_1_76' title='bbox 1191 1286 1256 1346; x_wconf 89' lang='grc' dir='ltr'><strong><em>γαρ</em></strong></span> <span class='ocrx_word' id='word_1_77' title='bbox 1275 1257 1445 1340; x_wconf 81' lang='grc' dir='ltr'><strong><em>ἀπόδειξίν</em></strong></span> 
     </span>
     <span class='ocr_line' id='line_1_10' title="bbox 298 1363 1444 1455; baseline 0.003 -23"><span class='ocrx_word' id='word_1_78' title='bbox 298 1392 375 1455; x_wconf 83' lang='grc' dir='ltr'><strong><em>τινα</em></strong></span> <span class='ocrx_word' id='word_1_79' title='bbox 398 1365 570 1434; x_wconf 77' lang='grc' dir='ltr'><strong><em>διδάσκειν</em></strong></span> <span class='ocrx_word' id='word_1_80' title='bbox 593 1363 678 1453; x_wconf 82' lang='grc' dir='ltr'><strong><em>ἡμᾶς</em></strong></span> <span class='ocrx_word' id='word_1_81' title='bbox 701 1372 850 1454; x_wconf 82' lang='grc' dir='ltr'><strong><em>ἔχουσιν,</em></strong></span> <span class='ocrx_word' id='word_1_82' title='bbox 874 1364 980 1453; x_wconf 76' lang='grc' dir='ltr'><strong><em>ἡδέως</em></strong></span> <span class='ocrx_word' id='word_1_83' title='bbox 1003 1363 1229 1454; x_wconf 87' lang='grc' dir='ltr'><strong><em>ἀκουσόμεθα·</em></strong></span> <span class='ocrx_word' id='word_1_84' title='bbox 1258 1366 1295 1436; x_wconf 88' lang='grc' dir='ltr'><strong><em>τὸ</em></strong></span> <span class='ocrx_word' id='word_1_85' title='bbox 1320 1367 1356 1434; x_wconf 78' lang='grc' dir='ltr'>δὲ</span> <span class='ocrx_word' id='word_1_86' title='bbox 1379 1364 1444 1436; x_wconf 83' lang='grc' dir='ltr'>ἀπὸ</span> 
     </span>
     <span class='ocr_line' id='line_1_11' title="bbox 260 1471 1446 1562; baseline 0.005 -26"><span class='ocrx_word' id='word_1_87' title='bbox 260 1475 357 1559; x_wconf 79' lang='grc' dir='ltr'><strong><em>ιοτης</em></strong></span> <span class='ocrx_word' id='word_1_88' title='bbox 383 1473 512 1551; x_wconf 77' lang='grc' dir='ltr'><strong><em>θέσεως</em></strong></span> <span class='ocrx_word' id='word_1_89' title='bbox 542 1471 647 1559; x_wconf 85' lang='grc' dir='ltr'><strong><em>μόνης</em></strong></span> <span class='ocrx_word' id='word_1_90' title='bbox 678 1471 848 1561; x_wconf 81' lang='grc' dir='ltr'><strong><em>ὁρμᾶσθαι</em></strong></span> <span class='ocrx_word' id='word_1_91' title='bbox 880 1473 1064 1562; x_wconf 86' lang='grc' dir='ltr'><strong><em>μοχθηρόν.</em></strong></span> <span class='ocrx_word' id='word_1_92' title='bbox 1115 1471 1201 1542; x_wconf 79' lang='grc' dir='ltr'><strong><em>οὕτω</em></strong></span> <span class='ocrx_word' id='word_1_93' title='bbox 1234 1472 1312 1562; x_wconf 80' lang='grc' dir='ltr'><strong><em>γάρ,</em></strong></span> <span class='ocrx_word' id='word_1_94' title='bbox 1345 1471 1446 1562; x_wconf 83' lang='grc' dir='ltr'><strong><em>οἶμαι,</em></strong></span> 
     </span>
     <span class='ocr_line' id='line_1_12' title="bbox 297 1577 1444 1668; baseline 0.002 -22"><span class='ocrx_word' id='word_1_95' title='bbox 297 1580 353 1646; x_wconf 81' lang='grc' dir='ltr'><strong><em>καὶ</em></strong></span> <span class='ocrx_word' id='word_1_96' title='bbox 376 1578 436 1647; x_wconf 90' lang='grc' dir='ltr'><strong><em>τὸν</em></strong></span> <span class='ocrx_word' id='word_1_97' title='bbox 458 1577 629 1667; x_wconf 80' lang='grc' dir='ltr'><strong><em>πνεύμονα</em></strong></span> <span class='ocrx_word' id='word_1_98' title='bbox 651 1579 706 1647; x_wconf 80' lang='grc' dir='ltr'><strong><em>καί</em></strong></span> <span class='ocrx_word' id='word_1_99' title='bbox 728 1578 791 1666; x_wconf 79' lang='grc' dir='ltr'><strong><em>τὴν</em></strong></span> <span class='ocrx_word' id='word_1_100' title='bbox 809 1595 964 1667; x_wconf 82' lang='grc' dir='ltr'><strong><em>τραχεῖαν</em></strong></span> <span class='ocrx_word' id='word_1_101' title='bbox 986 1578 1148 1668; x_wconf 79' lang='grc' dir='ltr'><strong><em>ἀρτηρίαν</em></strong></span> <span class='ocrx_word' id='word_1_102' title='bbox 1166 1577 1272 1668; x_wconf 76' lang='grc' dir='ltr'><strong><em>ἀρχὴν</em></strong></span> <span class='ocrx_word' id='word_1_103' title='bbox 1294 1583 1353 1667; x_wconf 84' lang='grc' dir='ltr'><strong><em>τῆς</em></strong></span> <span class='ocrx_word' id='word_1_104' title='bbox 1375 1607 1444 1666; x_wconf 90' lang='grc' dir='ltr'>φω-</span> 
     </span>
     <span class='ocr_line' id='line_1_13' title="bbox 291 1683 1445 1773; baseline 0.002 -20"><span class='ocrx_word' id='word_1_105' title='bbox 291 1689 361 1772; x_wconf 80' lang='grc' dir='ltr'><strong><em>’νῆς</em></strong></span> <span class='ocrx_word' id='word_1_106' title='bbox 388 1687 544 1773; x_wconf 83' lang='grc' dir='ltr'><strong><em>ἐροῦμεν,</em></strong></span> <span class='ocrx_word' id='word_1_107' title='bbox 573 1683 619 1765; x_wconf 77' lang='grc' dir='ltr'>ὠς</span> <span class='ocrx_word' id='word_1_108' title='bbox 646 1687 809 1772; x_wconf 75' lang='grc' dir='ltr'><strong><em>ἐγγυτέρω</em></strong></span> <span class='ocrx_word' id='word_1_109' title='bbox 838 1712 874 1773; x_wconf 93' lang='grc' dir='ltr'>γε</span> <span class='ocrx_word' id='word_1_110' title='bbox 897 1686 1000 1754; x_wconf 85' lang='grc' dir='ltr'><strong><em>ταύτά</em></strong></span> <span class='ocrx_word' id='word_1_111' title='bbox 1031 1689 1098 1755; x_wconf 81' lang='grc' dir='ltr'><strong><em>ἐστι</em></strong></span> <span class='ocrx_word' id='word_1_112' title='bbox 1126 1691 1184 1773; x_wconf 80' lang='grc' dir='ltr'><strong><em>τῆς</em></strong></span> <span class='ocrx_word' id='word_1_113' title='bbox 1210 1691 1349 1773; x_wconf 87' lang='grc' dir='ltr'><strong><em>καρδίας</em></strong></span> <span class='ocrx_word' id='word_1_114' title='bbox 1375 1700 1445 1767; x_wconf 81' lang='grc' dir='ltr'><strong><em>τοῖς</em></strong></span> 
     </span>
     <span class='ocr_line' id='line_1_14' title="bbox 300 1790 1444 1882; baseline 0.001 -23"><span class='ocrx_word' id='word_1_115' title='bbox 300 1806 501 1880; x_wconf 86' lang='grc' dir='ltr'><strong><em>φωνητικοῖς</em></strong></span> <span class='ocrx_word' id='word_1_116' title='bbox 523 1790 689 1881; x_wconf 80' lang='grc' dir='ltr'><strong><em>ὀργάνοις.</em></strong></span> <span class='ocrx_word' id='word_1_117' title='bbox 730 1790 811 1860; x_wconf 87' lang='grc' dir='ltr'><strong><em>αύτὸ</em></strong></span> <span class='ocrx_word' id='word_1_118' title='bbox 835 1793 897 1880; x_wconf 75' lang='grc' dir='ltr'>μὲν</span> <span class='ocrx_word' id='word_1_119' title='bbox 920 1793 985 1882; x_wconf 84' lang='grc' dir='ltr'>γὰρ</span> <span class='ocrx_word' id='word_1_120' title='bbox 1007 1791 1044 1860; x_wconf 90' lang='grc' dir='ltr'><strong><em>τὸ</em></strong></span> <span class='ocrx_word' id='word_1_121' title='bbox 1064 1793 1197 1881; x_wconf 73' lang='grc' dir='ltr'><strong><em>πρῶτόν</em></strong></span> <span class='ocrx_word' id='word_1_122' title='bbox 1219 1820 1254 1862; x_wconf 87' lang='grc' dir='ltr'><strong><em>τε</em></strong></span> <span class='ocrx_word' id='word_1_123' title='bbox 1277 1795 1331 1862; x_wconf 78' lang='grc' dir='ltr'><strong><em>καὶ</em></strong></span> <span class='ocrx_word' id='word_1_124' title='bbox 1356 1798 1444 1862; x_wconf 82' lang='grc' dir='ltr'><strong><em>ίδιον</em></strong></span> 
     </span>
     <span class='ocr_line' id='line_1_15' title="bbox 300 1896 1445 1987; baseline 0.003 -21"><span class='ocrx_word' id='word_1_125' title='bbox 300 1896 448 1985; x_wconf 80' lang='grc' dir='ltr'><strong><em>ὄργανον</em></strong></span> <span class='ocrx_word' id='word_1_126' title='bbox 464 1903 523 1986; x_wconf 80' lang='grc' dir='ltr'><strong><em>τῆς</em></strong></span> <span class='ocrx_word' id='word_1_127' title='bbox 540 1903 655 1986; x_wconf 82' lang='grc' dir='ltr'><strong><em>φωνῆς</em></strong></span> <span class='ocrx_word' id='word_1_128' title='bbox 673 1897 691 1967; x_wconf 89' lang='grc' dir='ltr'>ὁ</span> <span class='ocrx_word' id='word_1_129' title='bbox 711 1898 835 1987; x_wconf 72' lang='grc' dir='ltr'><strong><em>λάρυγξ</em></strong></span> <span class='ocrx_word' id='word_1_130' title='bbox 855 1900 953 1968; x_wconf 78' lang='grc' dir='ltr'><strong><em>ἐστίν.</em></strong></span> <span class='ocrx_word' id='word_1_131' title='bbox 990 1904 1021 1968; x_wconf 85' lang='grc' dir='ltr'>εί</span> <span class='ocrx_word' id='word_1_132' title='bbox 1039 1903 1124 1986; x_wconf 87' lang='grc' dir='ltr'><strong><em>γοῦν</em></strong></span> <span class='ocrx_word' id='word_1_133' title='bbox 1141 1902 1315 1987; x_wconf 80' lang='grc' dir='ltr'><strong><em>κατωτέρω</em></strong></span> <span class='ocrx_word' id='word_1_134' title='bbox 1334 1901 1445 1987; x_wconf 80' lang='grc' dir='ltr'><strong><em>τέμοις</em></strong></span> 
     </span>
     <span class='ocr_line' id='line_1_16' title="bbox 273 2003 1444 2096; baseline 0.006 -28"><span class='ocrx_word' id='word_1_135' title='bbox 273 2003 406 2075; x_wconf 75' lang='grc' dir='ltr'><strong><em>ταύτοῦ</em></strong></span> <span class='ocrx_word' id='word_1_136' title='bbox 427 2004 489 2093; x_wconf 78' lang='grc' dir='ltr'><strong><em>τὴν</em></strong></span> <span class='ocrx_word' id='word_1_137' title='bbox 511 2020 667 2094; x_wconf 84' lang='grc' dir='ltr'><strong><em>τραχεῖαν</em></strong></span> <span class='ocrx_word' id='word_1_138' title='bbox 685 2003 858 2094; x_wconf 83' lang='grc' dir='ltr'><strong><em>ἀρτηρίαν,</em></strong></span> <span class='ocrx_word' id='word_1_139' title='bbox 882 2003 991 2074; x_wconf 84' lang='grc' dir='ltr'><strong><em>ούκίτι</em></strong></span> <span class='ocrx_word' id='word_1_140' title='bbox 1015 2004 1142 2096; x_wconf 80' lang='grc' dir='ltr'><strong><em>ἀκούσῃ</em></strong></span> <span class='ocrx_word' id='word_1_141' title='bbox 1166 2011 1362 2094; x_wconf 81' lang='grc' dir='ltr'><strong><em>φωνοῦντος</em></strong></span> <span class='ocrx_word' id='word_1_142' title='bbox 1384 2011 1444 2075; x_wconf 82' lang='grc' dir='ltr'><strong><em>τοῦ</em></strong></span> 
     </span>
     <span class='ocr_line' id='line_1_17' title="bbox 300 2109 1443 2204; baseline 0 -24"><span class='ocrx_word' id='word_1_143' title='bbox 300 2111 396 2204; x_wconf 73' lang='grc' dir='ltr'><strong><em>ζῴου,</em></strong></span> <span class='ocrx_word' id='word_1_144' title='bbox 419 2118 525 2181; x_wconf 91' lang='grc' dir='ltr'><strong><em>καίτοι</em></strong></span> <span class='ocrx_word' id='word_1_145' title='bbox 549 2139 584 2198; x_wconf 95' lang='grc' dir='ltr'>γε</span> <span class='ocrx_word' id='word_1_146' title='bbox 608 2109 777 2180; x_wconf 83' lang='grc' dir='ltr'><strong><em>ἀναπνίον</em></strong></span> <span class='ocrx_word' id='word_1_147' title='bbox 800 2109 976 2192; x_wconf 80' lang='grc' dir='ltr'><strong><em>ἀκωλύτως</em></strong></span> <span class='ocrx_word' id='word_1_148' title='bbox 999 2111 1073 2193; x_wconf 75' lang='grc' dir='ltr'><strong><em>ὄψει</em></strong></span> <span class='ocrx_word' id='word_1_149' title='bbox 1096 2115 1151 2181; x_wconf 83' lang='grc' dir='ltr'><strong><em>καὶ</em></strong></span> <span class='ocrx_word' id='word_1_150' title='bbox 1175 2118 1239 2181; x_wconf 83' lang='grc' dir='ltr'>νῦν</span> <span class='ocrx_word' id='word_1_151' title='bbox 1262 2111 1354 2182; x_wconf 85' lang='grc' dir='ltr'><strong><em>αύτό.</em></strong></span> <span class='ocrx_word' id='word_1_152' title='bbox 1389 2114 1443 2180; x_wconf 76' lang='grc' dir='ltr'><strong><em>καί</em></strong></span> 
     </span>
    </p>
   </div>
   <div class='ocr_carea' id='block_1_3' title="bbox 302 2243 512 2250">
    <p class='ocr_par' dir='ltr' id='par_1_3' title="bbox 302 2243 512 2250">
     <span class='ocr_line' id='line_1_18' title="bbox 302 2243 512 2250; baseline 0 -2"><span class='ocrx_word' id='word_1_153' title='bbox 302 2243 384 2250; x_wconf 47' lang='grc' dir='ltr'>-φ--</span> <span class='ocrx_word' id='word_1_154' title='bbox 386 2243 512 2248; x_wconf 74' lang='grc'><em>--..-.-</em></span> 
     </span>
    </p>
   </div>
   <div class='ocr_carea' id='block_1_4' title="bbox 298 2285 1444 2646">
    <p class='ocr_par' dir='ltr' id='par_1_4' title="bbox 298 2285 1444 2646">
     <span class='ocr_line' id='line_1_19' title="bbox 336 2285 1443 2376; baseline 0.002 -32"><span class='ocrx_word' id='word_1_155' title='bbox 336 2285 435 2345; x_wconf 80' lang='grc' dir='ltr'><strong><em>Ῑούτε</em></strong></span> <span class='ocrx_word' id='word_1_156' title='bbox 456 2291 536 2346; x_wconf 85' lang='lat' dir='ltr'>codd.</span> <span class='ocrx_word' id='word_1_157' title='bbox 556 2291 619 2345; x_wconf 89' lang='lat' dir='ltr'>edd.</span> <span class='ocrx_word' id='word_1_158' title='bbox 639 2285 707 2345; x_wconf 87' lang='grc' dir='ltr'><strong><em>ούδε</em></strong></span> <span class='ocrx_word' id='word_1_159' title='bbox 727 2309 788 2356; x_wconf 86' lang='lat' dir='ltr'>uos;</span> <span class='ocrx_word' id='word_1_160' title='bbox 814 2291 847 2346; x_wconf 89' lang='lat' dir='ltr'>of.</span> <span class='ocrx_word' id='word_1_161' title='bbox 867 2291 951 2345; x_wconf 87' lang='lat' dir='ltr'>Proll.</span> <span class='ocrx_word' id='word_1_162' title='bbox 974 2309 1001 2362; x_wconf 90' lang='lat' dir='ltr'><strong>p</strong></span> <span class='ocrx_word' id='word_1_163' title='bbox 1023 2299 1135 2346; x_wconf 77' lang='lat'><strong>10⁴2.—</strong></span> <span class='ocrx_word' id='word_1_164' title='bbox 1165 2298 1180 2344; x_wconf 81' lang='lat'>2</span> <span class='ocrx_word' id='word_1_165' title='bbox 1206 2312 1247 2354; x_wconf 83' lang='grc' dir='ltr'><strong><em>τις</em></strong></span> <span class='ocrx_word' id='word_1_166' title='bbox 1265 2312 1309 2346; x_wconf 90' lang='grc' dir='ltr'><strong><em>οτι</em></strong></span> <span class='ocrx_word' id='word_1_167' title='bbox 1332 2285 1443 2376; x_wconf 79' lang='grc' dir='ltr'><strong><em>ὅπερΟ</em></strong></span> 
     </span>
     <span class='ocr_line' id='line_1_20' title="bbox 298 2333 1444 2431; baseline 0.001 -16"><span class='ocrx_word' id='word_1_168' title='bbox 298 2382 339 2424; x_wconf 88' lang='grc' dir='ltr'><strong><em>τις</em></strong></span> <span class='ocrx_word' id='word_1_169' title='bbox 358 2355 429 2430; x_wconf 79' lang='grc' dir='ltr'><strong><em>ὅπερ</em></strong></span> <span class='ocrx_word' id='word_1_170' title='bbox 448 2361 568 2416; x_wconf 76' lang='lat' dir='ltr'>MA.—</span> <span class='ocrx_word' id='word_1_171' title='bbox 597 2368 613 2415; x_wconf 87' lang='grc'>4</span> <span class='ocrx_word' id='word_1_172' title='bbox 634 2359 707 2416; x_wconf 87' lang='grc' dir='ltr'><strong><em>εἶναι</em></strong></span> <span class='ocrx_word' id='word_1_173' title='bbox 731 2333 810 2416; x_wconf 82' lang='grc' dir='ltr'><strong><em>οίκδν</em></strong></span> <span class='ocrx_word' id='word_1_174' title='bbox 828 2359 906 2415; x_wconf 88' lang='lat' dir='ltr'>M</span> <span class='ocrx_word' id='word_1_175' title='bbox 876 2382 954 2416; x_wconf 87' lang='grc' dir='ltr'><strong><em>οικον</em></strong></span> <span class='ocrx_word' id='word_1_176' title='bbox 979 2359 1054 2416; x_wconf 83' lang='grc' dir='ltr'><strong><em>εἶναι</em></strong></span> <span class='ocrx_word' id='word_1_177' title='bbox 1073 2361 1184 2417; x_wconf 71' lang='lat' dir='ltr'>CA.-</span> <span class='ocrx_word' id='word_1_178' title='bbox 1213 2363 1297 2416; x_wconf 75' lang='grc' dir='ltr'>5καὶ</span> <span class='ocrx_word' id='word_1_179' title='bbox 1315 2358 1444 2431; x_wconf 82' lang='grc' dir='ltr'><strong><em>παρόντα</em></strong></span> 
     </span>
     <span class='ocr_line' id='line_1_21' title="bbox 299 2383 1442 2520; baseline 0.001 -33"><span class='ocrx_word' id='word_1_180' title='bbox 299 2383 481 2518; x_wconf 81' lang='grc' dir='ltr'><strong><em>Οκαίττερ”</em></strong></span> <span class='ocrx_word' id='word_1_181' title='bbox 465 2453 535 2488; x_wconf 91' lang='grc' dir='ltr'><strong><em>οντα</em></strong></span> <span class='ocrx_word' id='word_1_182' title='bbox 554 2433 673 2487; x_wconf 85' lang='grc' dir='ltr'><strong>ΜΑ.-</strong></span> <span class='ocrx_word' id='word_1_183' title='bbox 703 2432 790 2518; x_wconf 75' lang='grc' dir='ltr'>ὃμὲν</span> <span class='ocrx_word' id='word_1_184' title='bbox 809 2428 994 2520; x_wconf 68' lang='grc' dir='ltr'><strong><em>πιθανώτερα</em></strong></span> <span class='ocrx_word' id='word_1_185' title='bbox 1013 2433 1093 2488; x_wconf 88' lang='lat' dir='ltr'>oodd</span> <span class='ocrx_word' id='word_1_186' title='bbox 1116 2433 1179 2488; x_wconf 91' lang='lat' dir='ltr'>edd.</span> <span class='ocrx_word' id='word_1_187' title='bbox 1205 2433 1268 2520; x_wconf 78' lang='grc' dir='ltr'>μέν</span> <span class='ocrx_word' id='word_1_188' title='bbox 1280 2433 1442 2488; x_wconf 80' lang='lat' dir='ltr'><strong>delevimus.</strong></span> 
     </span>
     <span class='ocr_line' id='line_1_22' title="bbox 299 2499 1441 2588; baseline -0.001 -29"><span class='ocrx_word' id='word_1_189' title='bbox 299 2536 332 2544; x_wconf 93' lang='lat'>—</span> <span class='ocrx_word' id='word_1_190' title='bbox 353 2524 429 2574; x_wconf 73' lang='lat' dir='ltr'>epac</span> <span class='ocrx_word' id='word_1_191' title='bbox 447 2499 648 2560; x_wconf 61' lang='lat' dir='ltr'>tantast-</span> <span class='ocrx_word' id='word_1_192' title='bbox 673 2499 750 2559; x_wconf 74' lang='grc' dir='ltr'><strong><em>’ίὸτι</em></strong></span> <span class='ocrx_word' id='word_1_193' title='bbox 770 2525 819 2572; x_wconf 85' lang='grc' dir='ltr'><strong><em>της</em></strong></span> <span class='ocrx_word' id='word_1_194' title='bbox 837 2499 989 2572; x_wconf 74' lang='lat' dir='ltr'>aupdlus‘</span> <span class='ocrx_word' id='word_1_195' title='bbox 975 2525 992 2572; x_wconf 91' lang='grc' dir='ltr'><strong><em>η</em></strong></span> <span class='ocrx_word' id='word_1_196' title='bbox 1012 2501 1190 2574; x_wconf 49' lang='grc' dir='ltr'><strong><em>φωνὴθμ-</em></strong></span> <span class='ocrx_word' id='word_1_197' title='bbox 1215 2499 1441 2588; x_wconf 76' lang='grc' dir='ltr'><strong><em>θᾷιιουούμεθα</em></strong></span> 
     </span>
     <span class='ocr_line' id='line_1_23' title="bbox 299 2571 1424 2646; baseline 0 -16"><span class='ocrx_word' id='word_1_198' title='bbox 299 2575 437 2630; x_wconf 80' lang='grc'>0.-14</span> <span class='ocrx_word' id='word_1_199' title='bbox 456 2571 615 2643; x_wconf 78' lang='grc' dir='ltr'><strong><em>κατύτερον</em></strong></span> <span class='ocrx_word' id='word_1_200' title='bbox 634 2573 800 2630; x_wconf 76' lang='lat' dir='ltr'>MABchK</span> <span class='ocrx_word' id='word_1_201' title='bbox 818 2573 966 2644; x_wconf 80' lang='grc' dir='ltr'><strong><em>κατωτέρω</em></strong></span> <span class='ocrx_word' id='word_1_202' title='bbox 985 2575 1121 2632; x_wconf 80' lang='grc'><strong>0.-15</strong></span> <span class='ocrx_word' id='word_1_203' title='bbox 1140 2571 1316 2646; x_wconf 76' lang='grc' dir='ltr'><strong><em>τραχυτάτην</em></strong></span> <span class='ocrx_word' id='word_1_204' title='bbox 1334 2576 1371 2630; x_wconf 93' lang='lat' dir='ltr'>M.</span> <span class='ocrx_word' id='word_1_205' title='bbox 1391 2607 1424 2615; x_wconf 89' lang='lat'>—-</span> 
     </span>
    </p>
   </div>
   <div class='ocr_carea' id='block_1_5' title="bbox 295 2755 1443 4443">
    <p class='ocr_par' dir='ltr' id='par_1_5' title="bbox 295 2755 1443 4443">
     <span class='ocr_line' id='line_1_24' title="bbox 298 2755 1443 2841; baseline -0.001 -21"><span class='ocrx_word' id='word_1_206' title='bbox 298 2760 352 2820; x_wconf 87' lang='lat' dir='ltr'>tus</span> <span class='ocrx_word' id='word_1_207' title='bbox 375 2756 502 2820; x_wconf 88' lang='lat' dir='ltr'>animae</span> <span class='ocrx_word' id='word_1_208' title='bbox 526 2755 560 2818; x_wconf 92' lang='lat' dir='ltr'>in</span> <span class='ocrx_word' id='word_1_209' title='bbox 584 2778 622 2820; x_wconf 92' lang='lat' dir='ltr'>eo</span> <span class='ocrx_word' id='word_1_210' title='bbox 647 2756 691 2820; x_wconf 88' lang='lat' dir='ltr'>sit</span> <span class='ocrx_word' id='word_1_211' title='bbox 712 2778 843 2821; x_wconf 86' lang='lat' dir='ltr'>neeesse</span> <span class='ocrx_word' id='word_1_212' title='bbox 867 2762 931 2838; x_wconf 86' lang='lat' dir='ltr'>est,</span> <span class='ocrx_word' id='word_1_213' title='bbox 954 2780 1071 2841; x_wconf 87' lang='lat' dir='ltr'>neque,</span> <span class='ocrx_word' id='word_1_214' title='bbox 1095 2757 1171 2840; x_wconf 90' lang='lat' dir='ltr'>quia</span> <span class='ocrx_word' id='word_1_215' title='bbox 1195 2779 1307 2821; x_wconf 87' lang='lat' dir='ltr'>sensus</span> <span class='ocrx_word' id='word_1_216' title='bbox 1331 2779 1443 2822; x_wconf 90' lang='lat' dir='ltr'>omnes</span> 
     </span>
     <span class='ocr_line' id='line_1_25' title="bbox 299 2861 1443 2948; baseline 0.001 -22"><span class='ocrx_word' id='word_1_217' title='bbox 299 2862 390 2946; x_wconf 80' lang='lat' dir='ltr'><strong>quasi</strong></span> <span class='ocrx_word' id='word_1_218' title='bbox 415 2861 573 2926; x_wconf 88' lang='lat' dir='ltr'>satellites</span> <span class='ocrx_word' id='word_1_219' title='bbox 597 2863 822 2928; x_wconf 82' lang='lat' dir='ltr'>circumiectos</span> <span class='ocrx_word' id='word_1_220' title='bbox 844 2862 961 2948; x_wconf 87' lang='lat' dir='ltr'>habet,</span> <span class='ocrx_word' id='word_1_221' title='bbox 983 2886 1087 2948; x_wconf 88' lang='lat' dir='ltr'>neque</span> <span class='ocrx_word' id='word_1_222' title='bbox 1111 2865 1224 2947; x_wconf 86' lang='lat' dir='ltr'>etiam,</span> <span class='ocrx_word' id='word_1_223' title='bbox 1248 2864 1276 2928; x_wconf 88' lang='lat' dir='ltr'>si</span> <span class='ocrx_word' id='word_1_224' title='bbox 1299 2863 1443 2948; x_wconf 79' lang='lat' dir='ltr'>quisita</span> 
     </span>
     <span class='ocr_line' id='line_1_26' title="bbox 298 2969 1442 3054; baseline 0.002 -22"><span class='ocrx_word' id='word_1_225' title='bbox 298 2969 425 3052; x_wconf 78' lang='lat' dir='ltr'>dixerit,</span> <span class='ocrx_word' id='word_1_226' title='bbox 448 2969 533 3053; x_wconf 86' lang='lat' dir='ltr'>quod</span> <span class='ocrx_word' id='word_1_227' title='bbox 556 2969 591 3034; x_wconf 89' lang='lat' dir='ltr'>in</span> <span class='ocrx_word' id='word_1_228' title='bbox 609 2971 760 3036; x_wconf 86' lang='lat' dir='ltr'>universo</span> <span class='ocrx_word' id='word_1_229' title='bbox 784 2969 827 3034; x_wconf 89' lang='lat' dir='ltr'>sit</span> <span class='ocrx_word' id='word_1_230' title='bbox 845 2972 981 3054; x_wconf 83' lang='lat' dir='ltr'>eaelum,</span> <span class='ocrx_word' id='word_1_231' title='bbox 1003 2970 1089 3035; x_wconf 90' lang='lat' dir='ltr'>idem</span> <span class='ocrx_word' id='word_1_232' title='bbox 1108 2971 1143 3036; x_wconf 89' lang='lat' dir='ltr'>in</span> <span class='ocrx_word' id='word_1_233' title='bbox 1161 2970 1348 3035; x_wconf 89' lang='lat' dir='ltr'>hominibus</span> <span class='ocrx_word' id='word_1_234' title='bbox 1371 2992 1442 3034; x_wconf 89' lang='lat' dir='ltr'>esse</span> 
     </span>
     <span class='ocr_line' id='line_1_27' title="bbox 299 3076 1442 3161; baseline 0 -21"><span class='ocrx_word' id='word_1_235' title='bbox 299 3079 396 3158; x_wconf 88' lang='lat' dir='ltr'>caput</span> <span class='ocrx_word' id='word_1_236' title='bbox 419 3097 457 3140; x_wconf 87' lang='lat' dir='ltr'>ao</span> <span class='ocrx_word' id='word_1_237' title='bbox 484 3079 671 3160; x_wconf 86' lang='lat' dir='ltr'>propterea,</span> <span class='ocrx_word' id='word_1_238' title='bbox 698 3077 782 3140; x_wconf 88' lang='lat' dir='ltr'>siout</span> <span class='ocrx_word' id='word_1_239' title='bbox 811 3077 892 3142; x_wconf 90' lang='lat' dir='ltr'>illud</span> <span class='ocrx_word' id='word_1_240' title='bbox 923 3077 1057 3142; x_wconf 86' lang='lat' dir='ltr'>deorum</span> <span class='ocrx_word' id='word_1_241' title='bbox 1086 3077 1287 3143; x_wconf 87' lang='lat' dir='ltr'>domicilium</span> <span class='ocrx_word' id='word_1_242' title='bbox 1310 3077 1367 3161; x_wconf 85' lang='lat' dir='ltr'>sit,</span> <span class='ocrx_word' id='word_1_243' title='bbox 1394 3076 1442 3140; x_wconf 86' lang='lat' dir='ltr'>ita</span> 
     </span>
     <span class='ocr_line' id='line_1_28' title="bbox 298 3183 1441 3268; baseline 0.001 -21"><span class='ocrx_word' id='word_1_244' title='bbox 298 3183 466 3247; x_wconf 85' lang='lat' dir='ltr'>cerebrum</span> <span class='ocrx_word' id='word_1_245' title='bbox 489 3205 559 3247; x_wconf 90' lang='lat' dir='ltr'>esse</span> <span class='ocrx_word' id='word_1_246' title='bbox 587 3183 725 3248; x_wconf 85' lang='lat' dir='ltr'>rationis</span> <span class='ocrx_word' id='word_1_247' title='bbox 749 3183 866 3248; x_wconf 76' lang='lat' dir='ltr'>sedem,</span> <span class='ocrx_word' id='word_1_248' title='bbox 912 3183 1001 3260; x_wconf 81' lang='lat' dir='ltr'>Quae</span> <span class='ocrx_word' id='word_1_249' title='bbox 1028 3184 1139 3248; x_wconf 90' lang='lat' dir='ltr'>omnia</span> <span class='ocrx_word' id='word_1_250' title='bbox 1169 3185 1246 3248; x_wconf 91' lang='lat' dir='ltr'>licet</span> <span class='ocrx_word' id='word_1_251' title='bbox 1272 3184 1327 3268; x_wconf 90' lang='lat' dir='ltr'>iis,</span> <span class='ocrx_word' id='word_1_252' title='bbox 1359 3205 1441 3268; x_wconf 84' lang='lat' dir='ltr'>quae</span> 
     </span>
     <span class='ocr_line' id='line_1_29' title="bbox 298 3289 1440 3375; baseline 0.003 -22"><span class='ocrx_word' id='word_1_253' title='bbox 298 3290 336 3354; x_wconf 89' lang='lat' dir='ltr'>de</span> <span class='ocrx_word' id='word_1_254' title='bbox 365 3289 459 3356; x_wconf 88' lang='lat' dir='ltr'>eorde</span> <span class='ocrx_word' id='word_1_255' title='bbox 492 3290 579 3354; x_wconf 83' lang='lat' dir='ltr'>dieta</span> <span class='ocrx_word' id='word_1_256' title='bbox 606 3295 695 3374; x_wconf 89' lang='lat' dir='ltr'>suut,</span> <span class='ocrx_word' id='word_1_257' title='bbox 727 3291 830 3355; x_wconf 89' lang='lat' dir='ltr'>multo</span> <span class='ocrx_word' id='word_1_258' title='bbox 864 3291 931 3355; x_wconf 91' lang='lat' dir='ltr'>sint</span> <span class='ocrx_word' id='word_1_259' title='bbox 961 3290 1197 3375; x_wconf 79' lang='lat' dir='ltr'>probabiliora,</span> <span class='ocrx_word' id='word_1_260' title='bbox 1234 3295 1345 3356; x_wconf 89' lang='lat' dir='ltr'>tamen</span> <span class='ocrx_word' id='word_1_261' title='bbox 1376 3313 1440 3356; x_wconf 91' lang='lat' dir='ltr'>non</span> 
     </span>
     <span class='ocr_line' id='line_1_30' title="bbox 298 3395 1441 3481; baseline 0.001 -22"><span class='ocrx_word' id='word_1_262' title='bbox 298 3397 404 3480; x_wconf 82' lang='lat' dir='ltr'>magis</span> <span class='ocrx_word' id='word_1_263' title='bbox 435 3395 475 3460; x_wconf 85' lang='lat' dir='ltr'>ad</span> <span class='ocrx_word' id='word_1_264' title='bbox 503 3396 657 3461; x_wconf 84' lang='lat' dir='ltr'>scientiae</span> <span class='ocrx_word' id='word_1_265' title='bbox 689 3396 852 3481; x_wconf 75' lang='lat' dir='ltr'>perfectae</span> <span class='ocrx_word' id='word_1_266' title='bbox 884 3396 980 3460; x_wconf 89' lang='lat' dir='ltr'>fidem</span> <span class='ocrx_word' id='word_1_267' title='bbox 1011 3397 1194 3461; x_wconf 77' lang='lat' dir='ltr'>faciendam</span> <span class='ocrx_word' id='word_1_268' title='bbox 1222 3397 1339 3462; x_wconf 90' lang='lat' dir='ltr'>idonea</span> <span class='ocrx_word' id='word_1_269' title='bbox 1366 3401 1441 3464; x_wconf 77' lang='lat' dir='ltr'>simt</span> 
     </span>
     <span class='ocr_line' id='line_1_31' title="bbox 298 3502 1439 3586; baseline 0 -20"><span class='ocrx_word' id='word_1_270' title='bbox 298 3525 395 3586; x_wconf 86' lang='lat' dir='ltr'>quam</span> <span class='ocrx_word' id='word_1_271' title='bbox 419 3503 503 3586; x_wconf 90' lang='lat' dir='ltr'>quod</span> <span class='ocrx_word' id='word_1_272' title='bbox 527 3503 614 3568; x_wconf 84' lang='lat' dir='ltr'>vocis</span> <span class='ocrx_word' id='word_1_273' title='bbox 639 3525 695 3567; x_wconf 86' lang='lat' dir='ltr'>eor</span> <span class='ocrx_word' id='word_1_274' title='bbox 717 3505 850 3567; x_wconf 81' lang='lat' dir='ltr'>effector</span> <span class='ocrx_word' id='word_1_275' title='bbox 872 3503 923 3566; x_wconf 90' lang='lat' dir='ltr'>sit.</span> <span class='ocrx_word' id='word_1_276' title='bbox 969 3502 1054 3568; x_wconf 89' lang='lat' dir='ltr'>Nam</span> <span class='ocrx_word' id='word_1_277' title='bbox 1079 3503 1106 3566; x_wconf 92' lang='lat' dir='ltr'>si</span> <span class='ocrx_word' id='word_1_278' title='bbox 1130 3504 1439 3568; x_wconf 69' lang='lat' dir='ltr'>demonstrationem</span> 
     </span>
     <span class='ocr_line' id='line_1_32' title="bbox 298 3609 1439 3696; baseline 0.002 -24"><span class='ocrx_word' id='word_1_279' title='bbox 298 3609 440 3693; x_wconf 87' lang='lat' dir='ltr'>aliquam</span> <span class='ocrx_word' id='word_1_280' title='bbox 470 3609 532 3674; x_wconf 84' lang='lat' dir='ltr'>hae</span> <span class='ocrx_word' id='word_1_281' title='bbox 560 3609 599 3672; x_wconf 91' lang='lat' dir='ltr'>de</span> <span class='ocrx_word' id='word_1_282' title='bbox 626 3631 661 3673; x_wconf 88' lang='lat' dir='ltr'>re</span> <span class='ocrx_word' id='word_1_283' title='bbox 687 3632 747 3674; x_wconf 90' lang='lat' dir='ltr'>nos</span> <span class='ocrx_word' id='word_1_284' title='bbox 776 3609 888 3674; x_wconf 83' lang='lat' dir='ltr'>dooere</span> <span class='ocrx_word' id='word_1_285' title='bbox 912 3613 1061 3693; x_wconf 82' lang='lat' dir='ltr'>possunt,</span> <span class='ocrx_word' id='word_1_286' title='bbox 1088 3609 1228 3674; x_wconf 89' lang='lat' dir='ltr'>libenter</span> <span class='ocrx_word' id='word_1_287' title='bbox 1259 3610 1439 3696; x_wconf 80' lang='lat' dir='ltr'>audiemus3</span> 
     </span>
     <span class='ocr_line' id='line_1_33' title="bbox 296 3715 1440 3806; baseline 0 -26"><span class='ocrx_word' id='word_1_288' title='bbox 296 3738 410 3780; x_wconf 88' lang='lat' dir='ltr'>verum</span> <span class='ocrx_word' id='word_1_289' title='bbox 437 3739 519 3799; x_wconf 89' lang='lat' dir='ltr'>quae</span> <span class='ocrx_word' id='word_1_290' title='bbox 543 3739 562 3780; x_wconf 87' lang='lat' dir='ltr'>a</span> <span class='ocrx_word' id='word_1_291' title='bbox 586 3716 651 3780; x_wconf 86' lang='lat' dir='ltr'>situ</span> <span class='ocrx_word' id='word_1_292' title='bbox 675 3717 746 3781; x_wconf 90' lang='lat' dir='ltr'>solo</span> <span class='ocrx_word' id='word_1_293' title='bbox 776 3715 984 3806; x_wconf 85' lang='lat' dir='ltr'>progreditur</span> <span class='ocrx_word' id='word_1_294' title='bbox 1007 3717 1260 3801; x_wconf 80' lang='lat' dir='ltr'>argumentatio,</span> <span class='ocrx_word' id='word_1_295' title='bbox 1287 3740 1440 3800; x_wconf 86' lang='lat' dir='ltr'>perversa</span> 
     </span>
     <span class='ocr_line' id='line_1_34' title="bbox 296 3822 1439 3908; baseline 0.001 -21"><span class='ocrx_word' id='word_1_296' title='bbox 296 3827 353 3888; x_wconf 86' lang='lat' dir='ltr'>est.</span> <span class='ocrx_word' id='word_1_297' title='bbox 394 3822 519 3888; x_wconf 84' lang='lat' dir='ltr'>Eodem</span> <span class='ocrx_word' id='word_1_298' title='bbox 543 3824 762 3908; x_wconf 74' lang='lat' dir='ltr'>erumpente,</span> <span class='ocrx_word' id='word_1_299' title='bbox 786 3823 915 3908; x_wconf 89' lang='lat' dir='ltr'>opinor,</span> <span class='ocrx_word' id='word_1_300' title='bbox 939 3827 1009 3887; x_wconf 92' lang='lat' dir='ltr'>tum</span> <span class='ocrx_word' id='word_1_301' title='bbox 1031 3824 1233 3907; x_wconf 89' lang='lat' dir='ltr'>pulmonem,</span> <span class='ocrx_word' id='word_1_302' title='bbox 1256 3828 1326 3888; x_wconf 88' lang='lat' dir='ltr'>tum</span> <span class='ocrx_word' id='word_1_303' title='bbox 1350 3845 1439 3907; x_wconf 88' lang='lat' dir='ltr'>aspe-</span> 
     </span>
     <span class='ocr_line' id='line_1_35' title="bbox 295 3929 1439 4015; baseline 0 -21"><span class='ocrx_word' id='word_1_304' title='bbox 295 3953 366 3994; x_wconf 91' lang='lat' dir='ltr'>ram</span> <span class='ocrx_word' id='word_1_305' title='bbox 398 3930 552 3994; x_wconf 87' lang='lat' dir='ltr'>arteriam</span> <span class='ocrx_word' id='word_1_306' title='bbox 587 3931 675 3995; x_wconf 84' lang='lat' dir='ltr'>vocis</span> <span class='ocrx_word' id='word_1_307' title='bbox 712 3931 872 4014; x_wconf 85' lang='lat' dir='ltr'>originem</span> <span class='ocrx_word' id='word_1_308' title='bbox 905 3953 975 3994; x_wconf 87' lang='lat' dir='ltr'>esse</span> <span class='ocrx_word' id='word_1_309' title='bbox 1012 3929 1168 4014; x_wconf 79' lang='lat' dir='ltr'>dicemus,</span> <span class='ocrx_word' id='word_1_310' title='bbox 1205 3930 1325 4015; x_wconf 90' lang='lat' dir='ltr'>quippe</span> <span class='ocrx_word' id='word_1_311' title='bbox 1357 3953 1439 4014; x_wconf 88' lang='lat' dir='ltr'>quae</span> 
     </span>
     <span class='ocr_line' id='line_1_36' title="bbox 296 4036 1438 4122; baseline -0.002 -20"><span class='ocrx_word' id='word_1_312' title='bbox 296 4038 461 4104; x_wconf 80' lang='lat' dir='ltr'>vocalibus</span> <span class='ocrx_word' id='word_1_313' title='bbox 484 4037 709 4102; x_wconf 85' lang='lat' dir='ltr'>instrumentis</span> <span class='ocrx_word' id='word_1_314' title='bbox 741 4036 899 4101; x_wconf 85' lang='lat' dir='ltr'>viciniora</span> <span class='ocrx_word' id='word_1_315' title='bbox 923 4037 1000 4122; x_wconf 81' lang='lat' dir='ltr'>sint3</span> <span class='ocrx_word' id='word_1_316' title='bbox 1028 4060 1104 4102; x_wconf 91' lang='lat' dir='ltr'>nam</span> <span class='ocrx_word' id='word_1_317' title='bbox 1132 4037 1273 4120; x_wconf 90' lang='lat' dir='ltr'>primum</span> <span class='ocrx_word' id='word_1_318' title='bbox 1301 4059 1339 4101; x_wconf 89' lang='lat' dir='ltr'>ae</span> <span class='ocrx_word' id='word_1_319' title='bbox 1365 4059 1438 4121; x_wconf 94' lang='lat' dir='ltr'>pro-</span> 
     </span>
     <span class='ocr_line' id='line_1_37' title="bbox 295 4143 1438 4229; baseline -0.003 -19"><span class='ocrx_word' id='word_1_320' title='bbox 295 4147 401 4229; x_wconf 88' lang='lat' dir='ltr'>prium</span> <span class='ocrx_word' id='word_1_321' title='bbox 434 4145 523 4210; x_wconf 81' lang='lat' dir='ltr'>vocis</span> <span class='ocrx_word' id='word_1_322' title='bbox 556 4145 810 4209; x_wconf 86' lang='lat' dir='ltr'>instrumentum</span> <span class='ocrx_word' id='word_1_323' title='bbox 841 4144 958 4227; x_wconf 83' lang='lat' dir='ltr'>larynx</span> <span class='ocrx_word' id='word_1_324' title='bbox 990 4148 1048 4208; x_wconf 89' lang='lat' dir='ltr'>est.</span> <span class='ocrx_word' id='word_1_325' title='bbox 1099 4143 1220 4220; x_wconf 81' lang='lat' dir='ltr'>Quodsi</span> <span class='ocrx_word' id='word_1_326' title='bbox 1252 4143 1339 4208; x_wconf 86' lang='lat' dir='ltr'>infra</span> <span class='ocrx_word' id='word_1_327' title='bbox 1365 4165 1438 4207; x_wconf 91' lang='lat' dir='ltr'>eum</span> 
     </span>
     <span class='ocr_line' id='line_1_38' title="bbox 296 4250 1438 4336; baseline -0.004 -19"><span class='ocrx_word' id='word_1_328' title='bbox 296 4276 446 4336; x_wconf 82' lang='lat' dir='ltr'>asperam</span> <span class='ocrx_word' id='word_1_329' title='bbox 474 4252 629 4317; x_wconf 84' lang='lat' dir='ltr'>arteriam</span> <span class='ocrx_word' id='word_1_330' title='bbox 656 4251 821 4334; x_wconf 84' lang='lat' dir='ltr'>incideris,</span> <span class='ocrx_word' id='word_1_331' title='bbox 849 4274 915 4316; x_wconf 90' lang='lat' dir='ltr'>non</span> <span class='ocrx_word' id='word_1_332' title='bbox 941 4251 1008 4314; x_wconf 87' lang='lat' dir='ltr'>iam</span> <span class='ocrx_word' id='word_1_333' title='bbox 1037 4250 1147 4314; x_wconf 88' lang='lat' dir='ltr'>audies</span> <span class='ocrx_word' id='word_1_334' title='bbox 1177 4250 1298 4316; x_wconf 87' lang='lat' dir='ltr'>animal</span> <span class='ocrx_word' id='word_1_335' title='bbox 1326 4271 1438 4316; x_wconf 81' lang='lat' dir='ltr'>vocem</span> 
     </span>
     <span class='ocr_line' id='line_1_39' title="bbox 295 4355 1439 4443; baseline -0.003 -21"><span class='ocrx_word' id='word_1_336' title='bbox 295 4361 460 4443; x_wconf 84' lang='lat' dir='ltr'>emittens,</span> <span class='ocrx_word' id='word_1_337' title='bbox 483 4359 584 4424; x_wconf 89' lang='lat' dir='ltr'>libere</span> <span class='ocrx_word' id='word_1_338' title='bbox 608 4364 719 4423; x_wconf 88' lang='lat' dir='ltr'>tamen</span> <span class='ocrx_word' id='word_1_339' title='bbox 743 4357 847 4422; x_wconf 88' lang='lat' dir='ltr'>adhue</span> <span class='ocrx_word' id='word_1_340' title='bbox 870 4357 1051 4422; x_wconf 86' lang='lat' dir='ltr'>anhelitum</span> <span class='ocrx_word' id='word_1_341' title='bbox 1075 4357 1193 4422; x_wconf 83' lang='lat' dir='ltr'>ducens</span> <span class='ocrx_word' id='word_1_342' title='bbox 1217 4357 1349 4420; x_wconf 86' lang='lat' dir='ltr'>videbis.</span> <span class='ocrx_word' id='word_1_343' title='bbox 1394 4355 1439 4420; x_wconf 78' lang='lat' dir='ltr'>Ee</span> 
     </span>
    </p>
   </div>
   <div class='ocr_carea' id='block_1_6' title="bbox 0 0 1652 5136">
    <p class='ocr_par' dir='ltr' id='par_1_6' title="bbox 0 0 1652 5136">
     <span class='ocr_line' id='line_1_40' title="bbox 0 0 1652 5136; baseline 0 2"><span class='ocrx_word' id='word_1_344' title='bbox 0 0 1652 5136; x_wconf 95' lang='lat' dir='ltr'> </span> 
     </span>
    </p>
   </div>
  </div>
 </body>
</html>
