3246 5148
614 437 834 502 ...33-

139 598 219 680 post
241 595 323 662 med.
347 593 451 674 θεοὺς
473 589 504 662 δ’
531 591 678 674 ἅπαντας
701 597 918 683 ἐπικαλοῦμαι
941 595 1125 684 μάρτυρας,
1149 593 1295 678 uictoris

137 697 385 787 ἀναισχύντους
420 705 489 768 τῶν
524 699 635 786 λόγων
667 703 851 788 ἐλέγχους
887 699 988 782 αὐτὸς
1020 707 1190 791 αἰδοῦμαι.
1248 707 1294 771 At

140 807 286 874 Galenus
312 831 379 875 non
409 809 627 896 impudentes,
660 812 715 876 sed
743 811 981 896 impudentium
1012 813 1178 877 rationum
1210 813 1292 878 refu-

138 915 284 982 tationes
303 917 433 980 veretur
452 915 648 1004 adscribere3
672 919 782 1003 itaque
801 915 971 1002 ἐλέγχων
992 915 1166 1006 (refutans)
1186 922 1285 1004 scrip·

139 1023 225 1086 sisse
252 1043 325 1088 eum
352 1027 444 1108 patet
471 1022 567 1107 idque
594 1020 630 1086 M
658 1027 807 1088 testatur.
857 1023 891 1088 P.
921 1025 986 1090 710
1017 1031 1094 1110 post
1123 1027 1166 1091 in.
1193 1027 1294 1092 locus’

140 1129 198 1212 qui
221 1151 260 1192 ex
282 1127 496 1214 Hippocratis
519 1129 604 1193 libro
628 1127 667 1191 de
689 1132 808 1192 natura
830 1129 973 1196 hominis
997 1129 1098 1217 (apud
1121 1131 1218 1198 Littr.
1237 1127 1295 1196 VI’

139 1235 201 1320 42,
228 1235 317 1301 Erm.
339 1235 387 1320 ΙΙ,
413 1233 470 1322 85)
499 1235 666 1300 desumtus
691 1237 753 1318 cst,
780 1235 865 1299 male
889 1236 936 1301 sic
963 1236 1083 1302 editur:
1110 1236 1165 1302 καὶ
1189 1239 1294 1303 ταῦτα

140 1339 273 1426 ποιήσει
292 1359 345 1408 σοι
364 1337 472 1407 πάντα
490 1338 602 1426 κάσῃν
624 1334 752 1426 ἡμέρην
769 1339 825 1405 καὶ
844 1338 948 1408 νύκτα
966 1341 1021 1408 καὶ
1045 1344 1215 1427 χειμῶνα
1238 1342 1293 1409 καὶ

142 1445 263 1533 θέρος
293 1471 352 1534 pro
385 1448 566 1532 χειμῶνος
597 1445 652 1512 καὶ
684 1443 834 1530 θέρεος,
865 1450 1059 1531 pracsertim
1089 1473 1161 1516 cum
1194 1473 1294 1536 supra

140 1553 187 1640 (p.
211 1555 304 1642 687),
327 1555 382 1621 ubi
406 1555 491 1620 idem
514 1555 605 1620 locus
625 1553 806 1637 exscriptus
825 1553 1003 1638 invenitur,
1026 1556 1166 1622 editores
1191 1557 1293 1624 Gene-

141 1661 249 1726 tivum
280 1663 474 1745 receperint,
506 1661 572 1725 nisi
604 1660 690 1744 quod
721 1681 780 1745 pro
810 1658 929 1746 θέρεος
961 1663 1123 1747 scriptura
1152 1663 1292 1730 Aldinae
1369 1683 1374 1694 ·

143 1763 242 1852 ἦρεος
263 1767 340 1831 freti
362 1762 461 1851 ἤρεος
485 1767 661 1831 ediderunt.

233 1873 385 1960 Sequitur
408 1874 447 1938 de
470 1871 589 1937 Verbis
613 1873 647 1936 in
670 1872 738 1937 edd.
761 1895 860 1958 prave
885 1875 1071 1940 terminatis
1095 1877 1204 1944 brevis
1228 1877 1291 1944 dis·

141 1981 281 2064 putatio.
317 1981 352 2045 P.
372 1980 435 2045 799
459 1981 502 2044 in.
526 1979 613 2064 δρᾶν
631 1980 788 2063 scriptum
808 1985 859 2046 est
881 2003 940 2066 pro
965 1983 1041 2069 δρᾷ;
1066 2004 1096 2067 p.
1122 1983 1184 2049 701
1210 1985 1283 2050 med

141 2084 314 2172 νοσήματα
342 2081 532 2153 ἀποτίκτει
560 2107 620 2172 pro
647 2079 866 2164 ἀποτίκτον;
894 2089 930 2154 in
956 2095 1095 2175 utroque
1122 2091 1195 2156 loco
1218 2091 1291 2156 Pla-

139 2195 251 2260 tonico
278 2193 313 2259 M
341 2215 450 2259 veram
478 2192 674 2277 scripturam
696 2194 846 2279 praebet;
875 2196 931 2260 sed
954 2196 1078 2261 duobus
1103 2197 1177 2262 aliis
1200 2199 1291 2282 locis,

140 2301 196 2384 qui
220 2323 259 2366 ex
281 2301 430 2366 Phaedro
453 2300 601 2365 Platonis
625 2296 670 2384 (p.
690 2299 755 2363 263
774 2298 804 2363 Α
828 2305 861 2364 et
883 2325 914 2385 p.
933 2303 998 2366 273
1019 2300 1064 2388 D)
1087 2303 1182 2368 electi
1206 2310 1291 2389 sunt,

139 2406 300 2472 Marciani
323 2429 450 2492 quoque
473 2407 570 2472 lectio
592 2406 711 2470 vitiata
734 2409 797 2490 est,
821 2407 941 2490 quippe
965 2408 1020 2494 qui
1043 2409 1153 2472 tradat
1176 2431 1206 2494 p.
1227 2411 1288 2474 731

138 2517 217 2598 post
239 2513 282 2578 in.
306 2507 367 2578 οὐκ
390 2507 489 2588 ἄλλος
511 2507 594 2594 άλλη
617 2507 752 2595 φέρεται
781 2509 837 2576 καὶ
860 2505 1167 2598 ἀμφισβητεῖται
1193 2509 1291 2600 ἀλλή-

138 2623 211 2696 λοις
233 2642 267 2683 τε
290 2616 344 2682 καὶ
367 2613 448 2702 ἡμῖν
471 2611 599 2694 αὐτοῖςς
623 2617 781 2683 editiones
806 2611 1075 2703 ἀμφισβητοῦσιν
1092 2643 1158 2688 non
1181 2624 1289 2688 minus

138 2747 323 2811 perperam3
347 2726 420 2812 lege
443 2719 759 2809 ἀμφισβητοῦμεν;
788 2731 873 2809 etp.
899 2727 962 2791 756
986 2733 1065 2792 extr.
1093 2723 1139 2805 ἀς
1162 2725 1222 2794 ἐὰν
1244 2725 1289 2814 μή

136 2855 189 2907 τις
210 2832 278 2896 τῶν
300 2825 329 2895 τ’
355 2825 594 2915 ἀκουσομένων
616 2825 674 2906 τὰς
698 2827 815 2913 φάσεις
838 2829 1114 2918 διαριθμήσηται,
1137 2833 1192 2901 καὶ
1215 2830 1287 2902 κατ’

138 2938 212 3020 εἴδη
240 2961 274 3004 τε
302 2939 460 3020 διαιρεῖ.
513 2937 594 3001 Εδδ.
626 2937 698 3001 Ald.
727 2943 760 3002 et
786 2937 862 3004 Bas,
897 2940 1086 3024 διαιρεῖται,
1117 2941 1228 3008 (thart
1256 2947 1289 3008 et

138 3043 266 3109 Kuehn.
290 3045 471 3128 διαιρῆται;
499 3043 671 3130 legendum
700 3047 750 3107 est
777 3045 1018 3128 διαιρεῖσθαι.
1063 3047 1099 3113 Ρ.
1123 3047 1187 3114 778
1213 3054 1288 3133 post

120 3151 222 3215 med.
241 3149 363 3215 editum
382 3155 445 3215 est:
469 3151 500 3216 εἰ
516 3145 547 3214 δ’
569 3147 820 3234 ἐκιμελέστεράυ
838 3174 888 3227 τις
906 3163 1077 3236 σκοποῖτο,
1101 3149 1163 3238 τὴν
1182 3148 1289 3239 αὐτὴν

138 3259 251 3340 ἔχουσι
271 3253 433 3342 δύναμιν,
456 3251 565 3343 ὥσπερ
583 3280 622 3341 με
640 3250 801 3322 κάπειδάν
819 3259 920 3340 φησί
934 3282 984 3335 τις
1002 3252 1065 3324 ἀττδ
1081 3261 1149 3324 τῶν
1162 3261 1289 3326 κοινάν

138 3361 282 3428 ἐννοιῶν
305 3357 481 3448 ἀρχεσθαι;
505 3363 561 3427 sed
584 3363 669 3428 hunc
694 3365 924 3430 soloecismum
946 3387 987 3429 ne
1007 3365 1131 3432 Galeno
1150 3367 1287 3452 tribuas,

137 3468 172 3534 M
196 3469 304 3552 docet,
327 3469 383 3554 qui
405 3470 453 3553 φῆ
476 3470 496 3533 i.
520 3491 546 3533 e.
569 3471 617 3555 φῇ
640 3472 797 3555 scriptum
825 3471 927 3537 habet
949 3472 1100 3536 mendum
1123 3471 1154 3536 h.
1177 3474 1197 3537 l.
1220 3495 1287 3540 non

138 3577 246 3640 minus
265 3577 373 3641 vitans
392 3598 490 3660 quam
508 3599 538 3660 p.
559 3577 623 3642 756
642 3582 716 3643 ante
736 3577 830 3661 med,
853 3578 910 3642 ubi
929 3577 998 3643 edd.
1021 3579 1120 3643 verba
1138 3579 1286 3645 Platonis

138 3705 154 3747 e
173 3681 322 3748 Phaedro
341 3681 385 3768 (p.
405 3669 470 3748 272
489 3681 531 3769 Β)
555 3684 719 3767 exscripta
741 3684 789 3769 φῇ
813 3679 849 3748 δὲ
868 3680 965 3770 τέχνῃ
984 3681 1092 3768 λέγειν
1115 3709 1285 3772 perperam

137 3791 185 3854 sio
208 3789 412 3856 tradiderunt
435 3786 530 3872 φησί
554 3787 591 3854 δὲ
617 3789 758 3874 τέχνην
780 3788 898 3874 λέγειν.
942 3791 978 3855 Ρ.
1001 3791 1066 3856 645
1094 3793 1128 3857 in
1151 3792 1181 3857 A
1204 3795 1285 3879 legi·
1361 3803 1363 3810 ⁴

137 3919 223 3960 mus:
251 3889 372 3961 ὁποίαν
399 3893 439 3960 δέ
462 3919 538 3961 τινα
565 3893 628 3980 τὴν
656 3892 803 3981 δύναμιν
830 3899 908 3980 ἔχει,
936 3898 1064 3981 μαθῆς
1091 3897 1229 3985 ῥᾳδίως,
1255 3900 1286 3963 sl

136 3999 301 4086 πρότερον
318 3998 380 4086 μὲν
398 3999 450 4066 ἐπὶ
469 3997 532 4086 τὴν
549 3997 721 4087 ἀνατομὴν
739 3996 940 4088 ἀφικόμενος
959 4003 1052 4081 ἴδοις.
1093 4003 1283 4073 Charterius

136 4131 203 4174 non
221 4109 328 4173 minus
352 4109 437 4174 male
459 4105 572 4195 μάθῃς
599 4108 738 4195 ῥᾳδίοις,
761 4110 877 4175 melius
900 4109 1027 4175 Kuehn.
1054 4105 1199 4193 μάθοις
1221 4103 1283 4184 άν;

137 4215 193 4280 sed
214 4215 250 4280 M
272 4216 408 4300 praebet
431 4212 584 4302 μαθήσῃ
608 4215 747 4302 ῥᾳδίως,
770 4217 856 4301 quod
877 4217 1114 4282 restituendum
1138 4219 1196 4279 est.

225 4321 372 4386 Tertium
403 4343 504 4408 genus
536 4322 739 4406 mendorum,
773 4345 836 4407 quo
869 4323 900 4387 A
931 4323 1073 4404 laborat,
1110 4343 1127 4384 e
1163 4321 1283 4386 υοαιδαο

136 4431 257 4496 omaso
280 4433 417 4495 constat
463 4429 534 4505 Quo
557 4429 689 4493 tametsi
712 4430 819 4494 minus
842 4451 938 4512 quam
963 4427 998 4491 M
1021 4427 1201 4492 deformata
1224 4433 1283 4514 est,

190 4543 270 4585 (tutent
284 4543 311 4583 de
325 4543 385 4584 Plac.
401 4543 455 4582 Plat
470 4547 493 4583 et
507 4543 613 4592 Hippocr.
628 4544 687 4583 libri.
1054 4539 1068 4583 3
