3246 5148
619 423 840 489 ..57-

156 575 194 645 di
216 603 255 646 το
280 577 584 668 παραλελειμμένον
606 573 663 650 ὑπ’
680 575 806 667 αὐτῶν,
835 579 992 665 ὡσαύτως
1019 583 1056 656 δὲ
1083 585 1138 654 καί
1160 612 1198 655 το
1222 612 1305 655 κατα

155 685 273 772 μέρος,
297 683 408 773 ἄμφω
432 689 566 775 ψευδῆ.
597 689 722 756 Deinde
740 696 815 778 pont
830 689 1012 779 λεγόμενον
1026 695 1205 762 omiserunt
1220 721 1305 783 μοι,

154 795 243 878 quod
273 795 307 859 in
335 795 424 860 codd.
453 795 488 861 M
519 802 552 862 at
579 797 799 866 Laurentiano
831 803 950 886 enadad,
983 798 1165 888 λεγόμενον
1196 808 1304 871 autem

155 902 264 985 ipsum
289 923 306 966 ε
329 901 390 968 fide
409 902 620 971 Laurentiani
638 905 674 969 in
692 905 889 991 λελεγμένον
908 909 1097 974 mutandum
1116 915 1173 976 eat.
1204 909 1305 976 Char·

153 1009 259 1074 terius
282 1009 417 1094 donique
440 1011 563 1077 malum
586 1013 673 1079 malo
694 1013 831 1097 addidit,
853 1037 927 1079 oum
949 1037 1009 1098 pro
1031 1011 1069 1080 τὸ
1092 1017 1160 1082 πᾶν
1181 1015 1223 1084 τὸ
1248 1013 1305 1082 διό

154 1140 250 1192 τινος
271 1115 395 1203 (ΜΑΒ)
417 1115 455 1184 τὸ
479 1119 546 1184 πᾶν
569 1115 625 1184 διαί
648 1143 740 1196 τινος
762 1124 796 1184 et
817 1143 877 1204 pro
902 1119 939 1186 έν
965 1123 1005 1207 τῇ
1034 1119 1181 1208 φάρυγγι
1205 1122 1243 1188 έν
1265 1126 1305 1210 τῇ

155 1223 299 1308 λόρογχι
327 1225 452 1292 εοΙοεοε
481 1224 667 1314 scripsit⁴⁵).
716 1225 785 1292 Neo
815 1227 916 1293 ullam
945 1229 1040 1294 video
1070 1252 1215 1314 oausam,
1248 1253 1305 1296 cur

155 1357 187 1418 p.
212 1334 276 1400 261
301 1334 361 1398 aab
386 1333 452 1416 fin,
479 1333 536 1398 ubi
559 1333 593 1398 in
615 1333 710 1398 ΜΑΒ
738 1334 890 1418 leguntur
918 1329 1075 1421 ἐγχωρεῖν
1102 1333 1243 1419 φάσκων
1270 1335 1305 1402 έκ

155 1439 227 1504 τῶν
249 1434 332 1504 κατὰ
354 1433 399 1504 td
421 1435 531 1524 στήθη
553 1441 665 1525 μερῶν
687 1438 910 1524 ἐκπέμπεσθαι
932 1437 993 1507 τὸν
1015 1438 1133 1525 λόγον,
1160 1443 1241 1508 illud
1264 1441 1305 1508 τά

155 1547 291 1612 eiecerit
313 1547 364 1612 vel
388 1569 419 1631 p.
439 1547 503 1612 297
527 1549 602 1631 post
624 1546 667 1610 in.
691 1547 725 1612 in
748 1569 844 1612 versu
867 1545 1041 1614 Homerico
1065 1552 1132 1613 καί
1152 1553 1227 1615 anta
1250 1547 1302 1633 χό·

155 1657 215 1730 λος
238 1647 309 1719 ὅστ’
336 1650 453 1736 ἐφέηκε
475 1677 504 1718 κ.
526 1676 553 1718 ι.
576 1659 619 1735 L,
649 1654 797 1718 omiserit
820 1657 876 1718 aui
899 1654 1020 1720 ibidem
1043 1656 1077 1720 in
1105 1656 1171 1722 alio
1199 1677 1303 1741 versu,

154 1763 190 1827 in
213 1783 277 1846 quo
300 1783 496 1845 quamquam
515 1759 610 1826 ΜΑΒ
629 1783 729 1825 unum
747 1761 881 1826 verbum
900 1760 1016 1825 misere
1035 1766 1223 1846 corruptum
1237 1767 1302 1827 tra-

154 1865 307 1934 diderunt
320 1863 431 1950 γόοισι
449 1889 508 1951 pro
528 1871 627 1952 μυίης
645 1868 835 1951 scribentem
854 1869 963 1932 tamen
981 1871 1040 1932 καί
1054 1867 1088 1933 in
1106 1869 1202 1934 iniiio
1216 1872 1302 1934 recia

154 1975 299 2060 positum
323 1973 457 2058 habent,
484 1977 521 2039 ad
547 1974 719 2060 legendum
742 1974 787 2039 sii
809 1976 876 2038 καί
901 1975 941 2038 οί
960 1977 1076 2057 μυίης
1099 1971 1229 2056 θάρσος
1252 1973 1301 2040 ένὶ

154 2079 339 2166 στήθεσσιν
370 2083 479 2164 ἔθηκε.
527 2080 640 2145 Etiam
667 2104 697 2165 p.
726 2081 788 2146 301
819 2083 894 2145 ania
924 2080 1006 2148 med.
1033 2085 1092 2146 καί
1121 2085 1195 2146 anie
1228 2079 1301 2148 τότε

155 2185 199 2272 δὴ
223 2185 378 2273 στηθέων
399 2188 484 2253 male
508 2188 627 2255 omisit.
663 2185 733 2252 Neo
754 2209 832 2252 vero
856 2186 987 2252 difficile
1010 2187 1074 2252 fuit
1096 2209 1127 2271 p.
1142 2188 1206 2254 298
1225 2193 1302 2272 posi

154 2297 238 2360 med.
261 2317 390 2360 versum
408 2293 619 2360 Homericum
643 2294 675 2358 in
697 2292 792 2358 ΜΑΒ
815 2294 1028 2377 depravatum
1051 2289 1134 2358 σεῖό
1141 2317 1157 2369 ς
1178 2317 1217 2359 τε
1241 2291 1301 2359 aaz

155 2397 187 2468 d’
209 2396 321 2478 αὐτὸς,
331 2396 412 2466 ἄϋσε
435 2398 524 2485 μάλα
545 2399 645 2485 μέγα,
672 2411 759 2464 τοῖσι
781 2395 818 2463 δὲ
841 2395 955 2483 θυμόν
979 2399 1148 2463 emendare
1172 2421 1301 2483 compa-

154 2513 230 2574 rato
252 2509 290 2573 Il.
313 2507 406 2589 XIII,
429 2508 507 2572 321:
540 2499 637 2572 σεῖσ’
664 2502 716 2571 έπὶ
740 2499 771 2570 δ’
797 2499 897 2582 αὐτὸς
923 2530 952 2571 κ.
974 2530 1000 2570 τ.
1024 2509 1066 2582 λ.;
1100 2508 1135 2568 αδ
1162 2506 1301 2590 pessime

155 2615 361 2682 Charterius:
390 2609 460 2679 Ἐπὶ
485 2608 516 2680 δ’
541 2608 654 2689 αὐτόςί
700 2613 734 2678 Ρ.
758 2613 822 2678 517
847 2613 889 2677 iu.
912 2612 1021 2677 MAB:
1053 2607 1134 2676 ἄλλο
1159 2635 1190 2676 τι
1214 2605 1302 2689 εἶδος

155 2723 193 2788 έν
211 2718 301 2812 αὐτῷ
317 2723 423 2806 ψυχῆς
435 2716 720 2808 προσῳκοδόμουν
732 2715 770 2785 τὸ
789 2714 944 2803 θνητὸν
960 2713 1001 2784 τὸ
1023 2713 1117 2783 δεινὰ
1131 2715 1186 2783 καὶ
1201 2711 1301 2802 ἀναχ-

154 2841 233 2896 καία
257 2828 294 2894 έν
318 2826 422 2917 ἕαντςό
445 2824 626 2911 παθήματα
650 2827 741 2910 ἔχον,
765 2823 1300 2891 eonsentientescumeodd.P1a-

155 2937 288 3020 tonicis3
312 2935 368 3000 aed
392 2933 580 3000 Chartorius
603 2929 734 3016 θνητὸν
755 2927 793 2996 τό
817 2933 937 2997 omisit.
972 2932 1008 2998 P.
1031 2933 1096 2997 524
1120 2935 1195 2996 ante
1218 2931 1301 2996 med.

155 3046 190 3110 in
208 3041 303 3109 ΜΑΒ
327 3039 382 3106 καὶ
404 3039 493 3106 ἔοικέ
512 3064 551 3105 τε
574 3037 611 3105 τὸ
631 3035 693 3123 μὲν
710 3034 780 3103 ἄνω
800 3037 898 3122 μέρος
921 3034 1010 3104 ἅπαν
1026 3039 1160 3124 legitur,
1182 3039 1300 3104 vitiose

154 3150 299 3236 quidem,
326 3153 361 3212 at
382 3171 416 3212 τε
440 3145 630 3212 Charierius
657 3168 724 3210 non
751 3145 866 3228 eicere,
895 3147 950 3209 aad
976 3145 1011 3209 in
1038 3167 1074 3229 με
1099 3148 1225 3210 mutare
1248 3145 1300 3208 de·

154 3257 236 3324 buit.
281 3255 316 3320 P.
339 3255 405 3320 555
432 3257 511 3319 extr.
535 3253 636 3318 edidit
661 3251 716 3318 καὶ
744 3253 841 3318 τοῦτο
869 3246 1064 3337 ὁριζόμενον
1091 3248 1141 3316 ἑνὶ
1168 3247 1230 3337 μέν
1256 3289 1300 3298 -

155 3359 255 3449 ἑτέρῳ
283 3359 323 3426 δέ
346 3363 423 3446 post
449 3355 643 3445 ὁριζόμενον
669 3357 791 3425 Dativo
819 3353 942 3442 ὅροις,
969 3380 1064 3443 quem
1087 3357 1181 3422 ΜΑΒ
1209 3381 1301 3442 prae·

154 3469 248 3553 beni,
275 3471 395 3533 temere
424 3466 646 3532 exterminabo.
691 3465 726 3530 P.
750 3465 813 3530 587
841 3468 918 3548 post
944 3465 1025 3529 med.
1053 3465 1138 3530 inter
1165 3459 1240 3530 οὕτε
1269 3469 1301 3530 εδ

155 3572 307 3652 Στωϊκὸς
325 3577 372 3639 ἔτι
395 3569 582 3656 φιλόσοφος
599 3571 798 3639 Particulam
817 3567 880 3654 γάρ
894 3569 1018 3657 (ΜΑΒ)
1037 3571 1106 3634 sine
1120 3571 1188 3636 ulla
1202 3581 1301 3637 causa

156 3679 385 3765 praetermiaii.
416 3679 451 3744 P.
471 3681 534 3746 588
554 3677 706 3744 mendose
730 3678 764 3742 in
783 3677 877 3742 ΜΑΒ
901 3677 1140 3760 scriptumest:
1164 3676 1300 3763 ἐδείχθη

156 3783 193 3852 δὲ
222 3785 278 3853 καὶ
307 3781 353 3863 ὦς
382 3780 482 3863 αὐτὸς
510 3781 528 3852 ὁ
559 3781 657 3868 λόγος
686 3777 803 3868 ἀρχαῖς
831 3781 893 3866 μέν
922 3780 1012 3848 ἐστιν
1041 3776 1155 3870 όρκεί
1180 3781 1301 3869 μόνος

156 3887 226 3960 οὐκ
249 3889 412 3976 ἐνδόξοις,
441 3888 482 3958 οὐ
509 3888 577 3977 μὴν
600 3885 671 3956 ἀλλ’
698 3889 963 3975 έπιστημονικοῐς
988 3904 1058 3968 τοῖς
1081 3887 1226 3976 λήμμασι
1249 3914 1299 3956 κε-

154 3997 332 4086 χρημένος,
360 3995 439 4084 ὅπερ
468 3995 558 4064 ίδιόν
585 3997 676 4063 έσιιν
703 3990 931 4080 ἀποδεικτικῆς
960 3994 1120 4082 μεθόδου.
1167 3996 1300 4063 Charie-

227 4263 261 4332 ‘⁸)
290 4262 410 4318 Omnino
429 4261 458 4316 in
475 4261 547 4317 libro
566 4261 656 4332 primo
674 4265 705 4317 et
722 4261 842 4316 seeundo
865 4279 916 4332 pro
940 4258 1051 4330 φάρυγξ
1074 4277 1171 4316 vocam
1195 4241 1299 4330 λα’ροηξ

155 4351 310 4418 substituit,
334 4351 414 4407 velut
435 4369 462 4420 p.
481 4357 533 4405 228
555 4345 607 4418 τὴν
626 4345 759 4418 φάρυγγα
778 4344 819 4403 δι’
839 4341 872 4418 ἧς
897 4349 986 4418 (Cant.
1005 4347 1103 4419 ΜΑΒ)
1127 4348 1249 4406 mutavit
1270 4347 1300 4404 in

156 4434 205 4496 τὸν
222 4433 347 4512 ίάροχχα
366 4431 406 4493 δι’
427 4427 460 4494 οὖ
479 4439 565 4510 idque
583 4455 670 4513 genua
689 4438 753 4494 alia..
1290 4433 1295 4441 ’
