3298 5136
657 396 897 462 -233—

201 555 291 644 μα’ζω
319 552 477 644 τάνδρός,
509 553 559 625 ὅτι
586 552 624 623 τὸ
652 551 734 622 κατὰ
763 550 864 644 ἀρχὰς
892 549 951 640 ὑφ’
983 553 1104 622 tumori
1132 550 1348 642 γραφόμενον

202 660 264 731 οὐκ
292 661 477 750 ἐξήλειψεν,
505 669 590 732 ἔνθα
613 663 718 750 φησίν
746 659 822 731 οὔτε
850 669 1011 749 αἴσθησιν
1035 658 1196 748 οὐδεμίαν
1220 661 1346 746 ἐκφανῆ

201 777 373 857 γίνεσθαι,
400 774 466 839 ποῦ
480 768 526 838 ,τὸ
549 769 668 856 κύριον
695 773 754 858 τῆς
776 773 883 858 ψυχῆς
909 771 1022 858 μέρος,
1055 767 1130 837 οὔτε
1156 765 1346 854 τεκμήριον·

202 872 244 944 οὐ
271 875 335 964 γὰρ
363 873 406 944 ἂν
433 877 485 944 ἐπὶ
512 880 654 944 τοσοῦτο
679 881 893 964 διενεχθῆναι
921 875 1005 965 πρὸς
1026 873 1191 963 ἀλλήλους
1213 872 1348 962 ίατρούς

201 1010 235 1051 τε
264 985 320 1051 καὶ
343 982 561 1070 φιλοσόφους.
605 979 626 1070 ἢ
654 992 745 1071 ελπερ
773 982 944 1071 ἀρέσκεται
970 986 1055 1075 τῷδε
1076 986 1121 1073 τῷ
1145 981 1251 1074 λόγῳ,
1278 985 1373 1060 adst

202 1087 264 1158 οὐκ
286 1087 415 1179 ᾐδέσθη
439 1089 539 1158 πάλιν
563 1091 687 1170 ἐντοῖς
710 1091 782 1178 ἑξῆς
800 1090 956 1177 αἰσθήσει
979 1117 1016 1176 γε
1033 1096 1159 1177 κρίνων
1181 1087 1218 1157 τὸ
1239 1087 1346 1176 δόγμα

201 1197 256 1265 καί
280 1199 462 1284 εφαίνεταί
488 1197 492 1286 Ι
518 1197 640 1283 λέγων;
669 1198 732 1283 ἐγὼ
764 1199 803 1266 δέ
827 1225 884 1286 μοι
912 1202 1017 1284 δοκῶ,
1048 1195 1199 1284 καθάπερ
1231 1193 1414 1281 ὀλίγον2ἳθ

202 1307 392 1390 ἔμπροσθεν
425 1304 547 1390 ἔπραξα
578 1302 639 1372 τὸν
668 1301 894 1392 ἀληθέστερον
922 1305 1078 1394 ἑλόμενος
1100 1303 1222 1390 λόγον,
1255 1299 1296 1370 δν
1328 1298 1345 1368 δ

201 1406 396 1497 Χρύσιππος
418 1415 540 1498 ἔγραψε
563 1411 646 1498 πρὸς
669 1410 789 1480 ἑαυτὸν
812 1410 1159 1500 έναντιολογούμενος,
1182 1407 1269 1477 οὕτω
1292 1409 1346 1476 καὶ

201 1519 267 1584 νῦν
294 1515 455 1604 ποιήσειν.
501 1514 640 1604 οὐδεμία
667 1517 731 1606 γὰρ
759 1528 916 1606 αἴσθησις
946 1517 1028 1607 ἡμῖν
1050 1525 1175 1605 γίνεται
1203 1521 1264 1584 τοῦ
1290 1519 1348 1604 τῆς
1363 1535 1388 1573 10

202 1625 309 1710 ψυχῆς
331 1620 533 1711 ἡγεμονικοῦ
554 1623 636 1694 κατδι
659 1625 721 1713 τῆν
743 1623 930 1714 καρδιάνῆ
957 1623 1017 1696 τὸν
1040 1625 1179 1712 θώρακα
1202 1651 1347 1713 περιεχο-

201 1732 305 1817 μένου
328 1732 383 1800 καί
412 1730 469 1800 διὰ
493 1735 593 1800 τοῦτο
617 1734 740 1802 ἐπαινῶ
768 1733 831 1821 μὲν
856 1733 896 1802 τὰ
919 1715 1032 1820 πρῶτα
1054 1737 1116 1801 τοῦ
1139 1739 1348 1820 Χρυσίππου,

202 1836 258 1904 διδι
281 1829 330 1906 ὧν
353 1836 512 1925 ὁμολογεῖ
531 1837 568 1907 τὸ
593 1835 732 1927 ιἰληθές,
760 1838 822 1909 οὐκ
845 1843 967 1909 ἐπαινῶ
992 1839 1028 1908 δὲ
1053 1841 1090 1908 έν
1113 1833 1164 1919 οἷς
1186 1837 1348 1918 καταψεύ-

202 1947 292 2011 δεται
326 1948 382 2031 τῆς
414 1945 612 2034 αίσθῆσεως.
668 1945 710 2016 οὐ
741 1947 805 2036 γὰρ
838 1951 875 2016 ἓν
907 1953 953 2016 ἔτι
987 1949 1134 2015 ἐνταῦθα
1168 1949 1262 2014 δοκεῖ
1290 1973 1346 2033 μοι

202 2049 409 2136 σφάλλεσθαι
433 2052 514 2122 κατὰ
537 2052 598 2123 τὸν
621 2053 740 2142 λόγον,
763 2053 846 2124 ἀλλὰ
870 2055 932 2123 δύο
956 2054 1094 2143 μεγάλα·
1119 2057 1251 2141 πρῶτον
1273 2055 1346 2140 μέν,
1361 2067 1387 2108 1⁵

238 2273 251 2322 1
275 2262 396 2338 τάνδρὸς
418 2261 494 2330 ὅπως
517 2270 539 2323 L
564 2289 587 2322 τ.
611 2261 658 2323 ὅτε
684 2268 816 2324 MABGh
839 2270 883 2338 (cf.
904 2269 989 2324 Proll.
1013 2287 1039 2338 p.
1061 2271 1123 2336 102)
1146 2288 1169 2322 τ.
1193 2261 1237 2322 ὅτι
1260 2268 1293 2322 Κ.
1314 2299 1346 2308 -

201 2334 235 2393 τὰ
254 2335 318 2393 κατ’
333 2341 370 2405 L;
389 2340 424 2407 cf.
439 2339 523 2394 Proll.
538 2359 565 2422 p.
580 2346 623 2395 84.
644 2372 676 2380 -
696 2347 712 2394 2
733 2335 847 2410 έμφανῆ
862 2339 1027 2395 MABchK
1046 2334 1212 2407 ένοφανῆΙε
1233 2334 1345 2407 ἐκφανῆ

201 2427 252 2466 nor
271 2411 333 2466 coll.
349 2430 376 2481 p.
392 2417 444 2466 268
458 2413 523 2480 post
535 2429 573 2465 m.
589 2414 618 2466 et
632 2413 697 2466 ante
715 2411 787 2466 med.
803 2412 827 2465 K
847 2414 876 2466 et
893 2430 939 2484 pp.
956 2419 1007 2466 288
1022 2412 1100 2470 extr..
1119 2413 1149 2464 et
1162 2416 1214 2464 344
1229 2411 1298 2465 extr.
1313 2411 1346 2462 Κ.

202 2513 235 2522 -
255 2489 270 2536 3
290 2483 374 2537 τοῦτο
393 2482 415 2535 L
439 2482 494 2536 ποῦ
513 2477 544 2536 cd
564 2482 631 2537 MA.
651 2514 684 2523 —
708 2489 732 2536 4-
748 2476 785 2536 ἂν
804 2499 858 2538 om.
877 2481 1038 2538 LMABCh
1062 2481 1106 2548 (cf.
1126 2481 1209 2536 Proll.
1229 2501 1256 2552 p.
1276 2483 1347 2550 127),

200 2552 226 2606 K
248 2555 313 2623 post
335 2553 534 2622 διενεχθῆναι,
557 2571 606 2609 nos
628 2556 694 2624 post
716 2549 769 2624 γὰρ
791 2553 1002 2624 collocavimus;
1026 2552 1060 2608 cf.
1084 2552 1168 2607 Proll.
1191 2571 1219 2623 p.
1239 2561 1281 2608 66.
1305 2585 1338 2594 -

201 2625 336 2678 τοσοῦτον
351 2623 515 2679 MABChK
533 2625 650 2680 τοσοῦτο
665 2625 695 2679 L.
712 2657 744 2664 -
765 2631 780 2680 5
800 2619 953 2694 ἀρέσκηται
967 2623 1098 2679 ABChK
1116 2619 1266 2691 ἀρέσκεται
1281 2623 1345 2677 LM.

202 2725 234 2734 -
259 2691 428 2764 θαίσθῆσει
451 2693 481 2750 τὲ
505 2695 563 2749 Lu
582 2695 660 2754 αίσθ.
685 2716 715 2765 γε
739 2698 772 2752 Α.
799 2728 831 2737 -
858 2703 871 2750 7
898 2691 952 2765 ἐγώ
976 2691 1011 2764 δῆ
1034 2695 1093 2750 LM
1119 2690 1173 2764 ἐγώ
1197 2693 1229 2750 δέ
1253 2696 1285 2749 A
1312 2727 1345 2735 -

201 2773 217 2820 9
238 2759 329 2892 ἕρρτὲὅ
352 2767 401 2821 καί
424 2759 545 2892 {orico
569 2767 618 2822 καί
636 2768 701 2822 ΜΔ.
721 2799 756 2808 -
785 2775 817 2822 12
837 2763 1050 2838 έκαιναῦμενΙι
1075 2761 1183 2822 ἐπαινῶ
1207 2764 1260 2837 μέν
1278 2766 1346 2820 MA.

202 2867 235 2878 -
324 2859 341 2891 ν
358 2855 412 2894 om.
458 2869 518 2894 .-

201 3019 342 3084 maxime
371 3020 547 3086 consistere
579 3021 757 3086 videantur.
813 3021 918 3096 Quare
945 3020 1111 3086 hominem
1139 3019 1253 3102 miror,
1282 3040 1347 3102 cur,

201 3125 287 3209 quod
308 3126 404 3191 initio
429 3127 618 3211 scripserat,
647 3150 713 3193 non
741 3129 908 3209 deleverit,
935 3127 992 3191 ubi
1020 3126 1193 3210 sitneque
1217 3147 1346 3190 sensum

200 3232 411 3298 manifestum
436 3234 546 3318 ullum,
569 3234 626 3298 ubi
648 3235 839 3320 principalis
867 3233 994 3298 animae
1018 3255 1094 3317 pars
1118 3235 1216 3315 esset,
1243 3254 1346 3317 neque

201 3345 427 3426 argumentum
451 3363 533 3426 esse,
557 3340 727 3406 nonenim
751 3342 831 3407 adeo
854 3342 939 3407 inter
962 3361 996 3404 se
1020 3340 1222 3404 dissensuros
1245 3339 1347 3404 fuisse

201 3446 343 3512 medicos
367 3451 400 3512 et
421 3447 645 3533 philosophos.
689 3448 779 3515 Haec
804 3449 909 3514 oratio
934 3447 963 3511 si
986 3447 1016 3511 ei
1039 3447 1176 3530 placuit,
1204 3469 1260 3511 cur
1281 3468 1347 3512 non

201 3553 332 3617 erubuit
358 3555 456 3637 paulo
483 3558 560 3638 post
587 3577 740 3618 sensuum
772 3555 891 3620 iudicio
920 3555 1083 3618 decretum
1107 3553 1291 3617 examinare
1315 3555 1347 3616 et

202 3658 361 3744 ‘apparet’
385 3661 611 3745 interponere?
657 3660 829 3745 Equidem,
853 3659 1123 3746 quemadmodum
1150 3660 1248 3743 paulo
1272 3664 1347 3723 ante

200 3767 278 3850 feci,
306 3771 343 3831 ut
371 3789 409 3832 ex
436 3768 534 3851 locis,
563 3789 644 3852 quos
672 3789 781 3833 secum
809 3771 991 3854 pugnantes
1015 3765 1160 3849 scripsit,
1187 3766 1347 3832 veriorem

201 3873 365 3960 eligerem,
387 3874 435 3938 ita
456 3896 541 3939 nunc
564 3895 691 3958 quoque
714 3874 897 3940 faciendum
922 3874 1082 3939 existimo.
1126 3871 1227 3938 Nullo
1252 3895 1348 3937 sensu

200 3981 398 4064 percipimus
421 3980 641 4065 principatum
666 3980 793 4045 animae
815 3982 850 4047 in
873 3982 968 4047 corde
991 3983 1042 4046 vel
1066 3981 1101 4046 in
1124 3984 1254 4065 pectore
1278 4001 1347 4043 esse

201 4087 243 4151 ob
262 4109 396 4171 samque
415 4109 548 4152 causam
567 4086 670 4172 probo
690 4088 780 4171 prius
804 4089 927 4155 dictum
947 4086 1135 4173 Chrysippi,
1153 4109 1216 4173 quo
1235 4109 1347 4152 verum

201 4193 384 4275 confitetur,
421 4215 459 4258 ea
487 4198 615 4277 contra,
648 4194 764 4277 quibus
797 4196 835 4259 de
870 4218 983 4262 sensus
1011 4195 1148 4260 veritate
1181 4194 1347 4278 mentitur,

199 4320 264 4364 non
293 4299 405 4382 probo.
455 4299 531 4366 Non
558 4300 645 4365 enim
676 4323 776 4365 unum
805 4300 868 4368 hoc
895 4303 981 4384 loco,
1014 4303 1069 4367 sed
1100 4303 1181 4368 duos
1209 4323 1345 4388 magnos

200 4427 325 4472 errores
345 4427 419 4470 eum·
439 4429 562 4474 erre-sse
582 4407 744 4491 existimo,
762 4429 872 4492 uuum,
894 4408 989 4492 quod,
1012 4425 1086 4472 cum
1103 4411 1209 4490 totum
1228 4428 1345 4492 corpus
