3246 5148
626 391 844 456 ...41-

155 575 221 640 que
239 573 357 640 genero
378 552 579 639 mendorum,
601 555 639 619 ut
657 552 692 618 in
710 551 798 637 eliis,
821 553 925 620 multa
943 551 1180 640 posterioribus
1200 573 1305 618 emen-

154 661 266 727 danda
287 661 496 746 reliquerunt.
1138 677 1142 685 '

248 767 383 834 Praeter
416 768 551 852 horum,
591 769 630 833 de
668 767 785 853 quibus
823 767 1080 853 disputavimus,
1116 767 1306 834 mendorum

155 875 392 942 eorrectionem
426 875 460 939 in
492 897 530 940 eo
562 875 825 959 elaboraverunt,
856 879 894 940 ut
925 897 977 958 ea,
1009 895 1090 960 quae
1123 895 1140 938 e
1171 873 1305 939 vooibus

155 983 277 1050 vitiose
305 981 489 1048 terminetis
518 985 682 1066 constant,
715 982 876 1048 tollerent.
929 983 1044 1067 Itaque
1076 1003 1106 1064 p.
1134 981 1198 1046 217
1231 985 1308 1066 post

156 1089 241 1154 med.
264 1088 428 1171 προιοῦσα
456 1085 549 1175 (MA)
573 1092 781 1154 mutavenmt
807 1090 842 1154 in
860 1091 1062 1173 προιοῦσαν,
1084 1110 1115 1171 p.
1140 1088 1202 1152 301
1228 1091 1306 1151 extr.

156 1193 306 1280 θάτερον
329 1190 453 1278 ὀλίγων
476 1193 607 1280 (ὀλίγον
629 1195 664 1260 Μ
686 1193 798 1282 Lam.)
826 1198 860 1261 in
883 1196 1031 1280 θατέρου
1052 1189 1164 1277 ὀλίγα,
1186 1216 1217 1278 p.
1241 1193 1306 1258 213

156 1307 235 1388 post
261 1303 304 1368 in.
331 1297 455 1366 ἅπασιν
483 1301 517 1366 in
544 1297 677 1367 ἅπασαν
699 1301 755 1388 (id.
782 1303 817 1369 M
840 1300 1057 1390 θυμοειδής),
1084 1324 1116 1385 p.
1139 1301 1203 1367 346
1228 1303 1307 1364 extr.

155 1407 276 1494 μόνων
299 1409 392 1492 (MA)
415 1409 450 1474 in
472 1405 593 1493 μόνον,
615 1433 647 1494 p.
666 1411 730 1476 638
751 1414 830 1476 extr.
851 1411 919 1476 τῶν
940 1407 1053 1476 τύπων
1071 1407 1165 1496 (MA)
1189 1409 1224 1474 in
1245 1403 1306 1472 τὸν

155 1514 279 1600 τόπον,
305 1540 336 1600 p.
360 1517 425 1580 643
447 1519 524 1599 post
545 1517 588 1581 in.
615 1520 774 1600 κρείττων
795 1517 889 1603 (MA)
918 1518 951 1582 in
974 1528 1125 1601 κρεῖττον
1151 1513 1205 1602 (of.
1227 1513 1305 1580 Pro·

156 1645 296 1710 gramm.
321 1627 423 1690 nostr.
450 1621 496 1707 Π,
526 1624 568 1689 10
594 1627 627 1688 et
656 1623 719 1710 19).
770 1624 804 1688 P.
832 1626 896 1690 337
924 1627 1007 1709 post.
1039 1623 1121 1689 med.
1148 1624 1304 1705 λογίσθαι

157 1729 218 1816 (A,
245 1735 424 1796 λυπεῖσθαι
451 1729 486 1794 Μ
514 1733 548 1794 et
576 1731 744 1796 Parisinus
766 1730 871 1816 prior)
896 1733 931 1796 in
953 1733 1158 1815 λογίζεσθαι,
1185 1751 1216 1814 p.
1242 1730 1302 1794 741

157 1841 240 1903 extr.
262 1831 508 1924 (ὁμολογοῦμεν
527 1831 572 1922 μὴ
593 1832 682 1921 παρὰ
705 1834 824 1925 φύσιν)
848 1828 868 1922 ἦ
891 1836 949 1924 (A)
968 1839 1001 1904 in
1021 1833 1122 1918 εἶναι,
1146 1837 1210 1902 754
1230 1839 1304 1900 ante

157 1943 242 2008 med,
270 1939 395 2008 δύνατο
422 1940 471 2028 (A
499 1939 639 2008 δύναται
667 1942 719 2031 Μ)
747 1946 781 2010 in
809 1942 947 2012 δύναιτο
975 1951 1062 2010 reete
1089 1947 1305 2009 mutaverunt.

158 2049 195 2114 P.
214 2051 279 2114 303
299 2054 375 2134 post
391 2050 473 2116 med.
492 2072 551 2135 pro
569 2046 679 2135 ὥσπερ
698 2048 769 2136 γὰρ
795 2049 948 2129 Σκύθαις
965 2054 1178 2117 restituerunt
1196 2045 1305 2132 ὥσπερ

158 2153 202 2220 ἐν
226 2151 394 2237 Σκύθαις,
416 2180 447 2242 p.
466 2157 532 2222 525
551 2157 611 2222 sub
634 2159 687 2224 fin.
706 2181 765 2243 pro
788 2153 891 2244 ἀνδρί
910 2182 943 2224 τε
961 2154 1062 2244 παρὰ
1082 2155 1187 2242 φύσιν
1206 2157 1304 2245 δεινῷ

157 2259 218 2348 (A)
238 2261 272 2326 in
295 2264 443 2348 margine
460 2261 547 2348 περὶ
571 2289 621 2348 p,
643 2266 729 2350 quod
748 2266 848 2330 etiam
866 2265 900 2330 M
919 2267 1067 2350 praebet,
1091 2289 1121 2350 p.
1139 2264 1205 2329 534
1224 2263 1305 2328 med.

157 2389 219 2452 pro
244 2362 326 2451 ἄλλη
348 2392 398 2445 τις
421 2364 500 2446 ὁδὸς
522 2367 657 2456 ἑτέρως
680 2369 774 2458 (MA)
797 2357 950 2455 τέτμηται
973 2375 1058 2436 reete
1081 2368 1244 2453 ἑτέρωσε.

248 2474 490 2560 Nonnunquam
513 2479 613 2542 etiam
634 2477 759 2542 factum
782 2481 845 2557 est,
872 2481 910 2542 ut
931 2500 1027 2544 voees
1054 2478 1090 2543 in
1112 2477 1142 2542 A
1168 2477 1305 2542 omissas

159 2582 350 2666 supplerent
372 2587 429 2648 aut
451 2606 509 2668 per
531 2584 791 2669 dittographiam
813 2586 969 2668 repetitas
992 2585 1144 2650 delerent.
1182 2584 1217 2649 P.
1240 2584 1305 2648 218

159 2691 239 2752 extr.
263 2682 305 2752 ού
327 2685 388 2774 χρὴ
411 2687 574 2774 μηκύνειν
596 2687 670 2775 περὶ
694 2683 806 2756 αὐτῶν
828 2686 933 2774 ὥςπερ
957 2684 988 2755 δ’
1015 2687 1166 2756 ἐπὶτῶν
1191 2690 1227 2755 ἐκ
1249 2690 1307 2773 τῆς

160 2791 376 2879 ἐτυμολογίας
394 2789 601 2881 ὁρμωμένων
618 2795 698 2881 MA,
716 2793 826 2884 ὥσπερ
845 2791 927 2863 οὐδ’
949 2795 1001 2862 ἐπὶ
1019 2797 1047 2863 Β
1069 2796 1125 2884 (id.
1140 2795 1306 2882 Cantaba,

159 2894 240 2966 οὐδὲ
267 2899 342 2984 περὶ
369 2901 522 2987 Kuehn.);
550 2926 580 2989 p.
607 2902 673 2968 293
701 2905 784 2970 med.
810 2905 918 2989 ψυχῆς
943 2905 1064 2989 καρδία
1090 2903 1169 2987 MA,
1199 2904 1307 2988 ψυχῆς

160 3005 203 3070 ἐν
228 3009 351 3094 καρδίᾳ
377 3012 464 3073 reete
491 3009 519 3074 B
548 3007 604 3094 (id.
631 3009 753 3097 Leur.)3
780 3034 812 3094 p.
835 3011 901 3076 522
924 3015 1001 3095 post
1026 3013 1069 3075 in.
1092 3009 1144 3076 ἐπὶ
1169 3007 1232 3094 μὲν
1255 3009 1306 3092 ἐγ-

158 3111 309 3196 κεφάλου
331 3116 469 3199 καρδίας
491 3114 570 3198 MA,
593 3113 645 3180 ἐπὶ
668 3113 730 3199 μὲν
753 3113 938 3200 ἐγκεφάλου
959 3114 1023 3181 καὶ
1046 3119 1185 3203 καρδίας
1207 3117 1247 3201 B,
1276 3140 1308 3201 p.

159 3221 224 3286 501
253 3225 330 3306 post
356 3221 400 3286 in.
423 3225 499 3306 post
520 3219 575 3285 καὶ
598 3221 662 3308 γὰρ
685 3219 827 3307 δύναμις
853 3218 873 3308 ἡ
898 3224 1041 3309 spatium
1063 3247 1202 3290 vaenum
1228 3223 1306 3288 duo·

160 3328 265 3392 deeim
292 3327 360 3392 fero
391 3327 574 3393 litteremm
602 3330 636 3394 in
663 3329 730 3394 MA
756 3333 819 3414 est,
852 3330 997 3414 sequitur
1026 3329 1176 3414 deinceps
1204 3325 1259 3392 καὶ
1287 3321 1305 3393 ὀ

160 3429 283 3516 τρόπος
300 3434 358 3518 τῆς
375 3435 437 3500 τοῦ
455 3431 587 3511 πάθους
604 3432 763 3519 γενέσεως
781 3430 909 3519 ὅμοιοςς
927 3437 1078 3501 lacunam
1097 3435 1306 3520 expleverunt

159 3540 365 3606 Basileenses
392 3543 454 3626 ite,
481 3547 518 3607 ut
540 3542 719 3608 seriberent
745 3537 888 3626 δύναμις
915 3537 935 3626 ἡ
959 3535 1055 3626 αὐτὴ
1078 3540 1149 3623 καὶ,
1172 3563 1305 3608 eonsen-

160 3647 280 3712 tientes
303 3669 377 3712 oum
400 3647 625 3714 Laurentiano
641 3645 846 3732 (Comariust
873 3643 893 3731 ἡ
921 3645 1064 3732 δύναμις
1086 3643 1107 3732 ἡ
1130 3641 1213 3733 αύτὴ
1238 3645 1305 3712 ἐστὶ

160 3751 235 3842 (sio)
263 3751 319 3818 καί
347 3748 365 3819 ὁ
393 3751 539 3841 τρόπος).
566 3792 609 3800 -
637 3754 670 3818 Ρ.
698 3755 763 3820 519
795 3757 871 3837 post
902 3754 983 3818 med.
1010 3754 1224 3839 Partioipium
1255 3749 1306 3837 tv,

160 3861 246 3944 quod
272 3865 349 3946 post
375 3862 463 3937 ἰδίας
490 3855 690 3938 ἀποδείξεως
715 3856 877 3945 δεόμενον
904 3859 940 3925 in
966 3861 1031 3925 MA
1057 3862 1189 3946 legitur,
1217 3865 1249 3925 et
1274 3884 1304 3945 p.

161 3967 226 4032 642
245 3971 323 4051 post
340 3967 382 4031 in.
400 3964 438 4032 τὸ
457 3966 572 4052 μέρος,
590 3967 675 4052 quod
699 3972 775 4050 post
791 3963 865 4031 τότε
883 3963 996 4051 μέρος,
1020 3969 1067 4044 είς
1089 3961 1106 4032 ὃ
1130 3968 1305 4051 repetitum

159 4077 222 4158 est,
245 4074 513 4156 exstirpaverunt.

248 4179 397 4263 Denique
423 4202 489 4244 non
516 4180 838 4263 praetermittendum
871 4182 932 4263 est,
964 4180 1048 4264 quod
1075 4176 1130 4243 καλ
1160 4174 1223 4261 γάρ
1253 4179 1305 4243 bis

161 4287 196 4350 in
223 4283 289 4350 MA
320 4285 405 4350 male
433 4286 641 4370 collocatum,
670 4309 698 4369 p.
727 4287 792 4349 643
824 4291 900 4368 post
927 4286 1008 4350 med.
1041 4279 1220 4366 pavescite
1250 4282 1305 4349 καὶ

161 4388 240 4478 γάρ,
262 4414 294 4480 p.
317 4391 382 4458 673
406 4395 484 4457 extr.
507 4396 698 4458 συντίθεται
722 4390 776 4456 καὶ
800 4387 879 4476 γάρ,
902 4415 960 4458 suo
982 4391 1055 4456 loeo
1078 4395 1243 4476 ponerent.
