3166 5192
571 438 612 449 -—
660 401 813 464 555-

98 561 373 650 καταφνόμενον
402 564 448 639 τίς
480 555 586 645 αὐτὴν
613 554 763 645 ἀγγεῖον,
796 553 876 643 ὅπερ
904 555 995 622 ἐστὶν
1022 554 1262 644 α’ποβλάστημα

97 675 169 757 τῆς
202 675 315 755 κοίλης
342 664 480 753 φλεβός,
508 662 631 752 ὁμοίως
659 677 730 742 ταῖς
757 659 930 750 ἀρτηρίαις
957 661 1094 748 σφύζον.
1139 671 1202 731 elus
1226 663 1262 731 δὲ

99 782 153 868 τῷ
190 778 348 863 δέχεσθαι
377 772 524 860 δύναμιν
551 772 587 839 ἐκ
613 775 672 859 τῆς
702 774 842 857 καρδίας
868 767 944 857 άχρι
972 771 1032 837 τοῦ
1061 767 1261 856 βράττεσθαι

102 885 338 970 ἐπιρρέουσαν
361 889 426 948 εἴτε
449 883 511 948 τοῦ
529 883 666 966 αἵματος
688 881 728 966 τῇ
752 877 804 944 ἐπὶ
823 872 983 944 τάναντιά
1006 878 1096 966 φορᾷ
1118 879 1157 964 τῇ
1181 874 1262 944 κατὰ

64 1059 69 1068 ,
102 989 145 1058 τὸ
175 989 290 1071 δεξιὸν
313 979 373 1067 οὖς
400 995 463 1054 είτε
491 983 579 1076 άλλρτ
607 985 673 1052 τινὶ
696 983 807 1073 τρόπῳ
834 981 897 1070 την
924 989 1058 1069 κίνησιν
1090 980 1214 1068 ταύτην
1242 979 1289 1070 ἡῡ

104 1102 211 1183 κοίλη
254 1093 342 1181 φλὲψ
378 1092 556 1180 λαμβάνει,
594 1090 748 1180 περιττὸν
787 1091 824 1158 ἐν
859 1093 904 1181 τῷ
941 1088 1082 1178 παρόντι
1119 1104 1264 1159 σκοπεῖν.

107 1203 236 1272 λκανὸν
259 1200 322 1288 γάρ
346 1205 393 1280 είς
415 1199 452 1267 τὸ
471 1205 692 1286 προκείμενον
714 1196 751 1265 τὸ
776 1197 859 1284 μηδὲ
883 1194 968 1276 ὅλως
987 1195 1125 1282 σφάζειν
1148 1193 1263 1286 αὐτήν,

106 1309 228 1396 ὥσπερ
250 1305 313 1394 τὴν
335 1305 484 1394 μεγάλην
511 1302 673 1394 ἀρτηρίαν
701 1303 768 1392 ἅμα
791 1319 863 1384 ταῖς
890 1302 1005 1384 ἄλλαις
1027 1301 1170 1384 άπάσαις
1192 1319 1264 1384 ταῖς

109 1415 199 1484 κατὰ
223 1414 260 1482 τὸ
284 1416 385 1501 σῶμα.
430 1413 481 1481 ὅτι
505 1412 567 1499 μὲν
590 1403 653 1480 οὖν
677 1409 752 1480 οὔτε
780 1415 838 1498 τῆς
859 1409 991 1499 πρώτης
1014 1411 1173 1496 γενέσεως
1195 1415 1264 1480 τῶν

109 1526 253 1609 φλεβῶν
275 1519 351 1590 οὔτε
378 1524 436 1608 τῆς
458 1519 538 1607 μετὰ
565 1521 669 1586 ταῦτα
697 1515 891 1604 διοικήσεάς
918 1519 1008 1585 ἐστιν
1035 1515 1118 1606 άρχὴ
1143 1515 1162 1604 ἡ
1186 1545 1262 1607 καρ-
1278 1533 1303 1572 ¹⁰

113 1633 191 1714 δία,
217 1629 380 1695 δέδεικται
404 1629 526 1713 σαφῶς.

201 1732 403 1802 ’Ῥπόλοιπον
435 1734 475 1800 δέ
504 1734 610 1816 ἐστιν,
642 1728 726 1817 ὑπὲρ
759 1721 800 1798 οὗ
832 1730 996 1812 ἐδόξασάν
1022 1758 1111 1812 τινες
1138 1730 1263 1800 άτοπον

112 1842 178 1930 μὲν
208 1845 344 1924 ἱκανάς,
377 1838 467 1928 ὅμως
499 1839 535 1908 δὲ
563 1836 688 1927 άρέσαν
716 1839 818 1917 ἐνίοις
848 1841 916 1906 τῶν
948 1839 1095 1920 ἐνδόξων
1127 1843 1262 1926 ἰατρῶν,

114 1947 345 2035 ἐξηγήσασθαι
376 1947 437 2036 μὲν
469 1945 648 2035 πρότερον,
683 1947 841 2027 ἐπιδεῖξαι
870 1945 905 2013 δὲ
934 1951 999 2032 ἔτι,
1033 1947 1037 2034 l
1071 1944 1149 2014 καθ’
1180 1945 1199 2015 ὅ
1231 1974 1261 2016 τι
1272 1955 1329 2013 564

119 2059 351 2142 διημάρτηται.
396 2054 478 2140 φασὶ
502 2051 576 2140 γάρ,
600 2050 709 2139 ὥσπερ
734 2050 818 2122 ὁδοῦ
840 2079 890 2132 τις
912 2051 995 2141 άρχὴ
1020 2055 1158 2140 λέγεται,
1181 2053 1262 2124 κατὰ
1278 2065 1303 2106 ¹⁵

183 2201 333 2210 .--.—.-—·

153 2277 169 2326 2
190 2263 295 2340 φλεβός
314 2285 364 2324 nos
383 2267 555 2334 addidimus3
580 2267 614 2322 ef.
633 2268 717 2352 Proll3
737 2287 763 2338 p.
785 2275 844 2324 108.
868 2299 901 2307 —
926 2274 942 2321 3
965 2262 996 2321 τὸ
1016 2266 1153 2335 δέχεσθαι
1172 2267 1208 2324 Μ,
1229 2301 1262 2352 -”

118 2351 133 2397 -l
159 2339 330 2409 ἐπιρέονσαν
353 2339 448 2394 Mne,
473 2369 505 2378 -
530 2341 585 2394 εἴτε
611 2334 716 2422 let-ruo
743 2339 823 2394 Corn.
848 2369 881 2378 -
909 2333 1127 2422 τηςςέπλσοοδδ.
1146 2339 1208 2394 edd.
1228 2361 1261 2465 qq

119 2411 412 2570 unque
425 2409 1109 2568 effu-,uttutsslttng&estut
1124 2416 1202 2566 τῇ]
1222 2429 1264 2554 25

121 2554 478 2765 qffiqqstqu
496 2551 1119 2750 usuque-squrull-ne
1132 2571 1263 2694 ιιιικ

221 2713 377 2766 ‚ro.p.
442 2725 500 2749 .—-
574 2713 802 2766 οοντηςαρχη
853 2726 911 2750 .-

121 2913 231 2998 Neque
249 2933 325 2978 vero
349 2915 381 2976 te
405 2911 510 2998 fugiet
532 2935 590 2978 ves
613 2911 704 2993 illud,
728 2913 813 2998 quod
836 2912 870 2978 in
889 2935 945 2980 eor
967 2913 1122 2978 inseritur
1144 2937 1264 2982 soevo

124 3043 203 3086 rene
225 3022 436 3105 prognatum,
460 3019 559 3084 etiem
582 3020 690 3104 ipsum
714 3021 859 3104 pulsare,
886 3021 1155 3104 quemadmodum
1180 3025 1262 3088 urte-

123 3129 193 3192 ries.
239 3127 341 3204 Quem
369 3131 493 3192 motum
521 3130 630 3192 utrum
654 3150 692 3192 ex
720 3149 772 3211 e0‚
799 3128 884 3212 quod
913 3127 1103 3191 facultatem
1127 3149 1145 3191 e
1168 3128 1263 3193 corde

123 3236 255 3319 recipiat
283 3235 362 3299 adeo
389 3233 592 3317 influentem,
619 3236 656 3298 ut
679 3234 827 3318 ebulliet,
856 3257 896 3299 an
921 3255 937 3298 e
966 3233 1134 3319 sanguinis
1162 3234 1263 3319 egitu-

125 3342 208 3407 tione
232 3342 265 3406 in
289 3345 416 3426 portem
440 3341 636 3406 contrariam
659 3341 723 3425 illi,
745 3363 827 3426 quae
851 3340 893 3406 ed
915 3340 1061 3406 dextrum
1085 3340 1263 3406 auriculum

125 3449 171 3530 fit,
198 3469 239 3511 an
267 3446 332 3511 elio
360 3447 513 3530 quopiam
542 3447 638 3513 modo
662 3471 742 3514 ouva
765 3469 848 3512 rene
876 3447 1028 3531 accipiat,
1056 3447 1090 3510 in
1112 3469 1262 3531 praesen·

127 3553 170 3616 tio
191 3574 342 3636 quaerere
367 3575 641 3638 supervacaneum
665 3557 723 3619 est
769 3553 856 3619 Satis
886 3555 926 3620 ad
953 3552 1159 3638 propositum
1182 3554 1262 3618 illud

127 3663 184 3742 ost,
208 3658 294 3723 huno
325 3681 440 3724 venum
470 3659 601 3725 omnino
630 3683 696 3725 non
723 3661 808 3726 siout
830 3681 983 3746 magnam
1011 3660 1165 3726 arteriam
1190 3683 1262 3726 curu

128 3766 194 3830 eliis
225 3765 389 3850 orunibuS,
421 3789 502 3850 quse
536 3789 594 3850 per
624 3770 731 3832 totum
759 3789 875 3852 corpus
903 3767 1095 3850 funduntur,
1123 3768 1262 3852 pulsare.

128 3873 187 3938 Gor
207 3873 309 3958 igitur
330 3893 433 3956 neque
453 3873 577 3957 primae
600 3875 819 3960 generationis
838 3897 994 3940 venarum
1016 3894 1118 3958 neque
1137 3874 1263 3958 dispen-

129 3979 257 4046 sationis
280 3983 356 4064 post
379 3982 486 4045 ortum
510 3981 670 4067 originem
695 4004 765 4047 esse
788 3985 900 4066 aperte
923 3983 1181 4046 demonstratum
1205 3985 1262 4046 est.

208 4086 337 4168 Restat,
360 4088 409 4170 ut,
433 4086 517 4172 quod
540 4089 688 4154 nonnulli
712 4088 838 4174 opinati
861 4091 950 4171 sunt,
978 4087 1058 4152 setis
1087 4087 1262 4152 absurdum

128 4193 200 4259 illud
222 4192 365 4278 quidem,
389 4193 444 4257 sed
467 4198 577 4258 tumen
600 4195 793 4279 quibusdam
823 4195 955 4260 medicis
984 4193 1166 4258 illustribus
1189 4216 1261 4278 pro-

130 4301 245 4382 batum,
278 4299 369 4384 prius
402 4298 611 4386 explicemus,
643 4302 772 4385 deinde,
799 4323 863 4385 qua
888 4301 924 4365 in
950 4321 984 4364 re
1017 4304 1187 4383 peecatum
1211 4301 1263 4386 sit,

131 4406 338 4472 ostendemus.
393 4405 507 4490 Aiunt,
540 4407 624 4474 siout
660 4409 732 4474 vioe
767 4405 928 4492 quoddam
964 4405 1096 4474 initium
1128 4407 1263 4494 dicetur,
