3228 5148
603 384 847 449 -129-

146 565 210 629 que
242 543 402 610 familiam
434 543 581 610 codicum
613 565 651 609 ex
684 543 794 610 eadem
832 544 933 629 stirpe
969 547 1163 631 prognatam
1201 547 1297 629 atque

144 633 253 716 ipsum
279 634 507 717 archetypum,
529 633 614 698 unde
637 633 798 719 originem
821 633 954 718 ducunt,
979 633 1133 700 inferiore
1157 633 1297 717 quodam

145 723 291 804 saeculo,
322 744 386 808 quo
419 727 452 788 et
483 722 674 787 minusculis
706 727 739 788 et
769 724 857 788 notis
890 723 1151 809 compendiisque
1184 723 1297 786 multis

145 811 323 876 utebantur
345 810 486 895 librarii,
508 815 677 876 exaratum
697 811 868 896 scripturis
888 811 1029 895 vitiosis,
1055 811 1298 894 omissionibus,

144 899 455 984 interpolationibus
487 899 572 964 male
604 900 757 966 affectum
789 922 868 966 esse.
917 900 1053 966 Postero
1081 903 1190 965 autem
1218 903 1297 964 tem·

145 1010 226 1072 pore
262 988 454 1073 depravatio
495 992 603 1054 textus
644 994 828 1074 propagata
868 993 1027 1074 auctaque
1066 993 1116 1054 est
1150 990 1186 1054 in
1222 1009 1299 1072 apo-

145 1077 298 1162 graphis,
330 1099 347 1141 e
379 1078 497 1162 quibus
528 1076 623 1161 illud,
658 1077 744 1164 quod
779 1077 941 1144 familiam
973 1075 1026 1144 ΟΒ
1058 1078 1184 1164 genuit,
1216 1078 1298 1142 satis

146 1169 297 1231 accurate
316 1165 446 1250 quidem
464 1167 670 1251 propositum
690 1167 855 1252 exemplar
873 1165 1097 1252 descripsisse,
1115 1167 1171 1232 sed
1190 1167 1298 1251 ipsum

145 1259 206 1319 aut
233 1255 421 1336 litterarum¹
447 1256 645 1322 obscuritate
678 1259 734 1320 aut
765 1260 949 1340 temporum
981 1255 1101 1322 iniuria
1131 1256 1298 1321 laborasse

146 1432 219 1497 sive
246 1437 410 1499 corrector
436 1433 590 1498 ductuum
614 1433 827 1499 obscurorum
854 1434 906 1499 vel
933 1433 1144 1500 evanidorum
1171 1434 1239 1498 vim
1262 1455 1300 1498 ac

146 1525 348 1606 potestatem
372 1543 561 1607 quacunque
584 1522 711 1588 ratione
734 1521 917 1607 perspicere
936 1525 1032 1608 atque
1053 1521 1178 1588 Graeca
1200 1522 1300 1587 verba

146 1611 257 1696 legere
294 1610 431 1695 studuit,
467 1612 522 1696 qui
558 1633 654 1696 quem
685 1611 788 1676 fetum
824 1611 1001 1677 lectionum
1037 1611 1300 1697 prodigiosarum

146 1699 369 1784 generaverit,
402 1699 516 1765 multis
544 1700 699 1784 exemplis
733 1700 842 1764 allatis
873 1700 1130 1766 demonstratum
1163 1703 1213 1764 est
1245 1698 1299 1783 (cf.

147 1811 251 1872 supra
279 1811 310 1874 p.
343 1785 410 1875 94).
465 1786 609 1854 Alterius
646 1789 842 1874 apographi,
873 1789 1017 1872 parentis
1044 1789 1190 1854 familiae
1216 1785 1299 1874 F(P)

147 1877 253 1962 MAp,
276 1878 373 1962 paulo
396 1877 621 1962 neglegentius
644 1878 733 1942 facta
756 1900 793 1942 ex
817 1877 995 1963 archetypo
1014 1878 1189 1963 descriptio
1212 1878 1299 1944 vide-

147 1971 217 2050 tur,
239 1966 323 2030 unde
342 1965 532 2031 mendorum
550 1966 767 2053 vitiorumque
790 1968 884 2052 larga
902 1989 995 2053 seges
1014 1967 1174 2051 provenit,
1192 1966 1299 2032 minus

147 2055 244 2140 larga
266 2056 301 2120 in
323 2053 364 2139 F,
387 2055 510 2139 largior
533 2055 568 2120 in
586 2054 665 2138 MA,
688 2059 785 2140 atque
809 2079 847 2121 ex
870 2055 984 2122 eodem
1007 2055 1198 2142 apographo
1216 2055 1301 2120 liber

148 2144 274 2228 primus
306 2143 373 2208 iam
406 2147 594 2228 evanuerat,
626 2145 815 2229 priusquam
846 2145 956 2230 ipsum
980 2145 1015 2209 in
1041 2167 1127 2210 nova
1152 2144 1300 2230 exempla

147 2233 429 2298 transcriberetur.
473 2231 563 2298 Idem
585 2231 670 2298 liber
691 2234 824 2317 primus
840 2234 875 2297 in
898 2234 1002 2298 altera
1023 2233 1151 2298 familia
1173 2233 1300 2318 integer

148 2325 297 2386 servatus
330 2325 401 2386 erat
423 2343 462 2386 ac
492 2343 569 2406 pars
601 2323 670 2386 eius
702 2322 737 2387 in
760 2321 813 2388 ΟΒ
839 2327 910 2388 tum
937 2323 1066 2387 demum
1094 2321 1240 2387 abscissa
1268 2325 1302 2386 et

147 2411 319 2495 deperdita
344 2411 486 2494 videtur,
518 2433 591 2476 cum
624 2411 724 2476 codex
751 2411 836 2495 ipse,
869 2433 933 2497 quo
965 2414 1095 2496 praeter
1125 2411 1229 2476 libros
1261 2410 1300 2476 de

148 2499 285 2564 Placitis
313 2500 379 2565 alia
402 2521 502 2584 opera
523 2498 638 2566 Galeni
662 2500 911 2566 continebantur
940 2497 994 2584 (cf.
1016 2498 1130 2586 Progr.
1151 2503 1252 2566 nostr.
1274 2498 1300 2584 I,

147 2609 227 2674 pgg.
251 2589 270 2654 8
295 2593 328 2654 et
350 2588 400 2672 9),
422 2588 540 2653 misere
563 2589 756 2654 dilaceratus
780 2592 839 2654 est.

239 2677 388 2762 Apparet
414 2677 517 2762 igitur
543 2678 669 2744 codices
696 2675 826 2744 nostros
849 2677 938 2743 omni
961 2676 1129 2764 vitiorum,
1156 2699 1239 2763 quae
1265 2677 1300 2744 in

148 2765 244 2831 libris
274 2765 465 2833 inferiorum
503 2770 646 2832 aetatum
682 2767 816 2852 reperiri
853 2766 972 2851 solent,
1008 2788 1125 2852 genere
1160 2766 1299 2833 infectos

149 2877 222 2920 esse
251 2859 347 2940 atque
375 2877 463 2939 eum,
490 2857 545 2941 qui
573 2860 698 2921 textum
726 2855 848 2940 operis,
875 2855 914 2920 de
938 2878 1001 2941 quo
1025 2855 1224 2940 quaerimus,
1251 2877 1299 2921 re·

149 2945 341 3030 cogniturus
359 2949 422 3028 est,
444 2949 600 3030 tanquam
620 2943 778 3010 ‘incedere
797 2966 856 3029 per
874 2944 967 3030 ignes
992 2945 1179 3029 suppositos
1199 2945 1300 3011 cineri

149 3033 287 3100 doloso'.
340 3033 410 3098 Nec
441 3037 553 3100 tamen
584 3033 623 3098 de
654 3055 731 3098 vera
763 3053 860 3098 manu
898 3033 1067 3117 scriptoris
1099 3032 1301 3098 restituenda

149 3122 387 3208 desperandum
410 3127 460 3188 est
480 3123 576 3207 idque
600 3123 637 3186 de
661 3123 766 3186 tribus
786 3121 992 3206 potissimum
1015 3122 1136 3188 causis:
1157 3122 1301 3206 primum

149 3213 186 3276 in
213 3212 287 3295 ipsa
318 3216 488 3297 corruptae
521 3210 668 3276 codicum
700 3211 898 3277 condicionis
926 3210 1111 3296 cognitione
1142 3213 1176 3276 et
1204 3209 1300 3275 aesti-

149 3301 309 3384 matione,
331 3301 428 3366 modo
452 3301 496 3366 sit
515 3299 657 3386 diligens
681 3303 714 3363 et
736 3303 901 3382 accurata,
924 3299 1009 3364 inest
1026 3299 1157 3364 initium
1175 3299 1301 3382 salutis,

149 3386 1300 3561 litteriusesurituruuuruuluutt

1204 3526 1213 3559 7

150 3590 230 3632 usus
255 3570 305 3631 est
327 3565 484 3650 Galenus,
511 3567 712 3650 observatio,
739 3589 836 3651 quam
864 3565 905 3630 ad
928 3565 1189 3630 emendationum
1217 3565 1300 3630 veri-

150 3661 256 3722 tatem
283 3655 538 3722 confirmandam
565 3660 599 3720 et
624 3656 659 3720 in
685 3655 748 3722 hoc
773 3655 886 3720 libello
916 3676 1013 3739 saepe
1038 3653 1244 3718 adhibuimus
1268 3657 1302 3717 et

150 3748 186 3812 in
223 3745 464 3810 commentariis
502 3745 632 3829 saepius
665 3743 900 3808 adhibebimus.
955 3741 1002 3809 At
1032 3765 1084 3808 res
1117 3743 1301 3808 cautionem

150 3834 316 3921 quandam
339 3833 447 3899 habet
494 3832 660 3899 Nimirum
687 3833 814 3918 largam
841 3831 971 3916 quidem
996 3832 1167 3897 materiam
1190 3832 1300 3897 obser-

151 3925 321 3989 vationum
348 3946 414 3988 non
442 3923 555 3988 solum
577 3922 654 3986 libri
677 3921 716 3986 de
738 3921 887 4004 Placitis,
915 3921 971 3986 sed
998 3931 1179 3986 ceterorum
1203 3921 1301 3984 etiam

151 4034 303 4097 operum,
321 4033 403 4096 quae
422 4015 563 4077 aetatem
581 4011 739 4093 tulerimt,
762 4009 936 4075 multitudo
955 4009 1099 4094 praebet,
1118 4009 1173 4073 sed
1191 4013 1302 4072 tamen

151 4102 230 4186 quia
257 4100 297 4165 de
324 4101 441 4166 horum
468 4099 630 4186 plerisque
653 4103 789 4184 propter
810 4099 989 4165 editionum
1016 4097 1057 4162 ad
1081 4098 1228 4162 criticam
1251 4117 1301 4160 ra·

152 4193 278 4256 tionem
300 4189 525 4254 institutarum
547 4189 717 4272 penuriam
744 4188 841 4254 lectio
866 4210 932 4253 non
954 4191 1097 4270 constat,
1124 4208 1163 4250 ea
1186 4183 1301 4249 Galeni

153 4278 420 4347 consuetudinem
448 4278 634 4343 observanti
660 4277 849 4361 neutiquam
872 4281 942 4340 tam
968 4279 1091 4341 certum
1110 4294 1206 4359 quam
1229 4273 1302 4357 quis

152 4369 306 4454 opinetur
323 4367 583 4450 fundamentum,
605 4388 669 4452 quo
687 4366 811 4431 nitatur
827 4364 974 4431 locorum
993 4362 1190 4446 emendatio,
1211 4383 1302 4446 prae·

208 4491 290 4532 Gelani
304 4492 332 4532 de
345 4491 406 4532 Plsc.
421 4490 478 4530 Prae.
492 4493 514 4529 at
528 4489 637 4538 Hippocr.
651 4488 710 4530 llbrl.
1071 4491 1087 4540 9
