3228 5148
622 427 845 494 ..91-

155 609 234 652 nem
259 585 348 670 boec,
373 585 493 673 inquit,
517 585 845 654 manifestoeernere
864 609 1036 672 possumus
1061 587 1095 654 in
1119 569 1308 674 corporibus

156 693 386 776 redundantia,
408 693 467 757 illa
484 715 550 758 non
569 694 663 780 item3
687 694 797 780 itaque
816 694 932 760 melius
952 698 1023 760 erat
1038 717 1088 779 ea,
1111 717 1194 780 quae
1209 697 1308 762 etiam

157 801 328 868 ostendere
349 822 536 885 possumus,
560 801 723 866 λάσθαι7
747 801 880 866 minime
900 824 990 886 vero,
1013 801 1068 866 sed
1087 803 1309 884 αἰτιᾶσθαι,

155 909 177 974 i.
205 931 232 972 e.
267 907 373 972 dicere
404 929 518 971 causes
553 908 741 974 morborum
776 931 855 973 esse.
899 907 1014 994 Itaque
1047 931 1108 974 nos
1138 910 1309 975 αι’τιάσθαι

157 1015 359 1099 scripsimus.
403 1013 438 1078 P.
464 1015 526 1079 777
552 1019 630 1080 extr.
655 1011 866 1080 MABOhK:
899 1009 916 1079 ὁ
945 1013 1215 1099 γεγυμνασμένος
1240 1017 1309 1081 δια-

156 1123 287 1204 κρίνειν
309 1113 365 1184 άπ’
392 1113 547 1203 ἀλλήλων
569 1115 694 1198 αὐτοὺς
716 1119 774 1206 (so.
796 1115 877 1196 τοὺς
904 1116 1003 1198 ὄντας
1029 1116 1167 1206 ἀληθεῖς
1189 1119 1310 1206 λόγους

156 1223 222 1294 ἀπὸ
247 1228 315 1293 τῶν
338 1227 495 1291 πιθανῶν
517 1223 594 1312 μὲν,
618 1223 679 1294 οὐκ
698 1223 839 1312 ἀληθῶν
857 1225 910 1314 δέ)
935 1233 1054 1292 εἴσεται
1074 1230 1203 1313 σαφῶς,
1227 1225 1309 1296 ὅσον

156 1359 191 1401 τε
215 1329 277 1420 χρὴ
302 1330 444 1418 δόγμασι
468 1330 636 1399 πιστεύειν
664 1329 710 1410 eis
737 1328 901 1418 ἀληθέσιν
929 1329 1019 1400 ὅσων
1046 1359 1080 1400 τε
1108 1333 1309 1420 καταγιγνεό-

157 1461 252 1508 σκειν
275 1435 320 1517 ὡς
343 1441 478 1516 ψευδῶν
502 1437 592 1506 ὅσων
615 1436 704 1505 τετὸ
724 1435 874 1506 πιθανὸν
893 1435 1035 1524 άδηλον,
1059 1437 1148 1518 ὅπως
1170 1437 1309 1528 ἀδηλίας

157 1553 251 1634 ἕχον
273 1545 446 1632 προσέοικε
468 1549 513 1636 τῷ
538 1542 704 1634 ἀπιθάνῳ.
736 1547 928 1612 Euuntiatio
948 1548 1138 1614 secundarie
1162 1551 1202 1615 ab
1226 1545 1309 1616 ὅσον

155 1679 191 1722 τε
215 1651 278 1740 χρή
301 1654 461 1738 incipiens
484 1656 547 1720 duo
567 1655 786 1720 membrorum
805 1654 899 1736 pario
917 1653 1030 1740 babet,
1053 1679 1189 1740 quorum
1208 1680 1307 1722 unum

156 1764 198 1828 ad
223 1763 270 1846 id,
293 1762 378 1846 quod
402 1785 527 1846 verum,
555 1762 692 1826 alterum
722 1760 762 1825 ed
790 1759 838 1844 id,
866 1760 951 1844 quod
978 1761 1148 1844 probabile
1172 1767 1234 1848 est,
1262 1787 1308 1830 re·
1430 1813 1433 1822 .

155 1871 269 1934 fertur.
306 1867 370 1933 Res
390 1873 446 1933 aut
465 1891 541 1934 vera
560 1871 617 1933 aut
635 1869 720 1933 false
734 1870 797 1932 est:
822 1866 873 1931 oui
889 1867 1059 1932 subactum
1073 1869 1228 1936 iudicium
1250 1875 1308 1956 est,

157 1977 187 2042 is
211 1977 314 2062 probe
338 1975 431 2059 sciet,
454 1979 613 2060 quatenus
632 1974 779 2040 decretis⁴
792 1976 829 2038 ut
850 1973 934 2036 veris
954 1975 1208 2062 assentiendum,
1231 2002 1307 2063 qua-

155 2089 252 2149 tenus
275 2086 313 2148 ut
335 2083 419 2146 falsa
442 2081 642 2166 repudianda
666 2083 743 2166 sint3
775 2103 825 2145 res
855 2080 1035 2163 probabilis
1063 2086 1120 2147 aut
1145 2085 1310 2170 improba-

156 2190 235 2256 bilis
264 2193 327 2274 est3
355 2189 440 2254 idem
471 2189 563 2272 sciet,
591 2187 763 2272 probabile
794 2189 951 2270 quatenus
982 2191 1119 2274 eertum,
1149 2195 1307 2276 quatenus

156 2299 318 2363 incertum
341 2296 476 2380 ideoque
499 2293 711 2380 improbabili
737 2292 843 2357 simile
867 2293 918 2356 sit.
956 2291 1070 2377 Itaque
1094 2318 1153 2362 nos
1177 2300 1307 2384 scripsi·

157 2427 244 2470 mus:
272 2441 317 2450 -
345 2396 441 2468 ὅσον
470 2425 503 2466 τε
533 2391 815 2484 καταγιγνώσκειν
838 2393 883 2475 ὡς
906 2401 1055 2482 ψευδῶν,
1086 2397 1180 2468 ὅσον
1209 2429 1243 2470 τε
1270 2401 1306 2471 τὸ

156 2506 308 2576 πιθανὸν
331 2504 501 2593 εὔδηλον
524 2505 626 2585 ὅπως
644 2503 672 2571 τ’
690 2501 830 2590 άδηλίας
846 2504 1010 2590 μετέχον
1027 2530 1081 2592 πρ.
1099 2533 1126 2574 τ.
1142 2503 1308 2601 ἀπιθάνῳ.

248 2617 287 2681 In
311 2615 425 2680 mediis
454 2616 621 2681 vocabulis
649 2615 753 2680 multo
782 2613 911 2697 saepius
940 2637 1037 2698 quam
1065 2617 1098 2681 in
1126 2617 1220 2684 initio
1244 2621 1307 2704 syl-

158 2723 254 2788 labae
285 2723 337 2787 vel
366 2722 498 2786 litterae
528 2722 676 2808 singulae
707 2720 910 2786 omittuntur.
955 2720 1030 2786 Non
1060 2725 1166 2790 solum
1196 2748 1308 2792 conso-

157 2835 273 2896 nantes
300 2852 338 2912 π,
361 2853 394 2908 τ,
417 2834 451 2911 λ,
475 2853 511 2914 ρ,
535 2854 555 2894 ν
583 2830 727 2913 aliasque
755 2827 921 2912 duplicare
949 2851 1045 2913 saepe
1073 2831 1199 2897 librarii
1228 2833 1306 2898 omi·

158 2941 283 3020 serunt,
307 2937 363 3001 sed
386 2936 519 3002 omniuo
543 2937 640 3004 modo
662 2936 747 3000 hano
762 2934 858 3000 modo
883 2934 974 3000 illam
997 2936 1142 3003 litteram
1165 2944 1308 3023 praeter·

157 3046 279 3128 ierunt,
304 3043 386 3108 unde
406 3066 507 3128 prava
526 3045 642 3109 menda
661 3045 732 3108 orta
752 3044 840 3126 suut,
864 3063 945 3126 quae
964 3043 1103 3108 editores
1116 3047 1306 3131 neutiquam

159 3152 268 3218 omnia
293 3151 493 3234 expulerunt.
538 3149 573 3216 P.
596 3152 661 3217 483
686 3149 746 3214 sub
769 3149 822 3213 fin.
847 3147 1059 3232 seripserunt:
1086 3145 1169 3217 ἀλλά
1192 3147 1311 3232 παῖδες

158 3254 219 3342 μὲν
243 3253 337 3333 ὄντες
359 3251 483 3340 ὁμοίως
505 3269 574 3334 τοῖς
596 3252 731 3340 ἀλόγοις
755 3251 849 3344 ζςόοις
878 3252 1014 3339 ἑτοίμως
1042 3255 1093 3324 ert
1116 3255 1153 3323 τὸ
1177 3263 1306 3343 πληρω·

157 3366 263 3449 θῆναι
292 3359 479 3448 ἐχόμεθα,
512 3363 538 3428 L
567 3363 734 3429 verissime
764 3358 973 3447 έρχόμεθα;
1006 3363 1045 3428 ef.
1073 3388 1103 3450 p.
1131 3369 1197 3433 484
1225 3369 1306 3434 med.

159 3469 210 3536 ἐπὶ
239 3466 302 3556 τὴν
329 3463 516 3534 ἀπόλαυσιν
543 3458 592 3535 όν
619 3467 843 3553 ἐπιθυμοῦσιν
871 3469 1036 3552 ἔρχεσθαι.
1082 3471 1115 3536 Ρ.
1138 3475 1203 3539 423
1231 3480 1307 3560 post

158 3577 240 3643 med.
264 3600 324 3662 pro
348 3579 402 3640 ἔτι
427 3574 463 3641 δέ
480 3571 591 3661 ἀμέλει
612 3573 787 3660 πάμπολλα
805 3597 866 3640 nos
888 3577 967 3640 ἔστι
986 3599 1014 3640 κ.
1028 3600 1054 3642 τ.
1068 3582 1096 3643 λ.
1116 3581 1306 3665 scripsimus

159 3683 213 3768 (de
241 3684 354 3748 eodem
382 3684 499 3748 mendo
527 3707 557 3768 p.
581 3683 646 3747 373
673 3687 750 3765 post
776 3684 857 3747 med.
885 3684 919 3748 in
942 3681 1063 3751 BOhK
1096 3687 1239 3753 admisso
1268 3691 1306 3754 of.

157 3789 272 3876 Progr.
294 3793 395 3856 nostr.
418 3789 464 3878 Π,
491 3787 554 3877 15).
599 3787 634 3854 Ρ.
657 3789 722 3854 392
744 3793 821 3873 post
843 3790 912 3854 init
937 3789 1146 3858 MABChK:
1175 3788 1193 3859 ὁ
1218 3792 1305 3879 Χρό-

159 3915 279 3973 σιππος
302 3890 402 3974 αὐτὸς
425 3895 462 3962 έν
484 3909 553 3974 τοῖς
576 3893 649 3980 περὶ
671 3898 792 3961 παθῶν
811 3894 1066 3982 συγγράμμασιν
1084 3895 1132 3964 ἐπ’
1150 3897 1307 3986 οὐδεμιᾶς

159 3999 280 4089 ὁρίζει
303 4005 445 4086 βεβαίως
468 4001 580 4087 δόξης;
603 4025 663 4087 pro
687 3997 787 4088 ὁρίζει
810 4004 881 4089 lege
906 3999 1069 4088 ὁρμέζει,
1092 4029 1168 4072 uam
1193 4009 1304 4072 statim

159 4111 305 4195 sequitur
329 4103 400 4176 ἀλλ’
427 4105 476 4175 ἀεὶ
501 4106 631 4174 σαλεύει
655 4105 807 4191 καθάπερ
835 4107 872 4173 έν
897 4111 1052 4176 κλυδώνι.
1097 4113 1132 4176 Ρ.
1156 4114 1220 4178 398
1245 4115 1305 4178 sub

158 4219 212 4282 lin.
236 4211 317 4280 κατά
344 4213 407 4300 τὴν
434 4213 485 4281 έπὶ
513 4222 628 4280 πλεῖον
656 4213 868 4301 έρρυκυῑαν
895 4217 930 4281 in
956 4217 1029 4282 loeo
1052 4219 1191 4301 quodam
1214 4219 1305 4285 Posi·

159 4324 249 4390 (lonii
271 4323 429 4408 praebent
452 4321 661 4404 MABGhK,
689 4345 771 4408 quae
794 4323 901 4387 sonna
920 4324 1019 4386 etiam
1039 4346 1058 4388 a
1077 4323 1250 4391 Kuehnero
1271 4327 1306 4391 in

160 4429 214 4496 Gr.
240 4429 293 4493 Gr.
317 4427 558 4516 ampl.1²,902
581 4429 744 4518 laudatum
769 4430 823 4494 sed
844 4430 996 4516 quoniam
1016 4431 1129 4496 statim
1148 4431 1182 4496 in
1200 4431 1234 4497 M
1253 4455 1303 4500 ex-
