3300 5146
597 447 667 474 ‘-
711 428 776 494 293
823 464 868 474 —

172 588 250 670 έχοι.
295 581 345 651 ὅτι
370 582 406 650 δέ
434 579 476 650 οὐ
502 582 610 670 μόνον
632 580 731 672 ἀνδρὶ
755 588 1000 671 φιλοσοφοῦντι
1023 589 1091 654 τῶν
1120 589 1124 675 l
1154 587 1384 664 tototitovoso

172 689 432 778 ἐπιχειρημάτων
459 686 561 758 οὐδέν
591 691 658 758 ἐστι
692 691 971 781 μεταχειριστέον,
1000 689 1082 760 ἀλλὰ
1116 690 1195 762 οὐδὲ
1223 697 1318 782 ῥητο-

171 799 264 887 ρικῷ,
287 795 450 864 δέδεικται
473 795 535 884 μὲν
557 796 622 884 ἤδη
645 824 702 885 μοι
720 800 775 866 καὶ
795 799 851 866 διὰ
873 803 942 868 τῶν
960 803 1162 887 ἔμπροσθεν,
1186 797 1227 868 οὐ
1250 801 1318 889 μὴν

171 901 257 971 άλλδι
280 903 335 971 καὶ
359 907 424 970 νῦν
447 908 576 972 ἔνεστιν
595 905 807 986 ἐνδείξασθαι
830 903 888 972 διὰ
906 907 1058 995 βραχέων
1080 902 1318 995 ἀναμνήσαντα

170 1013 238 1078 τῶν
269 1012 456 1096 ῥητορικῶν
492 1014 632 1096 τεχνῶν,
674 1007 713 1091 δὶς
748 1013 868 1080 έκεῑυοι
904 1010 1073 1101 γράφουσι
1104 1013 1345 1095 διδάσκοντεςε

170 1115 255 1206 ἡμᾶς
276 1117 400 1196 τόπους
427 1117 687 1204 ἐπιχειρημάτων
717 1123 764 1198 είς
791 1118 933 1206 ἑκάστην
959 1116 1133 1190 ὑπόθεσιν.
1178 1117 1318 1202 οὐδενὸς

170 1223 234 1312 γάρ
261 1223 425 1292 τοιούτων
452 1222 740 1311 μνημονεύουσιν,
772 1229 854 1294 οἴων
885 1223 904 1294 ό
933 1225 1127 1314 Χρύσιππος
1160 1228 1317 1316 ἐνέπλησε

169 1329 209 1399 τὰ
233 1331 354 1399 ἑαυτοῦ
376 1330 625 1419 συγγράμματα.
665 1328 749 1400 ἀλλὰ
772 1331 836 1421 γὰρ
859 1343 949 1420 είπερ
972 1337 1083 1401 πᾶσαν
1106 1335 1205 1421 ῥῆσιν
1227 1332 1316 1425 άκρι·

169 1443 386 1524 βολογεῑσθαι
414 1442 634 1525 βουληθείην,
667 1435 712 1518 ὡς
738 1438 844 1526 μηδὲν
871 1443 939 1508 τῶν
971 1437 1215 1529 ἁμαρτημάτων
1242 1438 1317 1510 άνέ-

170 1553 307 1632 λεγκτον
338 1553 551 1633 παραλιπεῖν,
583 1550 631 1625 είς
662 1543 801 1634 άπειρον
828 1543 871 1613 ἄν
897 1572 928 1613 τι
960 1550 1064 1634 μῆκος
1095 1549 1249 1636 έκταθείη
1276 1547 1314 1617 τό
1332 1576 1356 1615 ιο

168 1657 311 1738 βιβλίον.
366 1648 531 1739 ἀφέμενος
566 1642 629 1719 οὖν
666 1650 730 1738 ἤδη
762 1655 830 1720 τῶν
860 1655 1165 1742 προγεγραμμένων
1192 1656 1244 1723 ἐπὶ
1275 1656 1316 1724 τὰ

169 1759 285 1845 ἐφεξῆς
306 1760 483 1846 τρέψομαι,
511 1757 567 1826 διά
591 1750 640 1826 ὧν
667 1755 685 1826 ό
711 1757 904 1846 Χρύσιππος
933 1756 1111 1848 άπάρχεται
1139 1769 1316 1850 παρατίθε-

168 1874 251 1932 σθαι
273 1864 333 1944 τὰς
354 1869 422 1932 τῶν
444 1869 591 1951 ποιητῶν
618 1872 801 1954 μαρτυρίας
827 1864 949 1953 μεταξὺ
971 1869 1182 1956 παρεντιθεὶς
1205 1866 1316 1939 αὐτῶν

168 1969 303 2058 ὀλίγους
325 1970 447 2058 λόγους
470 1972 608 2056 ἑαυτοῦ,
636 1972 794 2052 πολλάκις
820 1972 883 2060 μὲν
910 1971 1020 2063 ὥσπερ
1044 1974 1199 2063 ἐξήγησιν
1222 1969 1315 2066 άνὴ

168 2081 263 2166 ῥῆσις
293 2078 465 2164 βούλεται,
491 2077 649 2158 πολλάκις
677 2078 714 2146 δὲ
740 2077 850 2168 ὥσπερ
879 2080 1038 2168 ἐπιτομήν
1064 2107 1140 2149 τινα
1162 2085 1216 2151 καὶ
1241 2078 1315 2153 οἷον
1330 2108 1355 2148 15

167 2184 319 2254 καθόλου
345 2213 376 2253 τι
404 2183 597 2272 κεφάλαιον.
646 2182 829 2274 ἀρξάμενος
860 2178 924 2255 οὖν
953 2185 1018 2255 άπό
1045 2214 1137 2268 τινος
1160 2186 1314 2277 Ἐμπεδο-

168 2299 280 2362 κλείου
306 2291 434 2380 δόσεως
463 2293 627 2380 έξηγεῐταί
650 2317 685 2360 τε
708 2288 815 2376 αὐτόν
841 2299 901 2360 καί
924 2320 1028 2362 τινων
1054 2294 1138 2363 κατὰ
1160 2297 1223 2382 τὴν
1246 2298 1314 2385 έξή-

204 2501 218 2548 1
240 2489 305 2561 ἔχον
319 2489 449 2546 ABGhK
469 2485 542 2557 ἔχοιε
558 2489 587 2542 Μ
602 2485 661 2557 ἔχοι
680 2506 739 2544 nos.
758 2519 791 2528 -
811 2495 827 2543 ’λ
846 2483 977 2544 τοιοότου
996 2490 1034 2545 Μ.
1055 2523 1087 2532 -
1107 2497 1123 2546 9
1143 2486 1226 2548 άνέλε
1246 2513 1313 2547 κτον

166 2566 345 2702 ῗὲιρὲἐιιεκρειῇ
360 2560 407 2672 είςΙ
423 2561 452 2616 in
471 2575 569 2615 rasura
586 2560 622 2613 M.
643 2591 675 2600 -
701 2567 733 2615 12
757 2554 915 2630 άπάρχεται
933 2561 1067 2618 MABch
1090 2558 1207 2633 ἄρχεται
1225 2513 1258 2618 l.
1279 2597 1311 2604 -

165 2859 240 2902 nem
263 2834 427 2916 dicuntur,
455 2831 606 2897 similiter
633 2853 667 2896 so
696 2830 841 2898 heberet.
887 2831 950 2898 Sed
972 2833 1195 2900 huiuscemodi
1215 2823 1312 2922 ‘argu-

167 2947 277 3008 menta
307 2964 373 3007 non
401 2941 497 3005 modo
525 2961 591 3005 non
622 2937 834 3024 philosopho,
866 2941 920 3004 sed
952 2962 994 3006 ne
1023 2943 1145 3006 oratori
1180 2944 1310 3027 quidem

166 3049 337 3114 tractanda
371 3069 441 3112 esse
474 3049 506 3110 et
537 3046 572 3110 in
604 3047 824 3130 superioribus
855 3047 950 3112 libris
979 3048 1045 3112 iam
1078 3049 1310 3114 demonstravi-

166 3179 238 3221 mus
262 3159 295 3220 et
323 3154 531 3220 nuncetiam
558 3175 729 3237 possumus
753 3152 895 3218 breviter
925 3153 1093 3219 ostendere
1120 3158 1308 3221 revocantes

166 3263 356 3328 memoriam
384 3262 504 3326 ortium
532 3260 783 3343 rhetoricorum,
805 3261 923 3344 quibus
946 3261 1010 3345 illi,
1038 3283 1055 3325 e
1083 3261 1199 3346 quibus
1227 3261 1308 3326 loois

164 3371 200 3436 in
230 3390 422 3455 unaquoque
452 3389 551 3434 sousa
582 3366 737 3432 sumenda
765 3367 831 3431 sint
860 3371 1064 3453 argumento,
1096 3367 1309 3452 praecipiunt.

163 3477 257 3544 Nihil
285 3477 372 3541 enim
399 3474 621 3540 huiuscemodi
644 3473 790 3556 tradunt,
819 3473 929 3557 qualia
951 3478 1039 3559 sunt,
1068 3473 1184 3558 quibus
1209 3471 1309 3559 Chry-

164 3584 278 3668 sippus
304 3582 407 3648 libros
430 3605 506 3648 suos
530 3581 667 3646 refersit.
713 3580 740 3644 A
785 3581 872 3644 enim
899 3581 928 3646 si
955 3585 1062 3646 totum
1089 3579 1182 3644 illum
1205 3578 1308 3665 Chry-

164 3691 252 3775 sippi
280 3690 389 3755 loeum
417 3689 534 3754 vellem
566 3689 615 3752 ita
642 3689 753 3752 exacto
781 3687 943 3772 persequi,
974 3692 1012 3752 ut
1038 3687 1162 3754 nullum
1192 3687 1308 3752 vitium

164 3797 233 3862 sine
265 3797 461 3862 refutatione
491 3795 800 3880 praetermitterem,
828 3794 912 3858 liber
944 3795 978 3859 in
1009 3795 1172 3860 infinitum
1200 3798 1307 3859 exten-

163 3903 299 3968 deretur.
346 3903 451 3980 Quare
474 3903 583 3968 missis
607 3901 774 3985 his,quae
798 3901 1068 3986 supradiximus,
1092 3901 1131 3966 ad
1155 3923 1203 3985 eo,
1225 3923 1307 3985 quae

164 4013 353 4095 sequuntur,
376 4032 427 4075 me
450 4013 589 4094 vertam,
617 4008 672 4073 ubi
696 4007 898 4093 Chrysippus
926 4013 1096 4093 poetarum
1119 4008 1308 4072 testimonio

164 4119 277 4182 afferre
313 4116 429 4202 incipit
465 4117 577 4201 psuois
615 4113 809 4201 quibusdem
846 4116 913 4180 suis
951 4116 1059 4180 verbis
1095 4114 1306 4199 interpositis,

162 4225 278 4309 quibus
307 4245 417 4308 saepe,
444 4223 520 4308 quid
544 4222 609 4288 sibi
632 4222 734 4287 velint
762 4222 873 4305 verba,
897 4222 1063 4306 explanat,-
1087 4243 1183 4306 saepe
1206 4221 1305 4284 etiam

161 4331 255 4414 qussi
270 4329 434 4414 epitomen
447 4329 609 4414 quandem
623 4333 719 4414 etque
733 4330 917 4394 universam
932 4329 978 4392 rei
996 4351 1156 4392 summam
1171 4327 1306 4412 colligit.

161 4435 307 4504 Exorsus
339 4437 440 4526 igitur
472 4459 491 4500 a
525 4436 666 4524 quodam
700 4433 786 4502 dioto
820 4433 1027 4518 Empedoclis
1064 4438 1194 4501 enarret
1224 4433 1304 4499 illud
