3300 5146
644 443 687 453 -
733 407 887 471 269-

188 563 275 652 σμὸν
298 562 473 652 ἄρρωστον
505 559 525 650 ἢ
553 560 679 652 άμαθῆ.
723 568 754 631 εἰ
779 561 841 651 μὲν
867 561 932 650 γάρ
959 561 1014 630 καλ
1044 560 1161 649 ῥύμην
1187 563 1242 630 καὶ
1271 563 1337 630 έτιι-

187 669 315 758 στήμην
339 673 423 756 ἔχοι,
446 669 602 759 κρατήσει
624 669 757 750 πάντως
780 667 799 738 ὅ
820 695 856 738 τε
877 667 1038 756 λογισμὸς
1059 671 1121 737 τοῦ
1143 671 1259 756 θυμοῦ
1281 669 1336 736 καὶ

187 774 204 845 ὁ
229 774 363 866 ἡνίοχος
384 780 446 846 τοῦ
474 781 592 846 ianoe·
620 783 652 845 ελ
673 776 711 845 δέ
733 774 807 864 ἦτοι
829 777 977 863 θατέρου
1003 774 1133 844 τούτων
1160 771 1181 862 ἢ
1208 772 1336 864 ἀμφοῖν

188 898 348 971 στεροῖτο,
371 887 530 964 κίνδυνος
549 885 697 952 ἐνταῦθα
720 887 781 952 τοῦ
800 883 899 970 φύσει
918 888 1107 970 κρείττονος
1125 884 1338 970 ἐπικρατῆσαι

187 988 224 1059 τὸ
248 1005 377 1078 χεῖρον,
409 987 518 1077 ω’στιερ
547 991 584 1058 έν
608 989 763 1070 Σκύθαις
788 1015 823 1058 τε
850 990 905 1058 καλ
929 987 1092 1067 Γαλάταις
1119 989 1174 1057 καὶ
1202 997 1371 1070 κολλοῖςο

188 1096 302 1177 ἄλλοις
330 1095 514 1186 βαρβάροις
541 1101 678 1165 ἔθνεσιν
706 1095 723 1166 ὁ
747 1095 858 1183 θυμὸς
889 1101 1047 1183 κρείττων
1074 1099 1136 1164 τοῦ
1161 1101 1337 1184 λογισμοῦ,

187 1201 276 1292 παρὰ
304 1200 385 1292 ἡμῖν
412 1203 450 1272 δὲ
473 1210 510 1272 ἔν
536 1229 570 1272 τε
600 1203 694 1272 παισὶ
721 1204 775 1271 καὶ
803 1217 873 1283 τοῖς
900 1199 1113 1284 ἀπαιδεύτοις
1135 1199 1337 1292 ἀνθρώποις.

180 1309 324 1398 Ὅμηρος
348 1310 384 1379 δέ
408 1309 450 1398 δὴ
474 1315 572 1380 τοῦτο
597 1307 677 1378 αὐτὸ
706 1311 864 1391 ἐπιδεῖξαι
887 1309 1093 1398 βουλόμενος
1106 1308 1249 1398 Ἕκτορα
1275 1310 1338 1398 μὲν

188 1417 243 1485 καὶ
265 1413 411 1505 Ἀχιλλέα
433 1424 493 1485 καί
511 1445 605 1498 τινας
624 1417 755 1505 ἑτέρους
777 1417 951 1497 τοιούτους
969 1421 1067 1509 θνμῷ
1089 1418 1094 1506 Ι
1115 1414 1404 1498 δουλεύονταςκος

189 1521 384 1593 ὑποτίθεται
417 1531 627 1605 νεανίσκους·
654 1521 812 1592 Ὀδυσσέα
847 1524 885 1593 δὲ
916 1524 971 1592 καὶ
1002 1523 1252 1612 Πολυδάμαντα
1282 1526 1337 1593 καὶ
1352 1553 1378 1592 ιο

191 1631 344 1719 Νέστορα
371 1635 416 1724 τῷ
445 1636 591 1724 λογισμῷ
618 1635 823 1720 κρατοῦντας
849 1635 911 1700 τοῦ
932 1635 1065 1718 θυμοῦ,
1092 1631 1251 1711 πολλάκις
1277 1632 1339 1719 μὲν

191 1735 297 1817 οὕτως
320 1741 474 1826 ἰσχυρῶς,
498 1736 543 1819 ὡς
565 1738 649 1827 μηδὲ
668 1739 846 1826 ἐξορμῆσαι
868 1739 952 1827 πρὸς
973 1736 1099 1827 ἄλογόν
1121 1763 1196 1806 τινα
1219 1740 1339 1827 πρᾶξιν

190 1842 250 1913 τὸν
268 1843 395 1932 θυμόν,
414 1851 505 1914 ἔστιν
523 1843 577 1914 ὅτε
596 1845 633 1913 δὲ
652 1842 806 1933 ὁρμῶντα
824 1846 897 1933 μέν,
915 1842 999 1914 ἀλλὰ
1017 1842 1082 1914 ὑπὸ
1097 1849 1158 1914 τοῦ
1175 1849 1340 1932 λογισμοῦ

191 1949 422 2040 κατεχόμενον,
446 1951 556 2041 ὥσπερ
578 1949 642 2020 κάν
664 1955 776 2020 τοῖσδε
798 1967 869 2032 τοῖς
892 1957 1004 2020 ἔπεσιν
1025 1948 1183 2021 Ὀδυσσέα
1204 1959 1339 2039 κεκοίμ-

190 2079 260 2124 κεν·
284 2055 413 2126 ἅτιαντα
436 2058 473 2126 δὲ
497 2060 614 2146 έφεξῆς
636 2056 720 2127 αὐτὰ
743 2058 967 2148 παραγράψω·
1353 2084 1379 2123 ιο

236 2159 322 2231 ’ἔνθ’
346 2160 500 2246 Ὀδυσεὺς
521 2169 705 2254 μνηστῆρσι
728 2165 813 2234 κακά
836 2168 992 2254 φρονέων
1015 2167 1064 2235 aa
1087 2168 1187 2258 θυμῷ

237 2267 331 2338 ’κεῖτ’
358 2271 589 2360 ἐγρηγορόων·
612 2275 666 2342 ταὶ
691 2270 722 2341 δ’
749 2275 784 2342 έκ
806 2273 966 2362 μεγάροιο
989 2287 1144 2360 γυναῖκες

228 2438 244 2486 4
263 2428 364 2502 καιρὸς
402 2451 432 2489 ro
451 2436 583 2496 niedseor
596 2435 626 2490 L.
647 2466 678 2474 -
698 2439 714 2490 θ
734 2427 827 2502 ὥσπερ
845 2429 901 2504 γὰρ
918 2429 1051 2496 Σκύθαις
1069 2434 1128 2489 MA
1146 2427 1215 2488 ύσκ.
1236 2430 1267 2489 έν
1286 2437 1338 2490 Σκ.

192 2501 241 2558 ΙιΒ
264 2504 310 2574 (cf.
333 2504 387 2559 Pro
413 2549 418 2560 .
442 2523 469 2576 p.
495 2511 548 2574 41).
576 2535 609 2546 -
637 2512 653 2560 8
677 2499 781 2575 ὅμηρος
808 2501 844 2575 δὴ
873 2505 901 2560 L.
928 2535 962 2546 -
995 2511 1028 2560 10
1056 2499 1212 2568 νεάνωιοος
1239 2506 1275 2560 Μ.
1303 2537 1338 2546 -

195 2579 228 2629 14
246 2569 332 2631 ὀδνσέ
351 2575 388 2630 Μ.
413 2609 446 2662 7
472 2583 504 2633 16
523 2593 601 2704 οοοῖ.
620 2577 718 2647 Odyss.
738 2577 801 2644 XX,
822 2583 926 2632 5-22.
946 2571 1083 2639 ὁδυσσεύς
1101 2577 1129 2630 Μ
1152 2571 1290 2640 totocorde
1308 2576 1339 2634 L.

194 2677 227 2686 -
248 2653 280 2701 17
300 2642 477 2718 έγρηγοροων
496 2646 553 2702 ῙιΜ
587 2646 749 2718 γρηγορέων
767 2647 905 2704 ABchK.
926 2679 959 2689 -

194 2813 354 2878 rationem
381 2812 543 2878 infirmam
570 2812 622 2878 vel
648 2811 814 2878 indoctam
843 2835 953 2879 secum
986 2812 1106 2878 mahat.
1157 2811 1279 2891 Quodsi
1308 2819 1341 2880 et

194 2922 311 2987 robore
335 2924 368 2986 et
396 2920 533 2986 scientia
559 2919 682 3003 valent,
709 2919 819 2986 vincet
840 2920 953 3008 utique
975 2923 1009 2984 et
1030 2921 1116 2986 ratio
1139 2921 1339 2988 iracundiam

195 3032 228 3092 et
250 3050 368 3112 equum
393 3049 502 3112 eques3
531 3027 582 3092 sin
611 3026 663 3091 vel
690 3025 795 3093 altero
822 3026 874 3092 vel
901 3029 1036 3112 utroque
1064 3031 1189 3112 carent,
1216 3028 1340 3113 pericu-

194 3134 261 3199 lum
285 3138 343 3218 est,
366 3156 416 3218 ne,
439 3132 523 3220 quod
545 3137 663 3198 natura
681 3133 841 3198 infirmius
865 3139 924 3218 est,
945 3134 989 3218 id,
1011 3134 1098 3219 quod
1120 3134 1340 3218 praestantius

194 3245 254 3326 est,
275 3241 397 3326 vincat3
420 3241 509 3306 velut
528 3238 660 3324 Scythia
683 3243 717 3304 et
735 3237 838 3304 Gallia
863 3240 1038 3326 multisque
1057 3240 1131 3306 aliis
1153 3241 1340 3306 nationibus

194 3349 343 3414 barbaris
362 3352 395 3413 et
418 3346 504 3431 apud
520 3368 581 3412 nos
605 3346 656 3412 vel
674 3347 783 3432 pueris
798 3347 853 3417 ¹vel
877 3346 1047 3413 ineruditis
1070 3345 1258 3413 hominibus
1280 3371 1341 3412 usu

194 3455 297 3540 venit,
320 3459 358 3520 ut
379 3453 546 3520 iracundia
572 3453 699 3518 ratione
726 3455 799 3539 plus
824 3455 939 3520 valeat
983 3454 1021 3519 ld
1047 3456 1156 3540 ipsum
1179 3453 1341 3520 Homerus

128 3619 141 3632 .
196 3585 270 3629 cum
288 3563 387 3628 vellet
405 3562 583 3645 ostendere,
605 3559 782 3626 Hectorem
800 3565 834 3626 ct
852 3561 1014 3627 Achillem
1033 3566 1066 3626 et
1083 3561 1239 3647 quosdam
1259 3563 1341 3626 alios

196 3668 383 3735 huiusmodi
406 3667 537 3733 iuvenes
564 3667 752 3733 iracundiae
776 3668 1021 3734 succumbentes
1044 3667 1184 3752 induxit,
1211 3667 1341 3734 Ulixem

196 3799 273 3843 vero
295 3779 329 3841 et
347 3775 617 3860 Polydamantem
641 3777 674 3838 et
690 3773 865 3841 Nestorem
888 3775 1015 3841 ratione
1033 3775 1124 3840 illam
1144 3775 1342 3859 cohibentes,

197 3884 384 3969 plerumque
409 3883 489 3948 adeo
512 3881 669 3968 graviter,
697 3887 734 3947 ut
759 3905 800 3948 ne
823 3883 1019 3948 excitaretur
1041 3882 1172 3967 quidem
1196 3883 1236 3948 ad
1258 3883 1342 3948 insa

197 4012 274 4056 num
297 3991 418 4076 aliquid
443 3989 617 4076 agendum,
644 3989 807 4055 interdum
834 3991 896 4074 ita,
922 3992 960 4054 ut
982 3989 1177 4054 excitaretur
1203 3989 1342 4075 quidem,

197 4097 253 4162 sed
281 4121 301 4162 a
331 4098 457 4164 ratione
486 4099 759 4182 compesceretur3
792 4097 883 4162 velut
914 4096 1004 4162 hisce
1035 4096 1184 4162 versibus
1213 4095 1341 4161 Ulixem

197 4209 295 4289 poeta
316 4205 411 4269 finxit
433 4202 559 4291 (omnes
583 4203 695 4269 ordine
718 4200 929 4290 adscribam):

243 4309 367 4396 ‘Atque
389 4311 436 4376 ibi
460 4311 620 4376 sollicitus
643 4310 847 4396 vigilansque
870 4310 999 4375 iacebat
1021 4309 1133 4375 Ulixes

243 4441 353 4485 secum
375 4419 485 4485 animo
508 4419 640 4484 volvens
663 4439 808 4504 pugnem
830 4417 1023 4501 caedemque
1046 4437 1228 4502 procorum,
