3212 5146
616 427 859 504 7-021-

165 585 226 657 οὐκ
249 585 292 657 άν
315 589 456 675 ἐγένετο,
478 587 516 656 τό
539 614 574 655 τε
597 586 700 674 πάχος
724 583 828 655 αὐτοῦ
851 585 967 672 διττὴν
990 590 1054 672 ἔχει
1079 586 1185 670 ἐδέαυ,
1208 592 1308 674 μαλα-

164 699 226 764 κοῦ
249 695 310 783 μὶν
333 699 450 778 ἔνδον,
479 697 604 776 ἔξωθεν
633 693 669 760 δὲ
699 696 846 780 σκληροῦ
868 693 1061 778 γενομένου.
1110 690 1161 760 δτι
1190 691 1226 760 δὲ
1254 692 1309 760 καὶ

164 800 225 870 τὸν
248 799 429 888 ὀφθαλμὸν
457 796 518 868 οὖν
546 797 660 886 ὀλίγης
683 801 784 886 ἐχρῆν
812 795 929 878 οὐσίας
953 797 1138 885 ἐγκεφάλου
1165 806 1309 886 μετειλη-

164 911 282 996 φέναι,
304 913 476 994 πεισθείης
498 903 542 975 άν
572 909 687 992 σαφῶς
713 903 887 992 ἀνατομῶν
915 901 1027 973 αὐτόν.
1072 901 1222 992 εὑρήσεις
1245 903 1309 992 γάρ

165 1013 229 1083 ὑπὸ
253 1030 323 1093 τοῖς
344 1017 480 1101 χιτῶσιν
504 1017 605 1080 ἔνδον
627 1009 713 1100 ὑγρὰ
733 1015 929 1100 σφαιροειδῆ
953 1010 1057 1096 διττά,
1080 1009 1118 1078 τὸ
1141 1011 1204 1098 μὲν
1222 1009 1336 1079 οὕτωσ

165 1119 327 1208 μαλακόν,
351 1122 467 1208 οἵαπέρ
491 1121 582 1187 ἐστιν
605 1115 745 1204 δαλοςὴ
769 1123 907 1204 μετρίως
929 1125 1082 1204 λυθεῖσα,
1104 1115 1141 1186 τὸ
1167 1117 1203 1184 δὲ
1223 1115 1310 1184 οὕτω

166 1227 326 1314 σκληρόν,
351 1221 420 1306 οἷος
443 1223 461 1295 δ
485 1232 625 1313 μετρίως
652 1225 766 1310 παγεὶς
794 1222 1006 1310 κρύσταλλος.
1052 1219 1246 1311 ὀνομάζεται
1274 1221 1310 1290 δέ

165 1333 230 1401 ὑπὸ
255 1337 323 1402 τῶν
343 1335 467 1421 ἰατρῶν
484 1329 656 1411 ὑαλοειδὲς
673 1331 735 1417 μὲν
757 1331 794 1399 τὸ
815 1329 1059 1419 μαλακώτερον,
1082 1337 1312 1419 κρυσταλλοει·

167 1440 222 1519 δὶς
245 1440 282 1508 δὲ
304 1439 341 1508 τὸ
366 1437 589 1526 σκληρότερον
613 1435 676 1506 άπὸ
701 1442 758 1525 τῆς
781 1438 864 1525 πρὸς
887 1435 993 1506 δαλόν
1015 1463 1050 1505 τε
1072 1438 1127 1506 καὶ
1151 1435 1311 1525 κρύσταλ-

166 1554 227 1614 λον
251 1544 455 1632 ὁμοιότητος,
479 1539 529 1624 οἷς
547 1541 589 1612 οὐ
606 1543 714 1631 μόνον
735 1558 807 1623 ταῖς
825 1543 1034 1630 συστάσεσιν,
1057 1541 1140 1613 άλλδι
1163 1545 1218 1613 καὶ
1240 1558 1352 1622 ταῖςιν

167 1667 294 1740 χροιαῖς
322 1657 443 1720 ἔοικεν·
477 1648 621 1738 ἀκριβῶς
653 1649 716 1738 γάρ
748 1652 816 1718 ἐστι
850 1650 984 1738 καθαρὰ
1011 1651 1065 1718 καὶ
1098 1655 1219 1737 διαυγῆ
1256 1650 1311 1718 καὶ

166 1757 309 1845 λαμπρά.
344 1757 507 1845 πρότερον
530 1756 592 1843 μὲν
611 1748 673 1824 οὖν
692 1758 856 1844 ἐκδέχεται
874 1756 935 1824 τὸν
954 1758 986 1837 ἐξ
1005 1755 1190 1843 ἐγκεφάλου
1208 1754 1312 1842 καθή-

168 1891 270 1934 κοντα
298 1863 405 1952 πόρον
432 1869 479 1944 εἰς
507 1862 663 1952 ἑκάτερον
691 1860 803 1930 αὐτῶν
835 1862 872 1930 τὸ
904 1861 1092 1947 ὑαλοειδές,
1127 1864 1243 1948 ἐφεξῆς
1276 1862 1312 1929 δὲ

167 1970 256 2064 αὐτῷ
279 1970 317 2040 τὸ
336 1969 618 2060 κρνΙσταλλοειδές
637 1967 744 2048 ἐοικὸς
762 1966 885 2056 άτρέμα
903 1969 1155 2057 πεπλατνσμένη
1179 1973 1379 2057 σφαίραςει

167 2078 221 2146 καὶ
244 2084 362 2146 τοίνυν
385 2074 403 2144 δ
431 2076 535 2166 πόρος
557 2075 657 2156 αὐτὸς
684 2074 751 2164 ἅμα
778 2079 823 2167 τῷ
847 2077 1031 2162 περιέχοντι
1059 2074 1167 2165 νεύρῳ
1195 2075 1313 2154 διεξελ-
1328 2097 1353 2136 ιε

167 2184 244 2252 θὼν
269 2183 330 2251 τὸν
358 2186 484 2264 ἔξωθεν
513 2188 636 2270 χιτῶνα
664 2183 746 2251 κατὰ
773 2181 833 2250 τὸν
869 2179 1051 2268 ὀφθαλμὸν
1083 2179 1183 2268 άμφω
1209 2184 1313 2248 ταῦτα

167 2289 283 2378 πάσχει
307 2288 389 2357 κατὰ
411 2289 475 2377 τὴν
496 2291 632 2377 πρώτην
655 2295 831 2377 ἔμπτωσιν,
854 2285 897 2375 ἣν
920 2292 967 2368 εἰς
989 2286 1051 2374 τὴν
1074 2286 1187 2374 χώραν
1209 2283 1315 2354 αὐτοῦ

205 2479 277 2540 λδν
297 2503 350 2540 om.
365 2485 403 2539 M.
423 2517 454 2526 -
481 2492 496 2540 7
515 2481 669 2554 κρύσταλος
687 2481 911 2554 (consceleratis
930 2501 956 2538 v.
975 2489 991 2538 8
1011 2485 1040 2537 et
1058 2482 1097 2537 sic
1115 2481 1173 2537 lere
1191 2485 1311 2551 semper)

168 2557 236 2611 MA.
256 2588 289 2596 -
316 2565 345 2610 11
366 2552 487 2626 διαυγὴς
506 2557 584 2612 οοδδ.
604 2557 667 2612 edd.
690 2557 793 2626 διαυγῆ
818 2571 876 2610 nos.
900 2585 933 2594 -
959 2561 991 2610 12
1012 2550 1077 2610 ἐιιδέ
1097 2570 1147 2624 pro
1166 2549 1313 2624 ἐνδέχεται

168 2629 204 2683 M.
225 2660 257 2668 -
280 2634 311 2682 17
331 2625 468 2682 ἔκπτωσιν
487 2628 567 2683 οοδδ.
587 2628 649 2683 edd.
671 2625 810 2697 ἔμπτωσιν
829 2644 889 2682 nos.
910 2656 942 2667 -

169 2833 256 2894 esset
277 2849 405 2910 nervus,
427 2848 592 2911 nunqusm
617 2830 688 2891 erst
709 2826 834 2909 future,
857 2828 891 2889 et
913 2824 1094 2890 crassitudo
1119 2825 1187 2890 eius
1211 2824 1314 2910 dupli·

170 2958 239 3000 cem
263 2935 382 3019 adepte
405 2936 456 2997 est
482 2932 637 3016 formem,
665 2933 753 2998 intus
782 2933 928 3016 mollem,
957 2935 1049 2997 extra
1071 2930 1194 2996 duram.
1238 2931 1314 2996 Jsm

169 3063 245 3106 vero
278 3041 407 3106 oculum
439 3039 539 3103 etism
571 3039 679 3123 ipsum
712 3039 899 3105 convenisse
930 3059 996 3103 non
1029 3038 1163 3123 exiguae
1192 3038 1315 3103 cerebri

170 3147 373 3212 substantioe
410 3145 604 3229 participem
637 3167 706 3210 esse
740 3167 799 3231 pro
837 3147 925 3211 certo
961 3144 1115 3227 hebebis,
1152 3145 1208 3209 ubi
1242 3166 1314 3210 eum

170 3253 372 3318 dissecueris.
417 3251 572 3336 Reperies
596 3252 682 3316 enim
706 3251 767 3320 sub
794 3252 914 3316 tunicis
937 3251 1025 3316 intus
1055 3251 1136 3317 duos
1159 3250 1315 3336 globosos

170 3361 333 3444 humores,
356 3381 456 3424 unum
479 3359 621 3442 mollem,
645 3358 776 3443 perinde
796 3380 834 3422 sc
857 3358 977 3422 vitrum
1001 3357 1207 3424 mediocriter
1230 3358 1314 3422 solu·

170 3471 254 3551 tum,
282 3467 420 3531 alterum
444 3466 492 3530 its
518 3465 647 3549 durum,
675 3467 713 3528 ut
734 3463 874 3548 glaciem
898 3465 1104 3531 mediocriter
1131 3468 1315 3531 concretam

171 3572 326 3638 imitetur.
372 3572 504 3638 Mollior
528 3595 547 3636 s
574 3570 708 3636 medicis
733 3571 869 3653 vitreus,
896 3571 1007 3636 durior
1029 3571 1191 3656 glacialis,
1219 3571 1274 3637 ille
1298 3593 1315 3636 e

171 3679 257 3763 vitri,
278 3679 333 3742 hic
352 3701 369 3742 e
388 3678 506 3763 glaciei
525 3677 737 3742 similitudine
755 3681 975 3760 nuncupatur:
997 3676 1170 3743 nonenim
1188 3681 1316 3744 tuntum

172 3807 283 3851 eorum
302 3785 447 3869 corporis
462 3784 621 3868 habitum,
635 3784 692 3848 sed
706 3785 806 3848 etism
821 3784 963 3849 colorem
978 3784 1131 3870 referunt,
1145 3807 1219 3851 cum
1233 3786 1316 3870 puri,

171 3890 323 3975 pellucidi
342 3891 483 3976 clerique
507 3892 581 3956 sint.
619 3891 667 3956 Ac
689 3891 811 3956 vitreus
834 3890 964 3977 quidem
983 3895 1126 3956 mestum
1146 3913 1165 3956 a
1184 3891 1316 3958 cerebro

172 3996 213 4062 cd
242 4001 414 4082 utrumque
441 3998 657 4082 pertinentem
685 3999 775 4082 prius
809 3997 943 4082 excipit,
975 3999 1127 4082 deinceps
1159 3999 1317 4085 glacialis,

172 4105 227 4189 qui
254 4105 353 4190 globo
382 4104 499 4169 leniter
526 4105 663 4170 dilatato
692 4104 810 4169 similis
843 4109 901 4168 est.
951 4105 1059 4189 Atque
1087 4111 1213 4170 meatus
1246 4105 1317 4189 ipse

172 4233 237 4275 uns
260 4233 333 4276 cum
355 4233 455 4276 nervo
480 4210 699 4276 circumdante
726 4211 834 4295 primo
858 4212 1022 4296 ingressu,
1049 4233 1145 4298 quem
1173 4212 1208 4276 in
1232 4195 1316 4276 oculi

172 4316 280 4382 sedem
312 4318 406 4402 facit,
441 4321 612 4409 penetrata
644 4318 713 4382 eius
751 4319 908 4382 exteriore
941 4318 1053 4382 tunica
1085 4323 1221 4402 utroque
1254 4317 1317 4384 hoc

173 4425 315 4490 afficitur
332 4424 443 4489 modo:
466 4425 534 4488 illic
554 4423 705 4507 spiritum
725 4445 797 4487 cum
821 4423 1012 4490 humoribus
1031 4425 1229 4509 commiscet,
1252 4444 1315 4510 quo
