3246 5148
623 365 846 428 „13-

158 529 213 588 tos
233 524 267 588 in
286 525 408 588 laboris
428 525 618 590 societatem
638 525 842 607 convocavit,
865 548 929 589 non
948 526 1102 610 ignorans
1125 527 1210 590 tanti
1229 532 1310 591 tarn-

157 653 222 713 que
246 631 396 696 immensi
420 631 527 715 operis
551 653 633 695 onus
656 653 721 695 non
744 632 839 696 unius
862 633 1005 697 hominis
1030 633 1189 697 sustinere
1214 655 1309 716 posse

157 736 323 801 humeros.
360 737 404 801 Et
427 738 505 800 tulit
528 738 694 823 inceptum
718 737 842 802 fructus
866 738 1060 821 uberrimos3
1083 761 1158 802 nam
1177 738 1310 802 Darem-

159 843 280 928 bergus
313 851 346 908 et
374 843 631 908 Bussemalrerus
664 845 832 908 ediderunt
865 866 964 927 opera
993 844 1134 909 Oribasii
1167 845 1309 908 maxima

157 955 253 1032 parte
277 950 442 1033 hueusque
466 947 648 1036 ineditaffi),
676 973 757 1034 quae
781 955 939 1034 quantum
967 950 1097 1014 valeant
1121 950 1161 1014 ad
1183 955 1308 1014 textum

159 1055 276 1120 Galerii
300 1057 412 1120 multis
436 1057 516 1122 loeis
541 1055 788 1138 emendandum,
817 1056 942 1120 indies
967 1057 1071 1141 magis
1095 1057 1310 1144 intelligebam

159 1160 401 1247 Darembergus
425 1163 495 1246 ipsc
515 1167 644 1247 praeter
663 1160 794 1232 Celsum
818 1162 977 1226 medicum
1002 1160 1105 1248 (Lips.
1125 1163 1223 1250 1859)
1248 1166 1309 1230 edi-

158 1267 208 1331 ‹lit
235 1267 432 1352 Fragmenta
460 1267 693 1333 Commentarii
723 1267 836 1332 Galeni
865 1269 899 1332 in
923 1268 1092 1332 Timaeum
1115 1269 1308 1357 Platonis²⁸)

159 1382 193 1436 et
223 1374 367 1438 eiusdem
398 1374 513 1438 medici
547 1397 645 1458 opera
678 1374 771 1457 plura
804 1375 838 1439 in
866 1375 1013 1458 linguam
1042 1374 1308 1460 francogallicam

159 1477 314 1566 verutd).
361 1479 422 1544 Sed
446 1481 530 1564 quod
558 1481 666 1544 animo
691 1481 920 1562 proposuerat,
949 1484 984 1542 ut
1008 1479 1122 1544 Galeni
1146 1505 1244 1566 opera
1269 1485 1308 1548 ad

159 1586 307 1650 codicum
326 1587 567 1670 recognitorum
585 1587 682 1649 fidem
701 1585 821 1666 ederet,
844 1608 910 1651 non
927 1586 1072 1669 perfecit.
1104 1585 1172 1652 Nec
1193 1587 1308 1654 Green-

157 1691 259 1756 hillus
283 1692 459 1756 Britannus
483 1692 734 1774 eruditissimus,
762 1692 817 1775 qui
846 1713 918 1755 curn
942 1715 1007 1756 non
1030 1715 1151 1776 paucos
1175 1696 1264 1761 locos
1289 1719 1306 1760 e

158 1798 259 1861 variis
282 1797 375 1862 libris
395 1798 512 1862 Galerii
534 1798 721 1862 emendatos
745 1799 779 1862 in
795 1796 982 1862 Heuschelii
998 1799 1076 1864 Iano
1096 1802 1307 1884 publicasset,

158 1904 331 1969 eonsilium
359 1909 502 1987 ceperat,
530 1904 676 1968 confecta
702 1904 842 1967 editione
869 1903 1138 1970 Anatomicarum
1167 1906 1308 1973 Demon-

158 2010 355 2074 strationum
375 2014 555 2075 ceterorum
574 2011 731 2076 librorum
748 2009 861 2073 Galeni
877 2009 1051 2074 editionem
1070 2035 1199 2096 parare,
1218 2015 1307 2098 quid-

157 2139 255 2200 quam
276 2138 404 2199 eorum,
423 2139 504 2200 quae
524 2117 684 2198 voluerat,
703 2115 787 2199 qnod
808 2115 922 2199 sciam,
946 2123 1137 2180 consecutus
1157 2117 1262 2205 estll).

247 2222 407 2306 Equidem
437 2245 494 2286 nec
523 2245 613 2306 spem
643 2223 806 2286 infinitam
835 2223 985 2305 persequi
1015 2223 1103 2288 volui
1133 2246 1192 2288 nec
1222 2249 1304 2309 opus

157 2329 291 2412 aggredi
320 2329 523 2394 immensum.
572 2328 686 2412 ltaque
716 2351 733 2391 e
762 2326 876 2390 Galerii
907 2328 1058 2410 operibus
1089 2352 1188 2394 unum
1217 2331 1305 2396 dum-

157 2441 249 2498 taxat
272 2435 479 2500 tractandum
503 2435 631 2517 suscepi
656 2438 751 2518 atque
775 2432 809 2496 id
832 2433 974 2516 quidem,
1002 2435 1087 2517 quod
1111 2458 1175 2499 non
1199 2437 1305 2500 solum

158 2539 197 2602 ad
221 2540 377 2624 medicos,
401 2541 456 2605 sed
476 2542 573 2605 etiam
595 2540 635 2604 ad
654 2539 868 2623 philosophos
888 2544 921 2602 et
938 2537 1125 2625 philologos
1145 2543 1305 2624 pertinere

158 2651 254 2730 atque
274 2670 339 2712 non
357 2649 464 2712 minus
479 2647 689 2710 iucunditatis
704 2667 801 2730 quam
817 2645 971 2708 utilitatis
986 2645 1105 2711 habere
1121 2649 1304 2712 arbitrarer.

157 2753 286 2816 Navavi
314 2777 445 2838 operam
474 2754 727 2836 qualemcunque
755 2751 863 2833 libris,
891 2752 945 2834 qui
973 2751 1073 2815 latine
1097 2753 1230 2816 inscribi
1255 2777 1305 2817 so-

157 2859 225 2922 lent
249 2859 287 2922 de
311 2860 446 2924 Placitis
465 2860 676 2944 Hippocratis
700 2862 733 2921 et
751 2858 913 2940 Platonis,
935 2857 1053 2941 quibus
1074 2857 1213 2923 Galenus
1233 2861 1303 2942 ipse

156 2965 236 3028 dicit
260 2964 419 3049 disputari
442 2964 515 3050 περὶ
539 2965 606 3030 τῶν
628 2967 787 3048 μεγίστην
805 2959 948 3045 δύναμιν
968 2959 1114 3046 ἐχόντων
1133 2967 1180 3040 εἰς
1202 2967 1302 3050 ἰατρι-

155 3067 220 3152 κήν
243 3094 277 3134 τε
305 3069 358 3134 καὶ
382 3075 588 3154 φιλοσοφίαν
616 3069 660 3156 (p.
685 3071 749 3134 720
772 3068 825 3154 K).
872 3069 916 3132 Et
943 3091 1020 3132 saue
1043 3093 1108 3135 uon
1131 3071 1237 3135 minus
1262 3074 1302 3136 ad

157 3175 331 3240 historiam
346 3177 573 3263 philosophiae
588 3181 748 3258 ueterum,
767 3175 917 3257 inprimis
933 3173 1131 3258 Stoicorum,
1150 3200 1246 3260 quam
1263 3180 1302 3244 ad

157 3283 350 3347 medicinam
374 3289 406 3347 et
429 3286 600 3368 physicam
628 3307 682 3348 eos
711 3287 856 3364 spectare
884 3287 996 3345 nostra
1020 3276 1126 3346 aetate
1152 3285 1232 3346 satis
1257 3285 1303 3347 iu-

179 3411 188 3416 -
213 3411 373 3418 —·—-—-..-

230 3477 264 3546 ²⁷)
283 3477 405 3532 Oenvres
424 3477 580 3545 d’Oribase,
599 3477 674 3530 terte
693 3492 757 3543 grec
777 3476 806 3528 et
824 3474 982 3528 traduction
1000 3473 1147 3542 l'raoqaioe¹
1167 3491 1235 3528 avec
1249 3493 1303 3529 une

159 3565 348 3621 lntrcduction
367 3568 397 3621 et
415 3565 463 3619 des
482 3569 561 3620 notes
580 3581 630 3634 par·
649 3562 830 3617 Bussemaker
849 3565 878 3615 et
896 3561 1076 3630 Daremberg.
1101 3563 1178 3616 Paris
1199 3569 1301 3617 1851-

162 3659 241 3720 1862,
260 3655 336 3708 tome
356 3655 367 3707 1
386 3657 403 3706 a
422 3653 467 3709 lV.
1228 3676 1231 3682 ·

230 3741 263 3811 ²⁸)
281 3743 445 3811 Fragments
464 3743 501 3796 du
520 3741 718 3797 commentaire
736 3741 770 3794 de
790 3740 889 3794 Galien
907 3757 955 3792 sur
972 3738 998 3792 le
1017 3739 1113 3794 Times
1137 3740 1172 3794 da
1191 3741 1300 3810 Platon,

157 3829 266 3898 publiea
284 3847 355 3900 pour
368 3828 396 3883 la
410 3831 545 3899 premiere
564 3831 617 3885 fois
634 3849 669 3885 en
683 3848 748 3900 gree
767 3833 796 3886 et
814 3847 846 3884 en
862 3827 990 3898 franceis,
1008 3844 1077 3882 avec
1096 3847 1148 3883 une
1163 3831 1304 3884 Introduc·

157 3919 216 3972 tion
236 3921 265 3973 et
283 3919 332 3972 des
350 3921 436 3974 notes.
474 3919 551 3974 Paris
572 3927 648 3974 1848.

229 4007 262 4076 η)
286 4007 408 4061 Oenvres
431 4009 636 4078 anatomiques,
660 4007 888 4078 physiologiques
910 4010 940 4064 et
961 4007 1112 4062 medicales
1136 4009 1170 4061 de
1193 4007 1300 4074 Galles,

157 4095 292 4150 traduites
309 4113 344 4150 en
362 4095 493 4166 franceis,
512 4113 579 4151 avec
598 4100 685 4152 notes.
705 4097 783 4152 Paris
804 4102 986 4150 1854-11856.
1006 4103 1021 4148 2
1042 4095 1114 4150 Voll.
1142 4095 1298 4148 Dolendum

158 4187 212 4251 est,
235 4185 309 4254 qnod
332 4185 536 4254 Darembergus
558 4185 613 4239 duo
637 4187 730 4239 cetera
752 4185 906 4252 volumina,
930 4202 1048 4254 quorum
1070 4183 1158 4237 altero
1181 4184 1216 4236 de
1239 4183 1298 4238 vita

158 4272 320 4342 scriptisque
338 4272 438 4327 Galerii
456 4273 646 4342 disputaturus
664 4277 736 4340 erat,
754 4273 783 4327 in
802 4273 893 4327 lucem
911 4291 965 4326 non
986 4273 1069 4326 misit.

229 4361 262 4428 ⁸⁰)
281 4360 321 4415 cf.
339 4361 369 4414 in
386 4360 548 4415 Henschelii
565 4359 637 4415 Janc
655 4361 717 4415 Vol.
737 4362 748 4415 l
767 4363 858 4430 (1846)
877 4380 903 4431 p.
922 4367 974 4416 625
992 4378 1063 4430 sqq.;
1087 4361 1154 4414 ibid.
1173 4379 1200 4429 p.
1220 4367 1280 4414 439.
