3212 5146
604 451 847 516 -619-

152 611 265 678 ἕνεκεν
304 607 421 694 [εὐθὺς
457 609 494 676 ἐν
526 605 615 698 αὐτῷ
648 607 785 698 τούτω],
821 611 985 676 τοσοῦτον
1016 603 1206 695 ἀπεχώρησε
1239 609 1296 694 τῆς

152 713 336 802 ἐγκεφάλου
359 715 506 802 φύσεως,
530 713 613 783 ὅσον
636 713 672 781 δὲ
696 713 907 802 ε’σκληρύνθη
931 713 1089 799 πιληθὲν,
1114 711 1218 792 εὐθὺς
1241 715 1295 780 καὶ

152 822 208 891 διὰ
232 827 330 890 τοῦτο
354 819 436 891 αὐτὸ
461 826 568 889 δεῖται
588 824 646 907 τῆς
665 823 795 889 ἐκείνου
819 824 993 906 διηνεκοῦς
1017 822 1217 906 ἐπικουρίας,
1241 818 1296 902 ῶς,

152 938 184 997 εἰ
198 955 235 1015 γε
253 932 409 998 τοιοῦτον
427 935 567 1015 ἔμεινεν,
592 921 667 995 οἷόν
690 929 780 996 ἐστιν
799 925 816 995 ὁ
837 929 1026 1013 ἐγκέφαλος,
1050 923 1111 995 ούκ
1129 921 1172 994 lv
1191 927 1295 995 ἐδεῖτο

151 1039 209 1123 τῆς
231 1038 264 1118 ἐξ
287 1033 392 1104 αὐτοῦ
410 1041 579 1122 βοηθείας.
616 1039 654 1103 αἰ
674 1033 737 1122 γάρ
755 1037 823 1103 τῶν
843 1031 968 1102 ούσιῶν
991 1031 1153 1119 ἰδιότητες
1174 1038 1323 1113 οἰκείαςᾶ

152 1143 284 1222 ἑαυταῖς
311 1147 424 1230 ἔχουσι
451 1143 505 1210 καί
533 1141 592 1221 τὰς
618 1145 687 1209 τῶν
714 1141 891 1228 δυνάμεων
915 1139 1091 1226 ἰδιότητας.
1140 1143 1187 1218 εἰς
1215 1137 1297 1208 ὅσον

153 1241 216 1316 οὖν
247 1251 387 1318 ἕκαστον
418 1251 487 1317 τῶν
519 1251 727 1335 αἰσθητικῶν
758 1252 851 1326 ἰδίως
883 1245 1139 1334 ὀνομαζομένων
1166 1244 1298 1332 νεύρων

152 1353 382 1442 ἀποκεχώρηκε
408 1358 467 1441 τῆς
499 1355 685 1441 ἐγκεφάλου
712 1353 859 1441 φύσεως,
892 1357 939 1432 εἰς
964 1357 1128 1422 τοσοῦτον
1159 1352 1214 1420 καὶ
1240 1356 1298 1438 τῆς

154 1460 327 1547 δυνάμεως
349 1458 463 1530 αὐτοῦ.
503 1469 648 1529 καλεῖται
673 1461 709 1528 δὲ
728 1465 822 1540 ἰδίως
839 1459 1017 1546 αἰσθητικά
1041 1463 1143 1547 νεῦρα
1167 1457 1206 1526 τά
1229 1473 1299 1537 τοῖς

153 1572 362 1654 αἰσθητικοῖς
385 1565 542 1656 ὀργάνοις
566 1566 827 1653 ἐπικεμκόμενα,
854 1565 1068 1654 μαλακώτερα
1096 1569 1165 1635 τῶν
1187 1563 1298 1633 ἄλλων
1313 1585 1338 1624 1⁰

153 1673 344 1764 ὑπάρχοντα
375 1678 444 1743 τῶν
472 1672 660 1744 κινούντων
687 1673 727 1741 τά
755 1673 871 1762 μόρια,
903 1677 1086 1760 προμηθῶς
1112 1674 1167 1740 καί
1199 1675 1297 1740 τοῦτο

153 1785 211 1868 τῆς
238 1780 371 1868 φύσεως
398 1781 631 1869 ἐργασαμένης.
677 1779 789 1867 ἐπειδὴ
823 1779 887 1868 γάρ
915 1776 935 1865 ἡ
962 1777 1024 1865 μὲν
1052 1788 1210 1866 αἴσθησις
1237 1775 1299 1846 ούκ

154 1887 236 1956 άνευ
265 1891 269 1974 Ι
298 1892 360 1956 τοῦ
383 1891 583 1974 διατεθῆναί
606 1913 677 1967 πως
703 1887 740 1956 τὸ
770 1890 909 1974 νεῦρον,
936 1883 957 1973 ἡ
982 1885 1018 1953 δὲ
1041 1891 1171 1973 κίνησις
1194 1886 1231 1953 ἰν
1253 1887 1364 1976 τῶ622

155 1999 241 2083 δρᾶν
264 1994 356 2086 μόνῳ
378 1993 441 2081 τὴν
464 1995 635 2082 ἐνέργειαν
657 1999 740 2079 ἔχει,
767 1992 849 2060 κατά
877 1993 980 2079 λόγον
1002 1991 1216 2078 ἁπαλῶτερον
1238 1990 1300 2080 μὲν

153 2100 191 2170 τὸ
216 2100 430 2188 αἰσθητικόν,
454 2100 677 2188 σκληρότερον
700 2099 736 2167 δὲ
758 2099 795 2167 τὸ
819 2099 991 2186 κινητικὸν
1014 2102 1137 2186 νεῦρον
1161 2098 1300 2184 ἐγένετο.
1315 2115 1340 2156 1⁵

155 2209 281 2295 μέτεστι
313 2207 349 2276 δὲ
381 2208 436 2274 καὶ
468 2221 538 2286 τοῖς
569 2201 748 2293 κἰνητικοῖς
782 2205 906 2274 ἅπασιν
937 2205 1126 2293 αἰσθήσεως
1153 2201 1300 2290 άτιτικῆς,

157 2314 268 2402 ἐπειδὴ
305 2315 489 2402 παχυμερές
525 2315 593 2381 ἰστι
629 2311 666 2382 τὸ
703 2311 823 2400 ταύτης
856 2312 1030 2399 αἰσθητόν.
1084 2317 1225 2398 ἔμπαλιν
1262 2311 1298 2379 δὲ

194 2555 206 2603 1
233 2543 324 2609 sitris
347 2543 379 2602 ἐν
401 2542 478 2616 αύτῷ
502 2541 592 2601 τούτω
619 2563 668 2600 nos
692 2545 769 2600 uncis
792 2544 963 2600 inclusimus.
991 2573 1024 2584 -
1054 2536 1181 2605 κεύδδς
1199 2538 1231 2598 δὲ
1252 2539 1300 2596 καί

157 2619 290 2674 uscos
309 2616 341 2674 ιι
361 2619 443 2674 esec
462 2617 493 2672 ιι.
514 2647 546 2658 -
569 2603 601 2672 1'5
620 2612 735 2686 κινητὸν
753 2615 895 2671 ussus.
916 2645 948 2657 -

158 2855 293 2938 videtur,
316 2859 474 2939 quatenus
498 2858 605 2920 autem
630 2856 819 2936 compactus
841 2852 1000 2935 induruit,
1024 2851 1178 2916 continuo
1202 2849 1243 2914 ob
1267 2848 1300 2912 id

157 2964 266 3047 ipsum
294 2962 415 3027 assidui
443 2961 532 3026 illius
560 2959 672 3025 auxilii
699 2958 837 3044 indiget,
865 2980 942 3023 nam
966 2958 993 3022 si
1017 2957 1108 3040 talis,
1135 2955 1228 3040 quale
1253 2957 1302 3020 est

158 3070 339 3152 cerebrum,
362 3068 548 3150 mansisset,
570 3091 636 3134 non
659 3066 728 3131 eius
748 3087 808 3148 ope
832 3067 949 3150 egeret.
993 3063 1080 3129 Nam
1103 3061 1303 3127 substantia-

160 3198 231 3239 rum
251 3176 470 3260 proprietates
489 3175 589 3239 etiam
612 3173 806 3238 facultatum
831 3171 893 3236 sibi
913 3169 1139 3237 convenientes
1158 3169 1302 3253 proprie

159 3286 245 3346 tates
267 3282 400 3346 habent.
445 3281 538 3346 Unde
562 3282 613 3364 tit,
636 3284 681 3364 ut,
704 3283 861 3364 quantum
888 3299 1005 3343 nervus
1033 3276 1168 3361 quisque
1191 3273 1304 3357 exiis,

160 3389 215 3464 uui
238 3389 370 3472 proprie
395 3389 543 3452 sensiferi
566 3390 732 3470 vocantur,
756 3409 775 3449 a
794 3385 916 3449 cerebri
939 3386 1057 3448 natura
1079 3382 1210 3464 recedit,
1232 3385 1303 3445 tan-

159 3499 228 3559 tum
258 3495 357 3558 etiam
391 3495 432 3560 ab
465 3495 533 3558 eius
566 3494 721 3558 facultate
755 3492 891 3556 recedat.
945 3488 1000 3553 Illi
1033 3493 1140 3554 autem
1173 3487 1303 3573 proprie

161 3601 309 3665 sensiferi
343 3605 511 3685 vocantur,
548 3602 603 3686 qui
636 3621 788 3665 sensuum
819 3597 1043 3662 instrumentis
1072 3595 1304 3674 immittuntur,

160 3706 286 3790 ceteris,
304 3708 359 3791 qui
378 3710 512 3772 movent
530 3708 684 3789 membra,
702 3705 877 3789 molliores,
896 3703 980 3789 quod
1000 3707 1034 3768 et
1050 3703 1160 3786 ipsum
1179 3701 1304 3785 sapien·

161 3818 211 3878 ter
231 3816 386 3878 enatura
405 3814 571 3898 provisum
587 3817 645 3878 est.
678 3813 838 3889 Quoniam
858 3811 943 3876 enim
964 3831 1087 3893 sensus,
1104 3809 1169 3873 nisi
1186 3829 1304 3872 nervus

161 3919 271 4004 aliquo
294 3920 391 3986 modo
415 3919 564 4005 afficitur,
587 3921 656 3984 fieri
680 3942 746 3986 non
769 3922 891 4003 potest,
914 3921 1021 3983 motus
1046 3918 1159 3982 contra
1180 3915 1216 3978 in
1239 3913 1305 3978 effi-

162 4025 274 4091 ciendo
298 4029 427 4091 tantum
450 4027 611 4092 actionem
638 4027 750 4108 habet,
782 4047 932 4107 nervum,
963 4024 1019 4108 qui
1048 4044 1177 4088 sensum
1205 4021 1306 4102 affert,

161 4132 354 4215 molliorem,
377 4133 433 4216 qui
457 4138 595 4216 motum,
619 4134 782 4198 duriorem
810 4132 933 4196 factum
957 4152 1026 4194 esse
1055 4133 1306 4194 consentaneum

162 4242 220 4304 est
266 4239 470 4324 Quamquam
494 4262 619 4325 omnes,
645 4239 701 4324 qui
729 4242 854 4304 motum
882 4240 1065 4323 praestant,
1092 4234 1184 4300 nervi
1207 4233 1306 4298 etiam

163 4366 276 4410 sensus
299 4349 406 4410 tectus
425 4347 602 4431 participes
622 4350 713 4428 suut,¹
729 4346 882 4430 quonism
902 4344 970 4408 eius
993 4342 1146 4408 sensibile
1166 4340 1306 4406 crassius

163 4455 220 4516 est.
271 4449 393 4517 Contra
420 4475 539 4519 nervus
567 4453 655 4518 risus
687 4474 753 4518 non
785 4451 895 4536 modo,
927 4450 1004 4534 quia
1036 4449 1145 4518 sensui
1175 4451 1307 4536 patente
