3210 5148
596 417 838 482 -473-

149 601 179 662 γε
203 575 240 644 τὸ
264 579 484 663 προκείμενον
507 570 634 663 ἀπόχρη
657 574 694 642 τὸ
719 572 961 660 περαινόμενον
980 569 1290 664 ἀναμφισβητήτως,

149 681 195 752 δτι
222 683 266 770 μὴ
294 685 352 770 τῆς
381 679 482 769 αὐτῆς
512 684 579 750 ἐστι
613 681 785 769 δυνάμεως
811 679 849 749 τό
884 707 918 750 τε
946 687 1136 768 λογίζεσθαι
1160 685 1223 751 ’καὶ
1251 683 1288 753 τὸ

149 797 259 858 σιτίων
291 786 312 878 ἢ
344 793 455 858 ποτιδν
488 785 507 877 ἢ
540 787 749 877 ἀφροδισίων
782 789 973 877 ἐπιθυμεῖν,
996 787 1086 876 ,ὅπερ
1120 787 1181 859 οὐκ
1213 789 1290 860 οἶδα

149 897 233 978 ὅπως
265 895 283 966 ὁ
312 895 506 984 Χρύσιππος
538 893 604 983 ἅμα
637 903 772 975 πολλοῖς
799 903 963 975 Στωϊκοῖς
994 892 1173 983 ἠγνόησεν·
1206 894 1289 966 ἀλλὰ

148 1003 181 1074 τὸ
205 1003 267 1092 μὲν
289 1001 457 1091 ἀγνοῆσαί
474 1031 506 1070 τι
530 1001 757 1090 συγγνωστόν,
780 999 824 1082 ὡς
846 1003 901 1070 καὶ
924 1001 1076 1091 πρόσθεν
1098 1008 1225 1090 ἔλεγον,
1249 1001 1317 1073 ού5

148 1108 361 1198 συγγνωστόν
384 1109 421 1179 δέ
444 1109 481 1178 τὸ
505 1113 699 1198 πλημμελῶς
726 1107 812 1178 οὕτω
840 1115 1129 1197 μεταχειρίσασθαι
1154 1109 1214 1180 τὸν
1236 1111 1290 1180 λό-
1363 1195 1366 1204 .

148 1245 218 1304 γον,
241 1215 324 1286 ὥστε
347 1221 415 1286 τῶν
437 1217 499 1305 μὲν
521 1233 591 1297 τοῖς
613 1231 769 1302 κωμικοῖς
791 1211 811 1304 ἢ
838 1225 1008 1302 τραγικοῖς
1030 1231 1181 1304 ποιηταῖς
1203 1222 1291 1306 είρη-

147 1325 256 1412 μένων
278 1324 502 1412 μνημονεύειν
526 1330 573 1404 είς
598 1321 795 1410 τηλικούτου
823 1323 988 1410 δόγματος
1020 1321 1205 1408 ἀπόδειξιν,
1233 1320 1290 1392 ἀν-

148 1429 296 1518 θρώποις
319 1427 398 1500 οὐδὲ
422 1433 644 1520 ἐπιχειροῦσιν
667 1425 901 1498 ἀποδεικνύειν
925 1427 1042 1514 οὐδέν,
1065 1426 1148 1499 ἀλλά
1172 1430 1290 1518 μόνον,

148 1531 200 1606 oio
228 1533 271 1606 ἀν
299 1535 412 1618 αὐτοῖς
440 1537 519 1628 δόξη
547 1539 684 1624 πρέπειν
710 1539 754 1630 τῷ
787 1538 917 1624 λέγοντι
945 1537 1111 1630 προσείπω
1141 1537 1224 1606 κατὰ
1252 1537 1288 1606 τὸ
1307 1555 1331 1594 1⁰

148 1649 266 1732 δρᾶμα,
289 1649 451 1732 κοσμοῦσι
475 1643 531 1714 διὰ
554 1649 612 1732 τῆς
635 1645 819 1732 ἑρμηνείας,
844 1645 849 1734 Ι
869 1647 937 1714 τῶν
960 1643 996 1713 δέ
1020 1641 1084 1714 ὑπὸ
1110 1646 1292 1726 Πλάτωνος
1301 1657 1356 1714 491

147 1753 330 1838 εἰρημένων
354 1757 400 1831 είς
425 1751 489 1840 τὴν
515 1749 687 1833 ἀπόδειξιν
715 1746 820 1819 αὐτοῦ
846 1751 926 1838 μήτε
953 1757 1182 1840 μνημονεῦσαι
1209 1751 1290 1840 μήτε

90 1905 96 1920 ·
146 1855 311 1928 ἀντειπεῖν
330 1861 542 1949 ἐπιχειρῆσαι,
565 1857 648 1928 ἀλλὰ
673 1859 705 1940 ἐξ
725 1859 858 1945 ἑτοίμου
879 1885 913 1926 τε
936 1860 991 1928 καί
1010 1865 1189 1947 προχείρου
1211 1868 1290 1946 λαμ-

146 1965 274 2058 βάνειν,
301 1963 360 2050 ὡς,
394 1973 478 2036 ἔνθα
506 1963 549 2036 ἀν
580 1959 601 2056 ᾖ
628 1965 669 2035 τὰ
696 1963 789 2053 πάθη
816 1969 874 2054 τῆς
901 1971 1022 2054 ψυχῆς,
1051 1966 1199 2034 ἐνταῦθά
1223 1968 1290 2034 έστι

146 2075 196 2140 καί
222 2071 259 2140 τὸ
283 2073 507 2162 λογιζόμενον.
547 2072 740 2160 Χρύσιππος
762 2071 823 2158 μὲν
847 2065 909 2140 οὖν
932 2071 982 2141 ἀεὶ
1006 2077 1166 2152 τοιοῦτος.
1211 2071 1291 2142 ὅδὲ
1307 2087 1331 2128 ¹⁵
1405 2123 1407 2128 -

148 2179 306 2263 Πλάτων,
334 2179 445 2268 ἐπειδὴ
479 2179 651 2267 διώρισται
684 2181 721 2248 έν
752 2181 791 2270 τῇ
824 2181 1098 2270 προγεγραμμένη
1132 2179 1224 2270 ῥήσει
1252 2181 1289 2250 τὸ

183 2311 358 2318 -.....-.-,...,-

174 2355 425 2448 1ἀμφισβητίτως
444 2359 533 2412 M.—
554 2359 626 2413 'itui
646 2357 698 2444 μὶν
717 2359 805 2412 Μ.-
774 2351 949 2446 -8ἢρτο
968 2358 1110 2422 είςΙι.-
1077 2355 1292 2428 -ἀνθριύπωτ

147 2427 214 2486 etot
240 2425 459 2498 ἐπιχειρούντων
481 2429 561 2484 codd
585 2430 648 2484 edd.
676 2424 841 2514 civdppiuorc
864 2425 932 2484 ούδλ
957 2425 1148 2500 ίπιχειροῐιοιν
1168 2449 1230 2496 τοις
1256 2431 1290 2486 os.

146 2503 230 2557 Proll.
246 2521 281 2586 p.
302 2505 417 2556 les-
426 2496 572 2586 θμόνων
590 2493 631 2555 civ
653 2518 745 2570 prop
747 2495 815 2556 όνον
839 2497 996 2556 uiola.—
1024 2508 1056 2557 10
1074 2501 1176 2585 πρέπει
1196 2503 1232 2558 M.
1256 2533 1291 2542 -

148 2581 177 2627 11
199 2569 293 2658 δροίμμ
295 2593 313 2626 οι
333 2572 366 2626 M
380 2567 474 2642 δράμοι
493 2572 634 2626 LAB—
601 2567 835 2656 -κοομούντων
853 2573 933 2628 codd.
948 2573 1010 2628 edd
1030 2573 1164 2644 κοσμοῦσι
1183 2591 1241 2628 nos.
1257 2605 1290 2613 -

147 2651 180 2698 16
199 2593 344 2772 διώρισται
362 2643 442 2700 οοδδ.
462 2644 538 2712 edd.;
558 2643 675 2698 fortusse
694 2637 825 2713 σιάριτεν
843 2643 1000 2714 legendum.
1021 2677 1053 2684 -

147 2825 188 2892 ad
223 2849 290 2890 rem
322 2825 402 2892 illud
437 2828 500 2908 est,
536 2825 622 2908 quod
654 2826 841 2891 conclusum
877 2826 1001 2892 nullam
1038 2828 1291 2894 controversiam

147 2933 276 3018 recipit,
303 2955 367 2998 non
391 2933 533 2996 eiusdem
556 2933 723 2998 faeidtatis
747 2955 817 2997 esse
845 2933 1033 2998 ratiocinari
1061 2937 1095 2996 et
1122 2934 1212 2998 cibos
1241 2936 1292 2999 vel

146 3041 297 3126 potiones
320 3041 371 3104 vel
399 3063 450 3104 res
474 3062 627 3108 venereas
651 3039 891 3124 concupiscere,
918 3041 950 3106 id
978 3039 1064 3124 qnod
1088 3039 1291 3126 Chrysippus

145 3171 212 3214 unu
235 3170 307 3214 cum
331 3147 443 3213 multis
468 3145 587 3214 Stoicis
608 3147 719 3214 nescio
747 3169 811 3231 quo
835 3148 931 3214 modo
959 3147 1136 3234 ignoravit,
1160 3149 1229 3232 sed,
1256 3151 1292 3214 ut

146 3279 246 3341 supra
264 3277 390 3339 quoque
409 3253 485 3338 dixi,
507 3255 593 3338 quod
610 3255 816 3374 ignoratione
836 3256 1023 3340 committit,
1045 3254 1291 3322 condonandum

145 3367 207 3447 ost,
229 3365 264 3427 at
286 3363 366 3427 illud
389 3361 479 3426 nullo
499 3360 595 3427 modo
618 3361 714 3425 venia
731 3361 875 3446 dignum,
898 3363 1016 3447 quod'
1006 3385 1040 3428 m
1063 3385 1098 3426 re
1120 3365 1292 3429 tractanda

147 3469 227 3532 utleo
256 3471 433 3552 peccatu
413 3471 449 3532 t
472 3469 512 3532 ad
540 3467 622 3532 tanti
651 3467 772 3532 decreti
796 3470 1075 3534 confirmationem
1104 3493 1142 3534 ca
1170 3472 1293 3554 afferat,

145 3596 229 3658 quem
254 3575 424 3639 acomieis
444 3575 494 3639 vel
518 3575 653 3659 tragicis
673 3575 779 3658 poetis
803 3575 890 3640 dicta
910 3580 994 3660 sunt,
1006 3577 1215 3670 hominibus,
1237 3579 1292 3662 qui

146 3703 188 3744 ne
208 3685 366 3745 conantur
388 3682 517 3765 quidem
540 3681 715 3766 quidquam
733 3682 985 3749 demonstrando
1004 3685 1153 3768 probare,
1176 3685 1231 3750 sed
1255 3707 1293 3748 eo

145 3790 290 3870 tuntum,
321 3809 404 3871 quae
436 3788 518 3872 ipsis
549 3789 719 3854 convenire
749 3811 906 3873 personae
939 3791 973 3856 in
1005 3789 1118 3856 fabula
1147 3791 1292 3875 loquenti

145 3893 334 3977 videantur,
360 3897 477 3959 ornatu
501 3895 659 3960 orationis
683 3895 832 3962 adhibito
856 3899 1017 3982 explicare
1040 3897 1183 3981 student,
1210 3921 1292 3981 quae

145 4023 223 4066 voro
255 4023 274 4066 ο
307 3999 442 4068 Platone
476 4002 516 4066 ad
547 4001 643 4068 huius
672 4003 719 4068 rei
751 4003 1060 4070 demonstrationem
1094 4003 1181 4069 dicta
1208 4009 1292 4088 sunt,

143 4131 250 4194 neque
275 4113 506 4174 commemoret
528 4133 632 4195 neque
656 4111 796 4176 refutare
816 4115 959 4194 conetur,
982 4111 1037 4176 sed
1060 4115 1227 4196 tamquam
1251 4113 1292 4178 ab

144 4215 298 4282 omnibus
322 4238 511 4282 concessum
538 4217 618 4282 illud
645 4221 772 4302 promte
800 4221 921 4302 sumet,
949 4217 1005 4282 ubi
1034 4219 1168 4282 affectus
1192 4219 1292 4284 animi

144 4322 221 4406 sint,
245 4321 366 4388 ibidem
389 4327 516 4406 partem
540 4323 787 4390 ratiocinantem
811 4347 890 4389 esse.
935 4321 1138 4410 Chrysippus
1162 4325 1292 4409 quidem

145 4451 275 4514 semper
307 4429 383 4494 talis
416 4431 475 4493 cst
529 4429 576 4495 At
607 4429 707 4496 Plato
734 4431 790 4496 ubi
824 4430 857 4496 in
890 4431 1036 4497 oratioue
1065 4453 1164 4516 supro.
1191 4432 1292 4498 allata
