3212 5146
592 403 832 466 -611-

139 563 205 628 reia
237 556 382 628 ύπτικῶν
413 557 545 646 νεύρων
577 556 597 646 ἡ
631 555 714 646 ίιρχη
747 560 854 646 τρῆμα
882 556 1121 644 δυσθεώρητον
1153 561 1283 646 ἔχουσα.

140 665 245 754 θεοίση
274 666 311 734 δὲ
339 663 420 735 αὐτὸ
448 669 550 752 τριῶν
581 665 711 734 τούτων
738 665 1000 754 στοχασάμευος,
1033 664 1108 745 ἑνὸς
1129 665 1197 753 Ιμὲν
1223 669 1285 734 τοῦ

141 774 221 859 μέγα
244 772 281 842 τὸ
313 777 396 862 ζῷον
424 769 526 858 εἶναι,
555 773 714 860 δευτέρου
744 773 781 842 δὲ
807 778 869 842 τοῦ
892 775 1090 862 παραχρῆμα
1117 772 1197 860 μετὰ
1224 770 1285 840 τὸν

140 878 292 948 θάνατον
315 877 560 965 ύνατέμνεσθαι
583 879 638 946 καί
657 885 772 966 τρίτον
793 884 855 948 τοῦ
877 879 937 948 τὸν
955 881 1047 967 πέριξ
1071 874 1152 967 ἆίρα
1170 898 1313 965 φυτεία

141 985 202 1054 νὸν
234 984 329 1054 εἶναι.
389 983 448 1052 ἐὰν
485 983 548 1071 γὰρ
582 985 634 1053 ἐπὶ
666 985 798 1066 τούτοις
834 984 922 1054 οὕτω
955 985 1286 1074 παρεσκεναΙσμένοις
1295 999 1353 1056 614

140 1090 316 1182 γυμνοίσης
344 1093 535 1178 ἐπιτηδείως
561 1090 598 1159 τὸ
627 1093 729 1180 πέρας
755 1097 813 1180 τῆς
839 1099 966 1171 κοιλίας
993 1088 1128 1178 ἀφελὼν
1155 1088 1285 1158 ἅπαντα

139 1197 178 1264 τίι
205 1196 287 1266 κατὰ
318 1195 420 1284 αὐτῆς
448 1200 634 1284 ἐπικείμενα
662 1197 797 1286 στύματα
823 1200 925 1287 χωρὶς
951 1201 1012 1266 τοῦ
1043 1195 1224 1266 διασπάσαι
1251 1223 1285 1264 τε

140 1330 172 1371 τε
197 1305 252 1372 καί
275 1304 401 1373 erdem
423 1304 485 1391 τὴν
509 1309 650 1391 ἔκφυσιν
671 1308 732 1373 τοῦ
759 1305 900 1394 νεύρου,
927 1305 1035 1394 θεύση
1057 1303 1095 1372 τὸ
1119 1301 1201 1371 κατὰ
1224 1301 1287 1389 τὴν

141 1407 247 1498 ἀρχὴν
273 1408 380 1480 αὐτοῦ
408 1415 524 1499 τρῆμα.
575 1409 624 1479 ὅτι
652 1411 714 1499 μὲν
742 1404 806 1481 οὖν
838 1414 976 1500 φέρεταί
1003 1439 1034 1479 τι
1067 1413 1198 1497 πνεῦμα
1231 1407 1287 1475 διὰ

140 1520 206 1584 τῶν
229 1515 345 1604 πόρων
365 1517 495 1586 τούτων
519 1518 571 1584 ἐπὶ
593 1515 673 1597 τοὺς
699 1514 913 1606 ὀφθαλμούς,
941 1516 962 1605 ἦ
984 1543 1018 1586 τε
1041 1515 1226 1585 κατασκευί
1250 1535 1286 1583 σε
1302 1539 1328 1577 10

141 1622 289 1691 διδάσκει
312 1625 367 1692 καὶ
395 1625 529 1712 προσέτι
556 1623 593 1692 τὸ
622 1624 834 1704 κλεισθέντος
860 1624 922 1712 μὲν
949 1621 1061 1692 αὐτῶν
1090 1621 1165 1702 ἑνὸς
1192 1619 1287 1709 εὐρύ·

141 1739 260 1798 νεσθαι
283 1732 431 1816 θατέρου
448 1729 511 1819 τὴν
529 1730 646 1818 κόρην,
669 1726 888 1818 ἀνοιχθέντος
911 1731 948 1798 δὲ
966 1733 1165 1818 παραχρῆμα
1187 1729 1288 1797 πάλιν

141 1841 187 1915 είς
213 1833 250 1904 τὸ
279 1835 360 1904 κατὰ
390 1837 495 1924 φύσιν
526 1837 766 1924 ἐπανέρχεσθαι
794 1839 945 1925 μέγεθος.
990 1836 1041 1906 ὅτι
1068 1863 1103 1905 τε
1130 1836 1195 1924 γὰρ
1223 1831 1288 1902 ύπό

92 1981 108 2010 ι
141 1969 232 2022 τινος
260 1941 377 2023 οὐσίας
410 1945 661 2030 διατεινομένου
688 1947 749 2012 τοῦ
781 1946 979 2030 ῥαγοειδούς
1011 1947 1150 2031 χιτῶνος
1178 1944 1215 2010 ἐν
1242 1946 1287 2034 τῷ

140 2053 351 2137 πληροῦσθαι
374 2049 437 2138 τὴν
467 2055 568 2118 ἔνδον
596 2047 701 2117 αὐτοῦ
728 2049 842 2138 χώραν
865 2047 1050 2137 ἀναγκαῖόν
1078 2051 1168 2117 ἐστιν
1192 2045 1288 2134 εύρύ-
1303 2071 1328 2110 ιο

141 2165 260 2224 νεσθαι
283 2155 321 2224 τὸ
344 2156 426 2224 κατὰ
448 2155 511 2244 τὴν
539 2155 645 2244 κόρην
671 2159 778 2243 τρῆμα
809 2159 863 2225 καὶ
887 2156 995 2236 ἄλλως
1018 2152 1208 2244 ἀμήχανον,
1237 2153 1287 2222 ὅτι

140 2287 174 2330 τε
196 2261 233 2330 τὸ
257 2263 355 2350 τάχος
372 2267 430 2350 τῆς
448 2260 617 2341 κενοίσειός
639 2289 673 2330 τε
692 2263 747 2330 καὶ
765 2263 965 2351 πληρώσεως
983 2261 1044 2350 οὐχ
1066 2259 1176 2350 ὑγροῦ
1196 2288 1288 2340 τινος

176 2502 192 2550 2
212 2490 309 2550 αύτῶν
327 2495 364 2550 Μ.
389 2526 421 2534 -
446 2495 574 2562 δτρίτον
592 2493 628 2549 Μ,
648 2525 683 2534 -
709 2502 740 2550 16
759 2497 797 2570 τῷ
818 2527 850 2536 ·-
874 2491 993 2567 τρήματι
1012 2495 1091 2551 codd.
1116 2494 1178 2550 edd.
1202 2489 1233 2548 τδ
1254 2525 1286 2534 -

141 2567 232 2637 τρῆμα
251 2585 310 2626 nos.
330 2598 365 2608 -
383 2561 455 2620 κατὰ
475 2561 527 2634 τὴν
545 2565 589 2620 bis
607 2565 644 2620 M.
664 2599 697 2607 -

143 2799 199 2864 sed
223 2803 344 2864 sensim
367 2801 482 2866 retorti
510 2799 669 2865 desinunt.
715 2799 767 2865 Ad
793 2801 878 2867 hane
906 2801 1007 2887 igitur
1034 2801 1288 2868 ventriculorum

141 2908 381 2974 extremitatem
405 2928 587 2991 nervorum,
611 2907 665 2991 qui
690 2907 731 2971 ad
754 2909 860 2972 risum
883 2910 1045 2991 spectant,
1074 2909 1165 2993 origo
1189 2909 1288 2993 perti-

141 3017 198 3078 net
219 3013 367 3080 ioramen
387 3013 550 3098 quoddam
573 3014 654 3078 satis
678 3014 850 3079 obscurum
873 3013 1007 3079 habens.
1044 3013 1136 3090 Quod
1160 3016 1288 3100 eonspi·

142 3121 221 3205 cies,
245 3121 273 3184 si
296 3119 376 3186 haee
399 3124 464 3186 tria
487 3120 726 3186 observaveris:
754 3121 894 3206 primum
927 3125 964 3185 ut
987 3142 1143 3207 magnum
1166 3122 1288 3186 animal

142 3227 275 3310 habeas,
298 3227 412 3292 deinde
436 3229 473 3291 ut
497 3227 610 3292 statim
634 3231 866 3311 postmortem
890 3228 1041 3311 disseces,
1063 3232 1228 3313 postremo
1251 3235 1289 3294 ut

142 3337 199 3397 atr
221 3333 436 3398 circumfusus
460 3333 586 3398 lucidus
610 3335 662 3398 sit
698 3333 760 3398 His
783 3335 832 3399 ita
851 3336 1037 3400 constitutis
1062 3336 1090 3399 si
1114 3341 1190 3420 apte
1213 3358 1288 3400 ven·

141 3440 251 3506 trieuli
279 3439 519 3504 extremitatem
548 3439 725 3506 detraxeris
754 3441 816 3524 ita,
843 3444 881 3504 ut
909 3442 1019 3506 omnia
1050 3440 1100 3506 illi
1133 3442 1290 3525 imposita

142 3569 281 3631 corpora
309 3543 511 3630 auferantur,
538 3545 697 3612 modone
725 3546 898 3612 divellatur
924 3547 976 3611 vel
1003 3547 1175 3632 frangetur
1197 3549 1289 3612 nervi
1374 3625 1381 3646 .

142 3655 287 3737 exortus,
315 3652 462 3718 foramen
489 3653 580 3717 iuxta
607 3651 703 3718 huius
735 3653 866 3718 initium
895 3654 1067 3738 spectabis.
1118 3653 1181 3718 Per
1208 3677 1288 3740 quos

143 3763 271 3823 meatus
301 3758 452 3843 spiritum
481 3759 641 3844 quendam
664 3759 705 3823 ad
733 3761 844 3824 oeulos
871 3761 1040 3826 transvehi
1068 3783 1140 3826 eum
1164 3761 1290 3827 fabrica

141 3866 222 3949 ipsa'
239 3871 272 3930 te
291 3866 395 3948 docet,
418 3869 498 3948 tum,
521 3865 615 3950 quod,
638 3865 667 3929 si
686 3866 814 3930 elausus
835 3869 885 3930 est
908 3867 992 3930 alter
1010 3867 1132 3951 oculus,
1155 3868 1289 3932 alterius

141 3972 270 4056 pupilla
301 3972 470 4055 dilatatur,
509 3972 537 4036 si
570 3975 716 4056 apertus,
753 3972 865 4037 statim
897 3995 1008 4038 rursus
1041 3975 1075 4038 in
1106 3975 1289 4038 naturalem

142 4077 402 4162 magnitudinem
429 4078 520 4143 redit.
570 4077 710 4143 Necesse
739 4077 826 4143 enim
859 4100 941 4162 esse,
974 4083 1023 4162 ut,
1051 4101 1124 4144 eum
1157 4081 1290 4144 seinosa

142 4184 257 4248 tunica
280 4184 321 4248 ab
346 4184 456 4268 aliqua
480 4185 664 4250 substantia
687 4184 895 4271 distenditur,
923 4186 1076 4251 interiore
1104 4187 1289 4269 partasius

142 4291 269 4374 repleta
295 4291 444 4356 foramen
470 4293 614 4376 pupillae
646 4292 813 4376 dilatetur,
844 4293 940 4376 idque
957 4293 1060 4359 ‚nullo
1094 4291 1159 4356 alio
1193 4291 1289 4357 modo

142 4397 215 4462 fieri
239 4419 344 4482 posse,
368 4399 446 4463 item
470 4399 700 4464 exinanitionis
722 4399 975 4484 repletionisque
993 4399 1200 4464 velocitatem
1224 4421 1290 4464 non

1024 4503 1076 4560 39⁸
