3228 5148
588 447 629 457 -
677 411 740 474 143
787 425 836 458 -“

133 573 250 650 μελζον
270 571 274 655 Ι
295 568 500 654 ἐκφαίνεται,
531 565 569 634 τὸ
593 566 674 654 μήτε
699 565 763 653 τὴν
788 570 932 652 καρδίαν
953 568 1015 633 τοῦ
1043 564 1228 651 ἐγκεφάλου
1254 591 1285 632 τι
1296 584 1349 640 187

132 676 358 760 προσδεῖσθαι
386 673 470 759 πρὸς
500 671 563 760 τὴν
590 677 717 740 οἰκείαν
744 679 878 758 κίνησιν
905 671 985 759 μήτε
1012 669 1073 740 τὸν
1101 671 1285 757 ἐγκέφαλον

133 781 195 864 τῆς
222 782 370 866 καρδίας.
424 777 465 848 ού
497 778 565 866 μὴν
596 777 720 846 τούτου
752 805 788 864 γε
816 780 928 848 ἕνεκεν
956 776 1189 866 ἐμνημόνευσα
1217 782 1286 846 τῶν

134 886 173 952 ἐκ
196 889 255 972 τῆς
277 881 445 972 ἀνατομῆς
468 886 696 972 φαινομένων,
719 883 802 953 ἀλλά
830 883 919 964 ὅπως
943 886 1139 972 ἐπιδείξαιμι
1161 882 1198 952 τὸ
1223 898 1285 964 ψυ-

133 989 234 1078 χικὸν
256 995 386 1080 πνεῦμα
408 989 490 1059 κατὰ
513 990 572 1071 τάς
593 996 654 1060 τοῦ
678 992 862 1079 ἐγκεφάλου
884 998 1012 1071 κοιλίας
1033 989 1311 1079 περιεχόμενονι

134 1103 225 1165 ἔνθα
252 1101 318 1166 νῦν
344 1099 399 1166 καί
426 1097 568 1186 μάλιστα
599 1106 795 1187 μεμψαίμην
822 1094 865 1167 ἀν
898 1097 960 1167 τὸν
988 1097 1202 1186 Χρύσιππον,
1235 1092 1285 1164 ὅτι

133 1204 344 1292 βουλόμενος
367 1207 540 1294 εἰλικρινές
566 1233 598 1274 τι
625 1207 679 1274 καί
701 1205 857 1295 καθαρὸν
880 1204 966 1275 εἶναι
989 1209 1119 1292 πνεῦμα
1141 1201 1179 1271 τὸ
1203 1200 1286 1271 κατὰ

134 1309 202 1398 τὴν
223 1308 331 1398 ἀρχὴν
352 1315 411 1399 τῆς
433 1316 540 1401 loigsig
569 1310 625 1398 [ού
646 1312 894 1402 προσηκόντως]
924 1314 961 1381 έν
983 1316 1023 1402 τῇ
1046 1316 1166 1401 καρδίᾳ
1189 1317 1286 1378 καθί-
1371 1325 1376 1332 ’

136 1421 265 1503 δρνσεν
288 1415 380 1487 αύτό.
424 1427 532 1488 καίτοι
557 1418 755 1509 Χρύσιππον
782 1419 844 1507 μὲν
867 1418 910 1486 ἀν
939 1445 989 1499 τις
1011 1416 1207 1499 ἀποδέξαιτο
1231 1443 1286 1505 με-

134 1529 238 1612 τρίως
260 1522 538 1614 ἀποφηνάμενον,
562 1524 644 1614 μήθ’
671 1525 812 1596 ὅτιτῶν
836 1525 968 1614 νεύρων
991 1524 1075 1615 ἀρχὴ
1104 1521 1125 1613 ἡ
1153 1529 1325 1613 καρδία,ιο

134 1629 201 1717 τὴν
215 1635 341 1716 γνῶσιν
356 1629 445 1725 αύτῷ
459 1641 650 1722 χαρίζεσθαι
665 1632 745 1721 μήτε
760 1631 842 1702 ἀλλο
855 1633 962 1721 μηδὲν
975 1637 1042 1702 τῶν
1056 1631 1138 1702 κατὰ
1152 1630 1189 1700 τὸ
1204 1629 1284 1719 πρό-

135 1741 248 1824 βλημα
275 1742 373 1806 τοῦτο
403 1741 625 1828 ζητουμένων·
654 1739 812 1829 ὁμολογεῖ
840 1739 905 1829 γὰρ
933 1737 1076 1829 ἀπείρως
1103 1744 1200 1826 ἔχειν
1217 1741 1285 1806 τῶν

137 1839 332 1931 ἀνατομῶν·
360 1843 575 1933 Ἀριστοτέλει
603 1849 643 1915 δέ
667 1848 782 1934 γεκαὶ
806 1846 1009 1938 Πραξαγόρα
1036 1843 1125 1936 παρὰ
1148 1844 1185 1914 τὸ
1209 1871 1285 1932 φαι-

136 1948 287 2036 νόμενον
310 1948 595 2041 ἀποφαινομένοις
622 1952 729 2042 ἀρχὴν
755 1957 824 2022 τῶν
846 1954 978 2041 νεύρων
1006 1951 1092 2022 εἶναι
1118 1951 1181 2040 τὴν
1207 1977 1285 2040 καρ-

137 2060 218 2124 δίαν
242 2058 447 2144 ἐγκαλέσειεν
474 2057 518 2129 ἀν
543 2089 594 2142 τις
617 2066 762 2142 δικαίως.
807 2059 858 2131 ὅτι
884 2061 947 2149 μὲν
973 2059 1037 2150 νάρ
1065 2059 1148 2128 ἀλλα
1177 2058 1283 2128 πολλά
1300 2082 1325 2122 ιι

136 2165 207 2230 τῶν
234 2164 317 2232 κατὰ
343 2165 402 2246 τὰς
429 2164 598 2256 ἀνατομάς
625 2167 769 2257 ἀκριβῶς
797 2165 998 2257 ἑωράκασιν,
1026 2169 1059 2249 ἐξ
1087 2159 1137 2236 ὦν
1158 2163 1285 2235 ὑπελεί-

176 2363 261 2416 1τού
276 2317 352 2418 ante.
362 2359 523 2433 ἐγκεφάλου
546 2381 597 2420 nos
619 2365 797 2432 inseruimus3
821 2365 856 2421 ci.
879 2365 964 2419 Proll.
989 2383 1017 2434 p.
1038 2371 1151 2420 106.-
1174 2357 1286 2425 2τινδς

137 2435 255 2518 deiqllcs
279 2433 299 2490 O
323 2437 389 2489 cett.
417 2455 444 2490 τι
466 2439 656 2505 προσδεῖσθαι
678 2453 791 2491 nos.—
816 2443 831 2491 6
855 2437 1022 2507 μεμψαίμην
1045 2430 1095 2489 τδν
1118 2433 1139 2488 C
1163 2433 1221 2489 Oai.
1245 2433 1286 2488 ch

136 2523 172 2588 μ.
185 2497 265 2560 ἀντ.
284 2505 371 2560 Κ.-
392 2505 575 2575 7είλικρινὲς
594 2508 619 2561 τί
639 2505 659 2560 C
679 2505 736 2562 Oai.
757 2499 831 2562 είλικ
829 2508 904 2595 ρινές
923 2527 949 2561 τι
968 2505 1070 2562 (316-
1094 2501 1163 2562 8ού
1182 2524 1286 2574 προση-

137 2569 245 2638 κόντως
264 2576 343 2630 uncis
361 2577 586 2634 inclusimusf
608 2585 641 2632 10
661 2572 698 2640 ἀς
716 2529 870 2666 εολεμή6’
886 2579 1054 2646 delevimus·
1075 2577 1108 2631 cf.
1124 2577 1208 2632 Proll.
1226 2583 1284 2632 114.

139 2653 226 2702 -16
245 2642 403 2718 ἀκριβῶς
388 2645 547 2717 εωράκασιν
567 2643 624 2704 0
605 2670 633 2704 α.
653 2643 748 2720 ovile.
768 2648 825 2704 cai.
845 2649 885 2704 ch
903 2650 942 2715 K3
961 2649 996 2705 of.
1016 2649 1100 2704 Proll.
1120 2668 1146 2719 p.
1166 2655 1209 2702 45.

138 2835 178 2876 ex
201 2811 254 2876 his
278 2812 365 2877 aliud
387 2811 541 2897 quiddam
564 2812 669 2878 maius
693 2813 792 2878 etiam
816 2809 930 2898 elucet,
952 2834 1055 2898 nequa
1079 2833 1143 2896 cor,
1166 2815 1203 2877 ut
1226 2834 1284 2877 suo

137 2923 231 2986 motu
246 2920 398 3006 agitetur,
419 2921 549 2985 cerebro
567 2941 671 3005 neque
686 2919 854 2985 cerebrum
873 2921 967 2986 corde
983 2920 1115 2986 omnino
1130 2919 1286 3004 indigere.

137 3025 201 3092 Sed
224 3049 291 3092 non
312 3027 375 3092 hac
398 3027 436 3091 de
461 3049 559 3092 causa
582 3049 633 3110 ea,
656 3049 737 3113 quae
761 3049 800 3092 ex
827 3028 939 3093 incisis
967 3028 1159 3111 corporibus
1187 3047 1285 3110 appa-

137 3137 220 3217 rent,
244 3134 506 3219 commemoravi,
528 3155 640 3198 verum
662 3138 699 3198 ut
718 3134 973 3200 demonstrarem
993 3133 1167 3198 animalem
1191 3132 1285 3215 spiri-

136 3243 209 3306 tum
223 3241 258 3304 in
272 3241 395 3306 cerebri
413 3240 602 3306 ventriculis
623 3241 789 3307 contineri.
827 3240 898 3317 Qua
916 3263 1054 3305 renunc
1073 3239 1124 3304 vel
1145 3239 1285 3302 maxime

136 3345 400 3430 reprehenderim
425 3345 655 3432 Chrysippum,
678 3347 772 3432 quod,
795 3370 868 3412 cum
891 3349 1052 3413 sincerum
1075 3345 1228 3431 quiddam
1252 3349 1285 3408 et

137 3475 257 3537 purum
281 3475 352 3518 esse
380 3454 532 3537 spiritum
560 3455 672 3538 vellet,
698 3455 753 3539 qui
784 3458 870 3540 esset
897 3454 932 3519 in
959 3452 1135 3539 principali
1158 3451 1286 3516 animae

137 3559 221 3644 loco,
243 3583 317 3624 eum
330 3561 366 3626 in
380 3561 475 3626 corde
501 3563 579 3642 [non
598 3562 839 3642 convenienter]
862 3561 1045 3627 collocavit.
1082 3559 1285 3643 Quamquam

136 3666 193 3730 ille
221 3667 352 3751 quidem
380 3667 459 3731 ferri
486 3671 610 3753 potest,
641 3668 696 3752 qui
724 3668 868 3734 modeste
900 3666 1124 3752 pronuntiarit
1154 3687 1222 3732 non
1252 3667 1285 3731 id

138 3774 203 3838 sibi
227 3795 369 3858 sumere,
396 3777 432 3838 ut
455 3797 511 3840 cor
536 3797 711 3841 nervorum
739 3796 809 3840 esse
837 3774 997 3860 originem
1025 3777 1083 3838 aut
1109 3773 1285 3859 quidquam

137 3881 240 3964 eliud,
268 3881 354 3966 quod
381 3881 417 3946 in
443 3881 528 3947 hano
557 3882 779 3968 quaestionem
807 3880 946 3964 veniret,
974 3885 1197 3967 cognosceret3
1225 3881 1284 3946 im-

136 3988 281 4070 peritum
312 3988 399 4054 enim
431 3989 513 4054 artis
544 3989 706 4055 incidendi
739 4009 876 4073 corpora
912 4009 946 4052 se
979 4011 1050 4054 esse
1081 3988 1218 4072 fatetur3
1251 3991 1286 4051 at

138 4093 313 4160 Aristoteli
345 4099 378 4160 et
411 4095 615 4182 Praxagorae
647 4096 764 4162 merito
796 4096 868 4180 quis
903 4096 984 4161 vitio
1017 4095 1165 4178 verterit,
1199 4091 1285 4177 quod

137 4205 253 4266 oontm
281 4199 329 4287 id,
360 4202 447 4288 quod
478 4201 609 4268 evidens
642 4207 705 4286 est,
737 4221 793 4267 cor
821 4224 994 4268 nervorum
1022 4223 1093 4266 esse
1124 4200 1285 4285 originem

137 4309 361 4392 pronuntiant
400 4308 489 4376 Nam
512 4309 579 4374 alia
601 4309 714 4393 multa,
736 4330 819 4394 quse
843 4309 883 4373 ad
903 4307 1104 4373 anatomiam
1127 4309 1286 4392 spectant,

137 4413 314 4500 diligenter
328 4437 383 4482 eos
403 4415 616 4501 perspexisse,
635 4415 829 4500 exscriptis,
846 4435 929 4500 quae
942 4412 1152 4497 reliquerim,
1170 4433 1286 4499 cogno-
