3246 5148
769 387 986 450 ...42-

382 547 510 612 'Omnes
528 545 591 611 hae
606 548 821 612 correctiones
841 571 1037 633 quamquam
1054 549 1243 634 plerumque
1263 550 1460 634 probandae

304 658 379 719 simt
410 657 443 719 et
474 677 495 718 a
524 655 760 739 posterioribus
792 655 971 720 editoribus
1001 657 1119 722 merito
1147 661 1309 740 receptae,
1340 663 1459 721 tamen

302 784 436 826 numero
464 761 632 845 pauciores
656 765 733 826 sunt
757 785 854 846 quam
877 766 914 826 ut
937 763 1135 846 perpolitum
1159 767 1192 828 et
1213 770 1458 850 perpurgatum

303 893 322 932 a
343 868 586 933 Basileensibus
610 870 735 936 textum
758 891 829 933 esse
852 870 941 933 dicas
965 891 1065 953 eoque
1093 870 1213 950 minus,
1242 871 1327 954 quod
1352 872 1457 935 iidem

301 977 395 1040 novis
414 976 539 1039 mendis
559 997 631 1040 enm
655 976 915 1059 deturpaverunt.
951 976 1066 1059 ltaque
1089 977 1258 1060 perpensis
1282 978 1459 1062 utriusque

301 1083 452 1147 editionis
471 1084 562 1146 vitiis
580 1083 820 1167 virtutibusque
839 1106 904 1148 non
923 1083 1061 1146 multum
1081 1083 1208 1147 differre
1226 1083 1457 1148 Basileensem

302 1189 343 1253 ab
367 1189 488 1253 Aldina
510 1189 670 1253 iudicabis
694 1193 726 1252 et
749 1191 885 1254 alteram
905 1191 998 1274 quasi
1021 1189 1197 1254 editionem
1222 1191 1290 1254 eius
1314 1192 1455 1275 paululo

302 1295 555 1360 emendatiorem
587 1296 656 1359 iure
693 1297 883 1380 appellabis.
937 1295 1105 1360 Permulta
1141 1296 1242 1380 igitur
1276 1299 1457 1362 reficienda

302 1403 501 1486 reliquerunt
532 1399 716 1487 Obarterio,
753 1405 807 1487 qui
840 1404 1001 1488 quomodo
1038 1403 1085 1465 rei
1118 1402 1328 1487 satisfecerit,
1364 1427 1456 1470 nune

302 1508 478 1571 videamus.
1178 1575 1181 1580 .

391 1613 570 1679 Clmrtcrius
593 1617 626 1679 in
646 1616 775 1680 edendis
798 1617 891 1681 libris
915 1617 953 1680 de
973 1617 1107 1682 Placitis
1131 1639 1197 1681 non
1220 1617 1326 1702 magis
1351 1641 1454 1703 quam

302 1722 506 1786 Basileenses
521 1721 685 1787 codicibus
700 1747 777 1788 usus
791 1728 853 1808 est3
873 1726 977 1790 solum
991 1723 1237 1788 fundamentum
1251 1726 1453 1792 recensionis

302 1829 477 1895 editionem
491 1829 711 1895 Basileensem
726 1831 851 1916 habuit,
868 1831 932 1896 nisi
947 1832 1032 1915 qnod
1046 1831 1123 1895 libri
1138 1830 1235 1915 primi
1253 1830 1453 1916 fragmenta,

303 1958 384 2019 quae
415 1933 513 2000 Caius
543 1958 560 1999 e
591 1938 713 2019 codice,
743 1940 798 2023 qui
827 1961 912 2003 nunc
939 1935 1171 2022 Cantabrigiae
1201 1941 1264 2020 est,
1295 1938 1452 2020 ediderat,

302 2043 437 2108 editioni
461 2066 537 2107 suae
561 2043 687 2108 adiecit.
730 2044 846 2128 Itaque
871 2045 1061 2127 priusquam
1085 2042 1248 2108 Charterii
1273 2043 1451 2109 editionem

303 2150 535 2234 examinemus
557 2151 712 2215 nonnulla
736 2153 774 2216 de
798 2149 870 2215 Gaii
892 2149 977 2215 libro
1001 2150 1135 2215 dicenda
1159 2154 1242 2214 sunt.

391 2255 502 2340 Caius,
530 2258 673 2322 medicus
696 2254 934 2342 Brinmus“)‚
962 2257 1088 2320 rediens
1117 2280 1156 2320 ex
1181 2256 1280 2321 Italia
1309 2280 1393 2322 anno
1417 2280 1450 2342 p.

302 2361 360 2427 Ch.
392 2387 422 2428 n.
457 2364 543 2428 1544
575 2365 723 2428 Basileae
755 2366 901 2430 libellum
934 2364 1047 2447 edidit,
1083 2365 1139 2448 qui
1170 2364 1359 2428 inscribitur
1391 2364 1450 2430 ‘Gt

303 2469 418 2535 Galat
443 2473 628 2536 nobilissimi
653 2475 762 2536 veredici
789 2473 862 2536 libri
887 2472 1006 2553 aliquot
1028 2473 1131 2553 praeci
1158 2472 1277 2553 partim
1304 2471 1451 2536 hactenns

301 2581 458 2655 nemausi,
481 2581 601 2659 portior
628 2599 649 2641 a
676 2582 793 2643 ciendis
819 2580 929 2661 quibem
955 2579 1109 2642 scatebunt
1135 2579 1307 2642 interraneis
1334 2580 1378 2642 od
1401 2600 1449 2643 ee-

302 2686 483 2748 tustissimos
510 2687 622 2749 codices
648 2688 806 2767 rrpurpati
832 2691 861 2749 et
886 2684 1058 2768 inteprituti
1083 2706 1158 2749 sune
1188 2686 1323 2748 restituti
1349 2707 1448 2749 unno-

302 2791 526 2871 tutiorr-ibosque
548 2792 698 2855 illustrati
719 2793 950 2875 perlationem
974 2791 1085 2856 (leison
1109 2791 1317 2870 Britannum,
1344 2794 1448 2857 Medi·

302 2894 392 2960 cum?
436 2896 475 2961 In
497 2897 591 2962 libris
615 2897 784 2963 ‘hactenus
806 2921 872 2963 non
895 2898 986 2962 visis'
1011 2902 1060 2962 est
1083 2897 1209 2962 ‘Galerii
1232 2899 1306 2962 liber
1322 2901 1448 2982 pamas

301 3000 388 3087 περὶ
410 3003 487 3068 τῶν
504 2998 783 3089 Ἱπποκράτους
805 3003 867 3069 καὶ
888 3002 1100 3080 Πλάτωνος
1123 3001 1331 3088 δογμάτων
1349 3005 1448 3070 Grue-

301 3131 355 3175 cus
380 3110 446 3174 οάνν
469 3113 610 3193 priorum
636 3114 777 3177 inuentus
803 3117 831 3174 et
853 3133 911 3194 per
938 3111 1089 3175 Ioannem
1116 3111 1228 3176 Guium
1255 3113 1447 3176 inlaturum

299 3239 468 3282 sermonem
495 3239 611 3297 vesus,
640 3220 729 3283 cuius
758 3219 834 3283 libri
863 3218 1045 3300 exemplum
1072 3219 1173 3281 fuisse
1200 3219 1358 3302 codicem,
1391 3221 1446 3303 qui

300 3347 385 3389 nunc
409 3322 641 3410 Cantabrigiae
665 3329 715 3388 est
739 3327 820 3411 sign.
843 3325 906 3390 Nc.
929 3326 971 3390 47
996 3322 1063 3408 (sl),
1090 3324 1202 3409 Progr.
1225 3330 1327 3389 nostr.
1349 3324 1380 3408 I,
1406 3326 1444 3389 11

300 3430 603 3496 demonstravimus.
649 3430 833 3517 Congruere
858 3432 943 3495 enim
968 3431 1106 3494 diximus
1130 3431 1260 3494 initium
1283 3430 1446 3516 fragmen-

299 3537 340 3618 ti,
363 3538 427 3601 nisi
451 3540 535 3621 quod
559 3541 657 3605 codex
682 3562 701 3602 a.
724 3540 831 3602 verbis
855 3533 891 3601 τὸ
916 3533 1053 3620 πάμπαν
1076 3530 1159 3600 ἀλλὰ
1181 3529 1352 3616 κάκείνου,
1373 3535 1447 3602 Caii

299 3642 383 3707 liber
407 3667 425 3707 a
449 3647 555 3710 verbis
579 3641 662 3712 ἀλλὰ
685 3640 841 3709 κάκείνου
865 3644 1034 3727 inciperet,
1056 3644 1147 3707 nulla
1170 3644 1296 3707 scilicet
1318 3644 1384 3707 alia
1407 3643 1446 3707 de

301 3773 412 3832 eausa,
439 3752 503 3815 nisi
531 3758 567 3817 ut
594 3754 725 3817 initium
754 3775 791 3816 ex
819 3752 906 3815 iusto
931 3750 1098 3814 enuntiato
1127 3753 1304 3834 constaret;
1332 3749 1446 3814 deinde

299 3860 376 3942 post
397 3857 518 3922 librum
541 3860 681 3942 primum
706 3858 797 3942 sequi
821 3857 906 3940 apud
929 3855 1045 3920 Gaium
1069 3853 1112 3941 (p.
1139 3855 1193 3942 17)
1219 3859 1445 3940 argumentum

300 3985 452 4049 graecum
470 3964 548 4028 libri
567 3967 697 4029 secundi
717 3965 832 4029 iisdem
850 3986 982 4049 prorsus
1001 3964 1122 4046 verbis,
1146 3964 1262 4047 quibus
1283 3964 1317 4027 in
1337 3963 1446 4027 codice

301 4069 576 4154 Cantabrigiensi3
609 4069 672 4133 huc
706 4072 854 4134 accedere
885 4071 1042 4135 lectiones
1073 4071 1176 4153 ipsas,
1213 4091 1295 4153 quae
1332 4070 1446 4153 paucis

386 4229 406 4294 ⁴)
426 4229 466 4282 De
485 4227 543 4282 vita
568 4225 626 4281 eius
649 4227 682 4282 cf.
706 4229 876 4296 Progrcmm.
900 4229 984 4281 nostr.
1008 4225 1033 4293 1,
1058 4233 1088 4280 11
1113 4226 1175 4280 adn.
1200 4233 1229 4290 83
1252 4225 1368 4292 Haeser,
1393 4224 1445 4280 Ge·

300 4314 423 4370 schiehte
446 4317 496 4371 der
521 4315 641 4370 Medicin
664 4323 694 4381 ἐξ
718 4323 777 4370 315.
801 4322 865 4380 31e;
890 4315 1006 4369 Conrad.
1031 4315 1112 4369 Geso.
1143 4315 1173 4367 in
1195 4314 1285 4369 Praei.
1315 4313 1445 4368 editionis

301 4403 399 4457 (taleni
419 4405 607 4460 Frobenianae
627 4405 725 4460 tertiae
745 4405 827 4458 Busil.
846 4402 985 4457 MDLXII.
