3298 5136
632 419 872 482 -213-

174 568 237 642 οὖν
253 573 374 660 Ζήνων
388 582 451 642 είτε
466 572 558 643 άκων
572 583 635 642 εἴτε
651 571 736 642 ἑκὼν
755 572 879 661 άσαφεῑ
894 579 934 663 τῇ
955 575 1037 656 λέξει
1053 574 1259 661 χρησάμενος
1278 581 1324 656 είς

172 680 210 748 τὸ
229 682 388 766 τέταρτον
406 678 496 760 εἶδος
516 683 701 767 ἐμπέπτωκε
716 686 784 750 τῶν
803 681 994 769 λημμάτων,
1013 678 1030 748 ὁ
1048 683 1213 768 Διογένης
1232 681 1269 748 δὲ
1284 682 1323 749 τὰ

173 786 278 855 πολλά
294 784 356 873 μὲν
370 791 417 866 είς
429 785 467 854 τὸ
487 785 658 875 δεύτερον,
677 786 761 868 άπαξ
775 789 815 855 δέ
826 814 893 856 που
907 789 960 856 καὶ
976 785 1076 867 αὐτὸς
1094 794 1141 868 είς
1154 786 1191 856 τὸ
1211 790 1322 874 τέταρ-

173 920 242 962 τον.
278 891 361 962 ὅταν
384 890 527 980 μὲνγὰρ
549 893 627 982 λέγη
651 893 747 962 εὅθεν
771 896 965 982 ἐκπέμπεται
988 891 1008 981 ἡ
1028 893 1126 982 φωνή
1134 896 1143 924 ’
1167 896 1221 962 καλ
1240 893 1322 962 ὅταν

175 997 209 1087 ‘ip
229 999 266 1067 di
290 997 387 1086 φωνὴ
411 996 527 1068 οὐκέκ
549 1002 617 1068 τῶν
635 999 717 1068 κατά
740 1000 802 1088 τὴν
820 999 968 1089 κεφαλὴν
985 1000 1098 1070 τόπων
1117 1001 1321 1087 ἐκπέμπεται,
1342 1023 1354 1060 ⁵

173 1102 257 1174 ἄλλά
280 1109 434 1193 φανερῶς
462 1107 497 1174 ἐκ
523 1109 592 1174 τῶν
619 1106 773 1176 κάτωθεν
796 1110 952 1195 μάλλον’,
981 1111 986 1196 Ι
1016 1109 1051 1175 ἐκ
1073 1110 1136 1175 τοῦ
1162 1108 1387 1196 δευτέρονεοε

173 1215 291 1301 γένους
322 1217 391 1281 τῶν
423 1211 683 1301 ἐπιχειρημάτων
715 1219 831 1304 χρῆται
863 1229 932 1293 τοῖς
964 1214 1146 1302 λήμμασιν·
1179 1211 1261 1282 όταν
1284 1214 1320 1281 δὲ

172 1326 219 1410 φῇ
242 1319 303 1388 τὸν
326 1318 432 1406 λόγον
455 1316 519 1387 άπὸ
545 1324 697 1401 διανοίας
720 1323 953 1409 ἐκπέμπεσθαι,
978 1323 1057 1390 δέον
1080 1319 1145 1390 ὑπὸ
1170 1326 1322 1400 διανοίας

172 1427 294 1514 φάναι,
322 1430 367 1518 τῷ
395 1423 537 1516 τετάρτω
565 1430 682 1514 χρῆται
710 1430 798 1514 γένει
821 1433 889 1497 τῶν
917 1428 1187 1516 ἐπιχειρημάτων.
1237 1425 1254 1495 6
1284 1427 1321 1494 δέ

173 1539 304 1621 ἔλεγχος
333 1534 387 1600 καλ
410 1536 478 1600 τῶν
505 1532 627 1600 τούτου
650 1531 855 1619 σφαλμάτων
882 1533 899 1602 δ
924 1533 1025 1616 αὐτὸς
1045 1539 1091 1627 τῷ
1114 1560 1320 1624 προγεγραμ-
1336 1557 1361 1596 10

172 1643 261 1731 μένω
289 1638 371 1708 κατὰ
398 1637 459 1708 τὸν
486 1642 546 1707 τοῦ
575 1639 734 1726 Ζήνωνος
761 1639 873 1726 λόγον.
923 1639 1010 1712 οὕτω
1039 1641 1075 1708 δέ
1102 1643 1158 1710 καλ
1185 1639 1204 1709 ὁ
1232 1639 1320 1727 Χρό-

173 1768 293 1826 σιππος
323 1746 457 1814 ἐπειδάν
489 1746 550 1833 μὲν
583 1748 661 1836 λέγη
695 1747 764 1814 εκαὶ
799 1748 831 1827 ἐξ
865 1739 906 1815 οὗ
933 1745 950 1816 6
985 1747 1084 1834 λόγος
1115 1749 1320 1834 ἐκπέμπεται,

173 1855 280 1922 ἐκεῖνο
309 1851 394 1920 εἶναι
426 1851 464 1920 τὸ
493 1857 650 1942 κυριεῦον
678 1858 736 1940 τῆς
770 1857 878 1941 ψυχῆς
903 1855 1034 1942 μέρος’,
1067 1852 1319 1942 άντιληψόμεθα

171 1963 233 2028 τοῦ
256 1958 360 2045 λόγον
382 1960 438 2026 καὶ
461 1958 624 2048 φήσομεν,
648 1957 708 2047 ὑφ’
735 1952 776 2028 οὗ
799 1959 862 2047 μὲν
884 1958 902 2029 ὁ
927 1960 1025 2047 λόγος
1048 1962 1258 2048 ἐκπέμπεται,
1280 1960 1317 2029 τὸ

172 2069 330 2155 κυριεῦον
362 2063 539 2152 ὑπάρχειν,
567 2063 609 2134 οὐ
636 2065 705 2154 μὴν
731 2068 764 2147 ἐξ
793 2059 834 2134 οὗ
860 2093 907 2153 γε.
956 2065 1038 2134 κατά
1067 2067 1103 2136 δέ
1130 2066 1191 2134 τὸν
1214 2065 1318 2136 αὐτὸν
1334 2092 1359 2128 15»

171 2171 296 2259 τρόπον
319 2169 480 2240 κάπειδάν
503 2182 576 2261 είπη
602 2171 655 2240 (τὸ
680 2171 743 2260 γάρ
768 2171 864 2256 ὅλον,
893 2171 977 2240 ὅθεν
1000 2169 1017 2240 ὁ
1042 2173 1141 2259 λόγος
1165 2176 1318 2261 ἐκπέμπε-

172 2305 239 2360 ται,
268 2280 370 2346 ἐκεῖσε
403 2284 457 2347 det
486 2280 540 2347 καὶ
568 2280 629 2347 τὸν
658 2278 877 2366 διαλογισμὸν
909 2282 1088 2365 γίνεσθαί,
1112 2278 1173 2368 οὐχ
1206 2279 1316 2349 ‘Serv'

207 2543 406 2617 κέμπέπτωκε
427 2549 585 2618 numni)
606 2543 767 2606 ἐκπέπτωκε
788 2547 866 2601 ChK.
889 2577 918 2584 -
948 2553 964 2600 4
993 2542 1010 2614 ἡ
1036 2543 1117 2616 φωνὴ
1143 2543 1316 2618 ἐκπέμπεται

171 2618 250 2673 codd.
270 2618 332 2675 edd.
358 2613 425 2674 ἐκπί
448 2639 475 2673 π.
498 2641 512 2687 η
533 2614 614 2688 φωνή
635 2635 685 2674 noo
704 2619 766 2674 coll.
786 2637 813 2688 p.
834 2625 898 2684 202,
919 2625 943 2672 ss.
964 2649 994 2658 -
1021 2625 1036 2674 6
1056 2614 1131 2672 κάτω
1155 2619 1234 2674 codd.
1254 2620 1315 2674 edd.

171 2685 303 2744 κάτωθεν
317 2707 367 2744 noo
381 2640 446 2744 coli
464 2709 489 2760 p.
506 2699 565 2756 202,
584 2698 623 2745 10.
640 2721 671 2729 —
692 2697 707 2744 8
728 2708 796 2758 φησι
810 2691 841 2744 L.
858 2723 887 2729 -
910 2697 925 2743 θ
945 2689 1045 2758 χρῆται
1060 2690 1103 2745 bis
1118 2691 1147 2745 1..
1165 2723 1195 2730 -
1219 2698 1251 2746 14
1266 2692 1315 2746 τοῦ

170 2757 256 2830 λόγον
273 2761 440 2816 MABCuK
459 2761 508 2817 τοῦ
528 2760 680 2832 λεγομένου
700 2761 729 2815 L.
749 2791 783 2802 --

170 3033 275 3098 sciens
306 3034 460 3118 ambiguo
494 3036 591 3100 verbo
624 3057 701 3098 usus
734 3035 768 3098 in
800 3025 951 3118 quartum
983 3032 1181 3096 sumtionum
1214 3053 1316 3116 genus

168 3140 315 3222 incurrit,
334 3139 496 3226 Diogenes
515 3143 703 3226 plerumque
722 3141 757 3206 in
775 3140 959 3222 seeundum,
982 3139 1081 3202 semel
1100 3139 1170 3223 ipse
1189 3161 1316 3222 quoquo
1390 3153 1392 3156 ’

169 3247 203 3311 in
231 3251 391 3331 quartum.
449 3245 531 3312 Cum
564 3249 650 3312 enim
678 3249 725 3312 ait
757 3247 855 3312 ‘unde
880 3247 1041 3312 emittitur
1067 3243 1148 3312 vox’
1177 3249 1210 3309 et
1237 3245 1315 3310 ‘vox

169 3357 277 3418 autem
301 3378 366 3420 non
390 3377 406 3418 e
430 3355 547 3438 eapitis
572 3355 701 3419 sedibus
726 3355 899 3437 emittitur,
928 3354 984 3418 sed
1007 3353 1181 3418 manifesto
1206 3374 1243 3416 ex
1267 3352 1314 3417 in-

166 3461 342 3525 ferioribus
360 3461 491 3544 potius’,
515 3461 685 3526 eseoundo
705 3482 821 3546 genere
841 3464 1104 3544 argumentorum
1118 3458 1314 3543 propositio·

167 3589 225 3632 nee
249 3568 361 3651 sumit3
386 3591 459 3631 oum
478 3591 553 3633 vero
573 3569 754 3633 orationem
777 3560 841 3631 άπὸ
862 3569 1013 3642 διανοίας
1036 3565 1142 3630 emitti
1162 3565 1218 3648 eit,
1241 3587 1313 3630 oum

168 3667 234 3738 ὑπὸ
269 3675 299 3737 δ.
331 3675 461 3756 debent,
489 3675 522 3738 in
550 3680 666 3758 quarto
694 3696 811 3760 genere
843 3678 998 3738 versatur.
1052 3672 1158 3737 Huius
1187 3693 1313 3757 quoque

167 3803 313 3845 errorum
337 3781 491 3845 refutatio
516 3782 627 3845 eudem
652 3786 716 3860 ost,
747 3803 811 3866 quo
839 3803 937 3864 supra
964 3779 999 3845 in
1021 3781 1160 3844 Zenonis
1187 3779 1313 3844 ratione

167 3887 218 3951 usi
243 3909 363 3951 snmus.
410 3889 462 3952 tie
490 3910 616 3972 quoque
641 3888 842 3972 Chrysippus
867 3910 939 3951 oum
963 3886 1055 3970 dicit,
1083 3909 1100 3950 o
1128 3909 1193 3972 que
1219 3891 1312 3970 purte

166 3994 274 4058 irratio
289 3994 466 4076 omittatur,
485 3994 576 4058 illam
595 4017 664 4058 esso
679 3994 900 4058 dominantem
916 3994 1043 4058 animae
1057 3997 1194 4078 partem,
1213 3993 1312 4057 verba

166 4100 402 4186 castigabimur>
426 4104 458 4163 et
481 4101 624 4164 dicemus
630 4150 638 4183 ,
662 4123 680 4166 a
704 4123 768 4185 qua
790 4105 883 4184 parte
907 4095 987 4187 (ὑπό
1010 4099 1177 4184 intellege)
1205 4099 1310 4164 oratio

165 4209 336 4289 emittitur,
359 4230 423 4272 non
444 4229 460 4270 e
484 4230 557 4291 que,
581 4230 653 4272 eam
673 4230 742 4272 esee
765 4208 989 4291 principalem.
1030 4207 1153 4271 Eadem
1177 4206 1311 4286 ratione,

165 4315 222 4378 ubi
246 4315 352 4398 inquit
379 4313 436 4377 ‘ad
460 4337 635 4396 summum,
665 4314 748 4377 unde
776 4315 881 4378 oratio
909 4313 1082 4394 emittitur,
1110 4313 1187 4376 illue
1212 4313 1310 4376 otiam

164 4421 449 4486 ratiocinationem
478 4420 545 4486 tieri
574 4443 704 4484 incesso
733 4419 814 4506 μεθ’,
842 4443 908 4484 non
932 4419 1046 4484 ‘mule'
1070 4420 1227 4504 dicemus,
1255 4419 1309 4482 sed
