3300 5146
642 404 887 471 -277-

190 559 321 641 δειλοὺς
337 556 519 648 άιιαρδίους
537 557 771 649 ὀνομάζουσιν.
807 563 1007 651 ἐξελέγχεται
1025 569 1145 632 τοίνυν
1163 560 1341 632 ιιάνταῦθα

189 667 226 736 τὸ
250 672 312 736 τοῦ
335 673 534 757 Χρυσίππου
557 666 665 754 δόγμα
684 667 768 757 πρὸς
791 666 904 738 αὐτῶν
927 663 975 739 ὧν
995 673 1193 740 ἐπικαλεῖται
1217 669 1339 758 μαρτύ-

189 800 261 862 ρων
284 776 321 842 ἐν
340 773 510 864 ἐγκεφάλῳ
533 773 595 861 μὲν
613 771 922 863 ὑπολαμβανόντων
946 775 1088 846 εἶναιτὸ
1112 776 1339 866 λογιζόμενον,

190 883 227 949 ἐν
249 885 371 972 καρδία
394 881 431 950 δὲ
453 879 490 949 τὸ
519 883 709 968 θυμοειδές.
754 880 838 952 άλλδι
865 884 908 972 νὴ
933 881 1001 952 Δία
1028 891 1228 972 θαυμασίως
1250 883 1340 964 ὅπως

189 990 349 1076 ἐξηγεῖται
372 987 521 1076 τοῦνομα
543 985 582 1056 τὸ
605 985 768 1077 ἀκάρδιον
792 985 838 1078 [ἢ]
867 996 934 1058 τίνι
963 995 1097 1081 διανοίᾳ
1121 993 1278 1077 λέγουσιν
1305 996 1341 1060 oi
1352 1014 1365 1056 s

189 1101 318 1180 πολλοί,
341 1095 519 1164 συνάπτων
543 1091 648 1175 εὐθὺς
669 1096 724 1164 καὶ
747 1095 785 1165 τὸ
804 1095 1030 1186 άσπλαγχνον·
1054 1103 1119 1185 ἔχει
1139 1097 1176 1166 δὲ
1199 1096 1219 1185 ἡ
1243 1101 1339 1185 ῥῆσις

189 1207 267 1270 οδε·
301 1202 568 1290 ’παραβάλλουσι
597 1203 633 1271 δὲ
661 1215 731 1282 τοῖς
754 1205 941 1291 εἰρημένοις
964 1205 1018 1274 καὶ
1046 1204 1086 1272 τά
1108 1209 1246 1273 τοιαῦτα
1268 1208 1337 1274 τῶν

190 1311 402 1397 ’λεγομένωα
426 1303 501 1376 οἷον
523 1307 602 1388 τοὺς
625 1306 872 1398 άσπλάγχνους,
900 1308 978 1379 καθ’
1005 1310 1024 1380 ὅ
1047 1338 1158 1400 φαμεν
1180 1311 1225 1399 μὴ
1251 1317 1338 1400 ἔχειν
1447 1355 1452 1360 ·

189 1415 294 1496 ’τινάς
322 1417 506 1503 ἐγκέφαλον
528 1417 581 1482 καὶ
610 1421 712 1503 ἔχειν,
741 1415 847 1498 οὕτως
868 1415 954 1506 ἡμᾶς
981 1415 1206 1499 ὑπονοοῦντες
1228 1421 1337 1506 λέγειν

184 1523 255 1590 (καὶ
276 1523 322 1610 μὴ
346 1528 433 1610 ἔχειν
456 1526 599 1610 καρδίαν
621 1521 715 1603 τινὰς
736 1524 791 1591 καὶ
820 1529 907 1612 ἔχειν
933 1523 1015 1593 κατὰ
1038 1523 1077 1593 τά
1101 1528 1335 1615 προειρημένα,
1350 1551 1376 1591 ιο

188 1632 267 1698 ’τῶν
298 1629 359 1717 μὲν
392 1627 613 1716 άσπλάγχνων
643 1628 725 1718 τάχα
754 1632 1019 1719 λαμβανομένων
1050 1630 1132 1700 κατὰ
1159 1631 1196 1701 τὸ
1230 1650 1337 1720 μησεν

188 1738 288 1823 *ἔχειν
306 1740 409 1804 ἔνδον
432 1739 625 1822 συναλγοῦν
642 1735 783 1804 κατὰτὰ
807 1738 942 1807 ἐναντία
964 1738 1019 1806 καὶ
1039 1735 1102 1806 άπὸ
1121 1743 1180 1826 τῆς
1198 1745 1337 1827 καρδίας

188 1840 306 1923 ὀὕτως
328 1839 440 1911 αὐτῶν
463 1842 659 1930 κοινότερον
681 1845 880 1932 λεγομένων,
904 1849 964 1914 τοῦ
987 1844 1024 1914 δὲ
1049 1845 1234 1932 ἐγκεφάλου
1256 1854 1336 1935 λαμ-

187 1951 389 2037 εβανομίνου
413 1949 485 2037 ἦτοι
509 1949 591 2018 κατὰ
614 1949 653 2018 τά
682 1948 766 2019 αὐτὰ
790 1949 910 2039 ὁμοίου
936 1951 1028 2032 τινὸς
1051 1951 1148 2032 ὄντος
1170 1949 1193 2041 ἢ
1218 1953 1333 2023 διὰτὸ

187 2055 252 2122 ’καὶ
280 2059 402 2123 τοῦτον
429 2063 516 2145 ἔχειν
544 2055 619 2126 τινὰ
647 2063 767 2144 κυρίαν
795 2071 866 2139 τοῖς
897 2059 1098 2146 σπλάγχνοις
1124 2058 1267 2148 ὁμοίαν.’
1310 2059 1326 2129 ι’
1351 2085 1376 2124 ιι

222 2281 273 2357 et,
294 2289 373 2344 uncie
391 2289 561 2346 inclusimus.
581 2321 614 2331 -
634 2297 650 2346 8
670 2287 745 2345 καθὸ
766 2291 803 2346 Μ.
823 2323 855 2331 -
883 2299 898 2346 9
919 2286 1078 2362 ἐγκέφαλον
1097 2291 1145 2346 nul
1171 2288 1247 2361 ἔχειν
1265 2311 1332 2362 τιαρ-

185 2362 251 2416 δίαν
270 2356 350 2423 τινάς
368 2360 490 2431 omissis,
509 2379 582 2432 quae
601 2361 749 2418 interiectu
767 2365 832 2418 eunt
851 2363 887 2418 M.
905 2394 941 2422 ,-

187 2511 398 2520 -----

185 2597 255 2662 sine
284 2598 415 2663 cerebro
441 2619 524 2682 esse,
557 2603 672 2665 contre
705 2598 917 2664 meticulosos
946 2602 979 2662 et
1005 2598 1138 2663 timidos
1166 2600 1333 2684 appellere

185 2703 345 2770 excordes.
371 2703 485 2790 lteque
499 2705 553 2770 hie
567 2727 693 2791 quoque
713 2706 756 2771 eb
769 2706 894 2790 iisdem,
913 2728 994 2790 quos
1008 2704 1170 2790 produxit,
1183 2705 1333 2792 testibus,

184 2810 304 2896 qnippe
333 2811 387 2896 qni
420 2812 581 2878 rationem
609 2813 643 2876 in
675 2813 823 2896 cerebro,
855 2812 1056 2877 iracundiam
1085 2811 1121 2876 in
1143 2811 1238 2878 corde
1262 2835 1332 2878 esse

184 2917 385 3002 existiment,
417 2915 596 3004 Chrysippi
629 2920 791 2985 sententie
822 2920 1037 3006 redarguitur.
1090 2915 1137 2982 At
1170 2917 1242 3003 ipse
1274 2942 1332 3004 per

183 3027 300 3092 dorem
337 3025 455 3090 mirum
491 3027 523 3090 in
567 3026 698 3092 modum
735 3049 849 3094 vocem
889 3028 981 3092 illam
1024 3049 1136 3091 excors
1180 3025 1333 3110 explanet

184 3157 246 3218 quo
293 3155 388 3198 sensu
430 3133 471 3198 ub
512 3132 699 3198 hominibus
741 3134 881 3218 dicatur,
926 3134 1102 3219 statimque
1145 3131 1173 3196 ei
1219 3153 1332 3198 vocem

182 3235 407 3325 ἄσπλαγχνος,
439 3241 460 3305 i.
492 3263 517 3304 e.
546 3241 747 3306 evisceratus
776 3242 952 3328 coniungit.
1006 3239 1117 3305 Verba
1150 3239 1218 3304 eius
1250 3237 1332 3305 haec

183 3349 271 3412 sunt:
308 3345 564 3432 ‘Comperent
588 3350 717 3413 eutem
742 3370 824 3414 cum
847 3349 914 3432 iis,
942 3369 1036 3432 quae
1060 3368 1331 3412 commemore-

182 3454 320 3538 vimus,
344 3453 460 3518 etiem
479 3453 584 3520 dicte
603 3453 889 3540 huiuscemodi,
911 3455 1019 3519 velut
1038 3475 1120 3520 cum
1139 3453 1330 3518 eviscere·
1425 3459 1430 3470 '

182 3563 244 3628 tos
269 3562 488 3647 appellent,
511 3583 584 3646 quo
604 3583 718 3627 sensu
741 3561 904 3628 dicimus
924 3560 1123 3626 cerebrum
1147 3560 1332 3646 quosdam

181 3691 256 3736 non
278 3669 422 3735 hebere
444 3670 505 3734 vel
533 3667 696 3754 hebere,
725 3670 859 3735 eodem
888 3669 1021 3734 dicere
1044 3689 1113 3734 noe
1137 3666 1330 3733 arbitren-

181 3779 238 3842 tee
259 3798 326 3842 cor
344 3776 492 3842 hebere
511 3776 713 3862 quosdam,
736 3776 922 3862 quosdam
940 3799 1019 3842 non
1037 3775 1180 3841 habere
1199 3797 1330 3840 secun-

181 3884 265 3948 dum
290 3905 348 3967 ee,
376 3905 472 3969 quse
501 3905 617 3968 supra
643 3884 750 3949 dicta
779 3886 884 3968 eunt,
912 3905 994 3948 cum
1018 3881 1230 3948 eviscerati
1254 3883 1331 3946 for-

180 3971 286 4056 tasse
310 3990 560 4075 accipiuntur
583 4013 651 4077 pro
675 3990 741 4074 iis,
764 3989 828 4074 qui
851 3988 954 4055 nihil
977 3989 1084 4057 intus
1106 3988 1146 4053 in
1166 3971 1330 4054 elterius

180 4098 297 4163 rebus
322 4097 499 4163 adversis
527 4098 675 4164 doloris
698 4097 882 4179 habeant,
912 4098 949 4161 ct
976 4119 996 4160 a
1019 4097 1136 4162 corde
1164 4117 1329 4162 commu-

179 4205 289 4272 niore
317 4205 510 4271 vocabulo
539 4205 599 4270 ite
627 4205 891 4291 appellentur,
920 4203 1072 4268 cerebri
1102 4206 1229 4268 eutem
1259 4225 1330 4269 vox

180 4315 406 4378 assumatur
428 4313 490 4377 vel
514 4313 607 4397 quia
628 4313 800 4378 eiusdem
819 4311 978 4399 generis
998 4309 1126 4375 simile
1146 4310 1330 4395 quiddam

180 4423 239 4486 est
261 4420 321 4484 vel
340 4419 431 4505 quia
448 4420 665 4505 potentiam
685 4419 874 4504 quendem
893 4419 1021 4503 ipsum
1040 4439 1188 4503 quoque
1211 4417 1331 4484 hebet
