3298 5136
779 413 821 424 -
867 375 1020 466 sio„-

325 539 464 626 ἐμοῦσιν
500 539 536 604 oi
569 536 789 622 λυπηθέντες,
825 537 928 614 ἐνίοις
960 535 996 601 δὲ
1030 534 1202 624 ὑπέρχεται
1239 535 1328 606 κάτω
1364 539 1418 606 καί
1454 536 1474 626 ἡ

325 643 450 732 γαστὴρ
482 640 597 722 αὐτοῖς
627 641 754 728 ἄκρατα
781 642 912 728 χολώδη
946 645 1111 728 διαχωρεῖ.
1162 651 1338 732 συμβαίνει
1367 645 1402 712 δέ
1431 643 1475 714 οὐ

325 751 432 839 μόνον
453 765 523 828 τοῖς
545 757 757 835 λυπηθεῑσιν,
780 746 863 815 ἀλλὰ
882 749 1023 816 καὶτῶν
1046 751 1097 817 ἐπὶ
1120 753 1223 818 πλέον
1242 749 1475 836 άσιτησάντων

325 855 387 926 οὐκ
410 855 535 942 ὀλίγοις
558 857 741 923 δάκνεσθαι
764 853 801 923 τὸ
825 859 883 940 τῆς
906 853 1048 940 γαστρὸς
1074 856 1178 943 στόμα
1202 858 1256 923 καί
1280 862 1420 944 μᾶλλον,
1444 863 1477 924 εί

298 967 481 1050 ισφοδρώς
499 965 830 1050 προγεγυμνασμένοι
853 959 898 1047 μὴ
918 964 1194 1048 προσενέγκοιντο
1215 969 1312 1030 σιτία.
1347 978 1419 1042 τοῖς
1435 989 1472 1030 τε

324 1071 389 1157 γὰρ
412 1079 590 1156 λυπηθεῖσι
613 1070 668 1135 καὶ
692 1083 762 1146 τοῖς
789 1069 1057 1154 γυμνασαμένοις
1083 1067 1309 1157 εὐτονώτερον
1336 1074 1383 1148 είς
1409 1069 1475 1155 τὴν

325 1180 467 1265 γαστέρα
495 1191 613 1263 συρρεῖ
643 1175 724 1262 χολη
758 1174 879 1261 ξανθή·
910 1174 994 1262 πρὸς
1023 1175 1145 1263 ταύτης
1178 1169 1242 1245 οὖν
1270 1175 1474 1263 δακνόμενοι

324 1287 596 1371 καρδιαλγούσιν.
641 1279 723 1349 οὐδέ
744 1283 834 1348 ἐστιν
856 1277 1041 1366 άναγκαῖον
1064 1285 1101 1350 ἐν
1123 1288 1207 1374 τῷδε
1229 1288 1275 1375 τῷ
1299 1283 1387 1374 λόγῳ
1410 1281 1475 1372 τὴν

324 1396 436 1457 αἰτίαν
464 1391 732 1472 ἐπισκέπτεσθαι,
760 1387 815 1455 διὰ
845 1385 888 1474 ἣν
913 1391 1012 1454 τοῦτο
1043 1396 1228 1476 συμβαίνει.
1273 1390 1382 1478 μόνον
1409 1391 1474 1478 γάρ

286 1525 311 1562 ιο
324 1525 381 1585 μοι
408 1497 576 1585 πρόκειται
610 1498 713 1577 δεῖξαι
745 1494 826 1562 κατά
859 1520 895 1580 γε
926 1493 964 1560 τὸ
997 1496 1121 1582 παρόν,
1153 1494 1199 1575 ὡς
1230 1493 1292 1564 οὐκ
1319 1503 1388 1564 ἐστι
1415 1501 1476 1584 τῆς

325 1609 463 1691 καρδίας
494 1608 555 1670 τοῦ
587 1602 779 1689 σπλάγχνου
805 1601 842 1669 τὸ
875 1599 986 1678 πάθος
1016 1599 1037 1686 ἡ
1070 1608 1288 1689 καρδιαλγία,
1320 1604 1473 1692 καθάπερ

326 1709 404 1779 οὐδὲ
428 1710 466 1778 τὸ
491 1709 674 1777 δάκνεσθαι
698 1708 780 1776 κατὰ
803 1706 862 1786 τὰς
884 1706 1005 1791 λύπας,
1029 1705 1112 1775 ἀλλὰ
1141 1710 1179 1777 τὸ
1204 1709 1266 1797 μὲν
1288 1710 1474 1798 σύμπτωμα

324 1821 387 1885 τοῦ
414 1815 575 1903 στόματος
606 1820 663 1902 τῆς
694 1814 855 1901 γαστρός,
887 1815 1124 1903 ἐπικεχείρηται
1153 1817 1188 1884 δὲ
1217 1801 1282 1884 άπδ
1305 1820 1363 1903 τῆς
1390 1816 1473 1884 κατὰ

324 1921 387 2009 τὴν
405 1924 503 1988 θέσιν
523 1922 709 2008 έγγάτητος,
732 1919 841 2008 ὥσπερ
860 1947 896 2006 γε
915 1922 969 1987 καὶ
988 1919 1026 1987 τὸ
1045 1920 1231 1989 πάλλεσθαι
1247 1922 1311 2010 τὴν
1329 1928 1473 2011 καρδίαν

287 2057 311 2096 ιε
327 2031 363 2096 ἐν
385 2043 455 2107 τοῖς
477 2028 596 2114 φόβοις
623 2025 687 2095 άπὸ
717 2025 963 2114 συμβεβηκότος
986 2029 1209 2114 ἐπιχειρεῖται,
1237 2021 1286 2096 ὦν
1315 2029 1472 2118 ἑκάτερον

326 2132 386 2202 οὐκ
414 2140 505 2201 ἐστιν
531 2134 795 2221 ἐπιστημονικόν.
845 2139 876 2201 εί
907 2133 942 2200 δέ
970 2135 1025 2200 καὶ
1053 2141 1286 2222 συγχωρηθείη
1314 2140 1471 2203 τοιοῦτον

324 2239 496 2329 ὑπάρχειν,
520 2239 561 2309 οὐ
584 2249 748 2320 Στωϊκοῖς
774 2240 829 2307 καὶ
854 2247 1139 2326 Περιπατητικοῖς,
1163 2238 1246 2308 άλλά
1264 2239 1471 2330 Ἱπποκράτει

362 2465 375 2512 1
396 2453 428 2512 ἐν
447 2454 489 2519 οἷς
507 2457 529 2510 L
550 2451 635 2518 ἐνίοις
654 2455 720 2510 ΜΔ.
742 2487 774 2495 -
798 2456 846 2509 καί
865 2459 930 2509 ante
949 2449 965 2523 ἡ
986 2450 1091 2523 γαστὴρ
1115 2471 1168 2508 om.
1194 2455 1224 2510 L.
1248 2487 1284 2496 -
1307 2465 1322 2510 2
1342 2451 1417 2523 ἄκρα
1435 2454 1470 2512 τά

324 2528 490 2582 MABChK
518 2525 629 2595 ἄκρατα
653 2527 691 2594 L;
721 2527 755 2584 cf.
784 2527 868 2580 Proll.
897 2545 924 2595 p.
948 2533 982 2579 94
1012 2528 1042 2580 et
1065 2525 1125 2581 Gal.
1150 2525 1304 2582 Comment.
1333 2529 1363 2582 in
1385 2529 1470 2599 Hipp.

325 2601 451 2669 Epidem.
476 2599 566 2664 XVII,
592 2607 619 2664 1,
647 2605 707 2653 316.
732 2629 764 2637 -
796 2605 827 2652 10
851 2594 1002 2664 προῦκειτο
1030 2597 1061 2651 L.
1090 2629 1123 2636 —
1154 2604 1185 2652 12
1210 2595 1346 2668 ου’πτωμα
1375 2600 1413 2653 Μ.
1437 2631 1469 2640 -

327 2679 359 2726 16
378 2671 426 2724 καί
445 2673 510 2724 ante
529 2672 725 2738 συγχωρηθείη
744 2685 793 2723 nos
812 2669 987 2724 inseruimus.
1007 2700 1040 2708 -—

325 2887 465 2953 confecti
488 2886 588 2951 bilem
612 2908 760 2952 evomere
785 2885 899 2969 solent,
921 2885 1085 2950 nonnullis
1109 2907 1235 2970 quoque
1258 2909 1317 2970 per
1339 2887 1471 2951 inferio-

324 3017 374 3060 res
398 2998 507 3078 partes
531 2993 696 3058 descendit
719 2997 808 3057 etex
832 2991 905 3056 alvo
929 3014 1018 3056 mera
1041 2992 1161 3058 biliosa
1182 2997 1366 3078 egeruntur.
1402 2993 1472 3058 Nec

325 3124 471 3167 maerore
499 3104 626 3165 tantum
650 3101 788 3184 affectis,
816 3099 1066 3184 verumetiam,
1097 3100 1151 3184 qui
1175 3099 1297 3164 diutius
1321 3101 1395 3166 cibo
1420 3123 1470 3165 ca-

325 3211 476 3290 ruerunt,
503 3230 569 3272 non
595 3208 708 3291 paucis
737 3207 866 3289 accidit,
893 3210 930 3269 ut
957 3229 1083 3270 morsus
1113 3206 1174 3271 hos
1202 3207 1373 3270 ventriculi
1402 3231 1471 3272 sen-

324 3315 417 3398 tiant,
440 3315 634 3398 praesertim
658 3336 730 3376 cum
750 3314 933 3377 vehementi
957 3313 1065 3397 alique
1084 3313 1314 3388 exercitatione
1337 3313 1471 3400 fatigati

325 3422 433 3486 cibum
460 3421 587 3484 nullum
619 3419 802 3484 sumserint.
856 3419 942 3484 Nam
973 3423 1005 3483 et
1033 3442 1161 3484 maeror
1188 3423 1221 3482 et
1248 3420 1471 3486 vehementior

324 3527 513 3592 exercitatio
536 3527 632 3610 facit,
659 3531 696 3589 ut
718 3527 803 3590 flava
826 3527 902 3590 bilis
926 3528 961 3591 iu
983 3525 1199 3591 ventriculum
1224 3527 1379 3610 confluat,
1407 3550 1471 3612 qua

324 3634 443 3699 irritati
468 3633 628 3698 stomachi
652 3634 762 3698 dolore
785 3633 951 3718 laborant3
975 3634 1060 3717 quod
1084 3655 1140 3697 cur
1163 3635 1231 3716 fiat,
1254 3632 1398 3699 hicnon
1421 3638 1471 3698 est

324 3741 506 3826 explicandi
528 3741 629 3805 locus.
682 3739 769 3804 Satis
793 3741 879 3805 enim
903 3741 943 3804 sd
966 3762 1119 3824 praesens
1144 3744 1194 3804 est
1219 3740 1388 3806 ostendere
1409 3763 1468 3806 nec

325 3847 537 3931 cardialgiam
573 3869 632 3910 nec
668 3870 825 3932 morsum,
856 3848 911 3932 qui
948 3848 982 3911 in
1022 3846 1281 3931 aegritudinibus
1319 3848 1467 3932 sentitur,

325 3975 395 4017 esse
419 3953 524 4016 cordis
553 3953 701 4036 visceris,
729 3955 784 4018 sed
808 3955 923 4020 orificii
948 3953 1069 4019 ventris
1098 3953 1302 4018 affectionem
1330 3957 1468 4037 atqnea

325 4062 407 4125 situs
435 4059 604 4124 vicinitate
632 4060 754 4124 factam
785 4061 1099 4146 argumentationem
1125 4081 1206 4142 esse,
1234 4059 1329 4124 sicuti
1357 4061 1468 4124 eadem

325 4169 366 4232 ab
390 4167 555 4231 accidente
579 4169 625 4251 fit,
648 4190 721 4232 curu
740 4167 961 4232 vehementius
980 4167 1142 4251 palpitare
1163 4189 1219 4232 cor
1240 4167 1275 4230 in
1293 4167 1467 4251 pavoribus

324 4276 448 4358 dicunt,
490 4297 627 4358 quarum
668 4278 784 4338 neutra
823 4275 857 4337 in
893 4274 1069 4338 disserendi
1112 4275 1275 4360 elegantia
1310 4279 1467 4339 versatur.

326 4381 418 4460 Quod
441 4383 468 4446 si
493 4383 540 4446 ita
564 4404 643 4466 esse,
665 4386 703 4446 ut
725 4381 851 4464 volunt,
875 4381 1135 4466 concederemus,
1163 4382 1195 4445 id
1218 4381 1413 4465 Hippocrati
1436 4387 1467 4445 et
