3210 5148
578 413 832 480 -445-

131 567 288 640 ἁπάντων
316 567 333 638 ὁ
367 569 428 656 μὲν
456 569 602 638 Πλάτων
629 567 846 659 ἀκριβέστατα
879 574 1029 658 διῆλθεν.
1079 569 1097 639 ὁ
1127 570 1163 640 δὲ
1192 571 1279 661 Χρύ-

131 698 250 756 σιππος
274 673 315 746 οὐ
343 675 451 765 μόνον
479 674 580 756 αὐτὸς
608 675 709 745 οὐδὲν
732 675 935 764 ἱκνούμενον
958 673 1064 760 εἶπεν,
1092 675 1174 746 ἀλλὰ
1199 675 1278 748 οὐδὲ

131 787 199 852 τῶν
221 780 286 852 ἀπὸ
312 780 416 852 αὐτοῦ
438 809 504 852 τινι
534 783 706 852 κατέλιπεν
734 780 892 870 ἀφορμὴν
916 779 1075 869 εὑρέσεως
1101 785 1279 872 μοχθηρὰν

131 889 402 978 ὑποβαίλόμενος
424 894 469 982 τῷ
493 889 581 981 λόγῳ
608 887 671 978 τὴν
693 895 848 978 κρηπῖδα.
892 889 994 958 ταῦτα
1016 917 1068 960 τοι
1091 892 1145 960 καὶ
1169 889 1187 959 ὁ
1212 899 1279 960 Πο-

131 995 304 1076 σειδώνιος
327 993 415 1088 αὐτῷ
439 997 600 1084 μέμφεται
623 996 863 1084 patientissi
886 997 1081 1086 θαυμάζειν,
1107 996 1170 1066 ὅσα
1189 997 1306 1066 Ilici-⁵

130 1131 198 1173 των
227 1101 318 1172 εἶπεν
349 1100 433 1189 ὑπὲρ
464 1106 523 1190 της
547 1106 616 1171 τῶν
647 1109 779 1173 παίδων
806 1110 853 1172 ἔτι
885 1129 920 1172 τε
947 1105 1144 1192 νοουμένων
1163 1105 1209 1173 ’ἐν
1237 1109 1277 1195 τῇ

131 1210 237 1300 μήτρᾳ
269 1207 475 1289 διαπλάσεως
506 1206 769 1296 ἀπονοηθέντων
800 1237 834 1278 τε
871 1215 998 1299 τροφῆς
1029 1211 1083 1280 καὶ
1115 1216 1278 1296 παιδείας,

130 1319 184 1386 καί
215 1318 382 1404 γέγραφεν
414 1309 489 1384 οἷον
525 1315 685 1404 ἐπιτομήν
715 1343 789 1384 τινα
824 1317 905 1386 κατὰ
938 1316 975 1386 τὸ
1009 1323 1142 1406 πρῶτον
1174 1316 1280 1388 αὐτοῦ

132 1426 205 1513 περὶ
234 1427 357 1492 παθῶν
385 1423 584 1512 σύγγραμμα
611 1426 679 1491 τῶν
705 1420 769 1491 ὑπὸ
802 1423 983 1504 Πλάτωνος
1006 1419 1207 1513 εἰρημένων,
1234 1423 1280 1504 ὥς

131 1532 192 1621 χρὴ
224 1532 406 1620 τρέφεσθαι
439 1531 493 1598 καὶ
525 1529 744 1599 παιδεύεσθαι
776 1529 855 1611 τοὺς
886 1537 1005 1612 παῖδας
1035 1529 1120 1619 ὑπὲρ
1151 1536 1214 1601 τοῦ
1240 1531 1278 1601 τὸ
1296 1555 1319 1594 1⁰

134 1636 322 1725 παθητικόν
343 1662 378 1704 τε
401 1637 456 1704 καί
475 1635 600 1724 ἄλογον
622 1641 680 1725 τῆς
698 1641 805 1724 ψυχῆς
822 1637 1012 1726 σύμμετρον
1030 1636 1278 1726 ἀποφαίνεσθαι

135 1761 206 1826 ταῖς
237 1743 386 1830 κινήσεσι
418 1744 473 1811 καὶ
505 1759 576 1823 τοῖς
606 1749 667 1812 τοῦ
705 1744 809 1833 λόγου
836 1744 1087 1834 προστάγμασιν
1119 1742 1280 1824 εὐπειθές.

133 1851 229 1938 ‘uisu
252 1849 317 1938 γὰρ
340 1846 457 1937 ἀρίστη
476 1855 607 1918 παίδων
629 1855 773 1936 παιδεία,
796 1851 986 1940 παρασκευὴ
1009 1857 1071 1920 τοῦ
1092 1861 1280 1940 παθητικοῦ

75 1954 78 1960 ⁴
133 1961 202 2048 ‘tris
233 1960 355 2053 ψνχῆς,
385 1954 430 2036 ὥς
461 1953 505 2024 ἂν
536 1956 781 2045 ἐπιτηδειοτάτη
813 1951 834 2047 ᾖ
866 1957 949 2046 πρὸς
984 1957 1047 2047 τὴν
1078 1957 1185 2048 ἀρχὴν
1216 1970 1277 2028 τοῦ
1294 1982 1318 2020 1⁴

133 2067 355 2154 ’ίογιστωιοῦί
393 2063 535 2152 σμικρὸν
552 2063 613 2152 μὲν
636 2061 700 2151 γὰρ
718 2063 758 2131 τὰ
781 2069 893 2152 πρῶτα
912 2067 967 2133 καί
988 2069 992 2154 Ι
1013 2065 1153 2146 ἀσθενὲς
1175 2065 1343 2156 dunin-487

169 2289 185 2338 2
203 2275 372 2366 ίινούρενον
391 2277 538 2334 LML—
557 2277 679 2332 3vorba
696 2273 893 2348 μογθηρδν-
909 2281 1032 2348 τιρηπιδα
1051 2297 1105 2335 om.
1120 2280 1201 2336 L.-·
1223 2279 1283 2334 4A'

133 2353 225 2408 verbis
248 2371 338 2408 ταντα
361 2369 404 2404 τοι
428 2349 511 2420 incip.
532 2350 657 2436 eqcerpt.
682 2347 758 2402 XVII
782 2349 862 2404 codd
885 2350 934 2404 FP
956 2350 1147 2438 desinitque
1138 2369 1167 2404 in
1192 2351 1278 2405 verbo

134 2420 270 2486 εὐπειθές
289 2425 325 2490 (v.
342 2425 446 2488 19)-
414 2414 575 2476 -οαντδ
594 2419 616 2473 L
637 2413 816 2475 αδτώΡμ-
836 2427 851 2475 ’ί
871 2421 1053 2491 μ,-ητρίΙι
1072 2417 1279 2476 αποπνδέντων

134 2494 228 2550 Μ.-
252 2491 455 2555 πεδίαςΡ.-
471 2486 662 2618 θοίγγραμα
686 2491 715 2546 L.
741 2521 773 2532 -·
800 2486 838 2553 ὥς
856 2492 935 2547 codd.
955 2491 1017 2547 edd
1041 2493 1100 2555 πῶς
1123 2493 1180 2579 legi
1217 2493 1280 2548 vult

134 2558 531 2632 Βαὶε.-11παδητιιδτδ
656 2569 688 2616 12
707 2569 769 2625 ταῖς
787 2581 842 2618 om.
856 2562 940 2618 L.-
959 2559 1072 2632 ἠπηδίς
1090 2563 1124 2617 Ρι
1143 2558 1278 2626 senescis

135 2637 230 2694 P².—
239 2643 283 2722 μ,13
303 2635 435 2698 παιδείας
453 2633 532 2689 οοδδ.
552 2633 614 2690 edd.
633 2635 749 2688 παιδεία
769 2651 833 2702 nos3
852 2635 886 2690 ci.
906 2635 991 2690 Proll
1010 2652 1037 2705 p
1058 2641 1116 2691 lea.
1150 2633 1278 2690 Ceterum

134 2713 197 2780 post
215 2701 287 2776 αὕτη
305 2703 360 2776 γὰρ
378 2705 473 2761 deesse
491 2704 603 2760 videtur
622 2706 751 2774 φησί.-

136 2947 238 3011 genus
261 2924 372 3008 rebus,
395 2923 434 2988 de
458 2923 574 3009 quibus
598 2922 747 2988 omnibus
771 2921 864 2990 Pisto
888 2923 1138 3009 diligentissime
1160 2927 1278 2988 uacu-

135 3033 191 3098 vit.
238 3029 440 3115 Chrysippus
467 3033 576 3095 autem
604 3051 670 3096 non
697 3029 792 3096 modo
824 3029 895 3115 ipse
924 3030 1021 3113 nihil,
1053 3030 1138 3114 quod
1166 3033 1279 3115 aptum

134 3142 229 3224 esset,
247 3137 338 3220 dixit,
360 3136 416 3202 sed
434 3158 475 3202 ne
494 3137 562 3202 suis
580 3136 709 3221 quidem
728 3137 830 3202 ullam
848 3135 1029 3202 inveniendi
1048 3159 1161 3202 ansam
1180 3159 1279 3221 prave

135 3245 271 3313 fundata
307 3243 528 3328 disputatione
564 3243 703 3328 reliquit.
761 3241 852 3308 Haec
888 3244 987 3308 etiam
1018 3243 1212 3308 Posidonius
1250 3244 1279 3308 ei

136 3353 237 3418 obicit
259 3375 297 3418 ao
321 3350 458 3416 miratur
484 3372 536 3433 es,
564 3373 645 3435 quae
670 3349 764 3416 Plato
792 3349 831 3414 de
856 3372 1044 3434 puerorum,
1072 3350 1147 3414 dum
1175 3349 1280 3414 adhuc

138 3459 170 3522 iu
196 3461 288 3524 utero
311 3461 490 3543 gestantur,
513 3457 708 3522 formatione
732 3461 765 3520 et
791 3457 830 3521 de
854 3457 1040 3539 eorundem,
1068 3459 1279 3540 posteaquam

138 3563 171 3626 in
193 3564 296 3626 lucem
315 3563 393 3628 editi
412 3568 496 3648 sunt,
515 3563 704 3630 educatione
719 3563 985 3648 institutioneque
1004 3563 1166 3645 disseruit,
1184 3566 1279 3646 atque

137 3669 206 3753 ipse
235 3669 269 3732 in
297 3669 403 3752 primo
431 3671 470 3734 de
503 3669 802 3754 perturbationibus
834 3670 918 3736 libro
946 3670 1039 3755 quasi
1067 3669 1278 3734 summarium

137 3775 298 3862 quoddam
326 3797 452 3859 eorum,
479 3797 562 3860 quae
589 3799 608 3840 a
635 3777 770 3842 Platone
801 3775 889 3840 dicta
920 3780 1008 3860 sunt,
1040 3775 1184 3860 scripsit,
1215 3797 1278 3859 quc

138 3883 234 3950 modo
276 3881 432 3948 educandi
468 3882 695 3968 erudiendique
736 3885 828 3968 pueri
869 3883 947 3966 sint,
989 3887 1026 3946 ut
1065 3904 1141 3966 pars
1179 3881 1277 3946 animi

138 3990 307 4056 affectibus
340 3988 481 4054 obnoxia
509 3988 706 4073 rationisque
739 4011 852 4074 expers
881 3989 1048 4054 moderata
1081 3988 1279 4054 motionibus

137 4097 336 4181 rationisque
359 4095 496 4179 imperio
525 4095 752 4179 obtemperans
780 4095 948 4161 efficiatur.
998 4096 1165 4180 Optimam
1193 4095 1279 4159 euim

137 4225 310 4287 puerorum
340 4202 578 4268 institutionem
606 4223 678 4266 eam
708 4225 778 4267 esse
810 4203 871 4286 ait,
899 4225 963 4286 qua
989 4203 1047 4266 illa
1075 4223 1150 4286 pars
1179 4201 1279 4266 animi

138 4311 185 4374 ita
202 4313 423 4394 praeparetur,
446 4313 483 4374 ut
501 4308 541 4373 ad
560 4309 847 4393 obtemperandum
870 4309 1007 4394 imperio
1026 4308 1163 4374 rationis
1182 4330 1277 4393 quam

139 4417 360 4500 promtissima
400 4417 466 4480 fiat
529 4413 614 4480 Nam
653 4438 787 4499 {sarvam
824 4439 844 4479 a
884 4415 1044 4500 principio
1085 4415 1277 4480 rationalem
