3298 5136
776 395 1019 460 —204-

318 554 518 642 “συμφω’νως
545 556 599 622 καὶ
628 553 691 641 τήν
719 553 876 620 διάνοιαν
903 549 1139 639 ἀφοριζόμενοι
1172 553 1329 639 λέγουσιν
1361 549 1469 640 αὐτήν

316 660 440 748 ’πηγήν
459 661 544 730 εἶναι
563 661 678 747 λόγου.
722 659 758 727 τὸ
783 657 847 747 γὰρ
871 657 968 743 ὅλον,
992 657 1076 726 ὅθεν
1099 655 1117 726 ὁ
1141 657 1241 745 λόγος
1264 661 1469 747 ἐκπέμπεται,

317 770 432 836 (ἐκεῖσε
448 769 566 836 δεῖκαὶ
586 767 646 836 τὸν
661 763 883 853 διαλογισμὸν
897 772 1053 852 γίνεσθαι
1068 766 1122 834 καὶ
1136 764 1195 844 τὰς
1209 766 1399 853 διανοήσεις
1412 768 1467 834 καὶ

316 873 385 953 ’τὰς
407 876 542 961 μελέτας
564 879 632 942 τεόν
656 873 801 962 ῥήσεων,
826 872 977 959 καθάπερ
1002 877 1098 959 ἐφην.
1133 873 1293 939 ταῦταδέ
1317 875 1469 960 ἐκφανῶς

282 982 402 1068 s‘nepl
425 978 488 1067 τήν
511 985 654 1068 καρδίαν
677 981 862 1066 γίνεταιέκ
895 983 953 1066 τῆς
976 983 1115 1066 καρδίας
1138 978 1194 1047 διὰ
1217 978 1391 1067 φάρυγγος
1412 981 1468 1048 καὶ
1494 1023 1500 1032 ·

317 1089 385 1173 ‘rig
413 1092 529 1174 φωνής
551 1089 605 1156 καὶ
635 1091 697 1155 τοῦ
725 1087 828 1173 λόγου
859 1087 1125 1173 ἐκπεμπομένων.
1170 1085 1321 1155 πιθανὸν
1349 1086 1386 1154 δὲ
1413 1088 1468 1154 καί

318 1191 451 1277 liltore,
483 1199 530 1273 είς
562 1192 579 1263 δ
605 1195 837 1282 ἐνσημαίνεται
869 1192 909 1260 τὰ
945 1191 1124 1280 λεγόμενα,
1156 1195 1210 1261 καί
1243 1200 1468 1281 σημαίνεσθαι

319 1301 461 1367 ’ἐκεῖθεν
496 1302 551 1368 καὶ
588 1299 647 1381 τὰς
678 1300 793 1388 φωνὰς
829 1297 893 1369 ἀπὸ
931 1302 1061 1367 ἐκείνου
1097 1306 1253 1387 γίνεσθαι
1285 1299 1368 1368 κατὰ
1406 1300 1467 1368 τὸν

319 1409 573 1495 προειρημένον
600 1407 747 1496 τρόπον’
797 1405 870 1486 ἅλις
896 1404 960 1493 ήδη
988 1433 1045 1494 μοι
1073 1411 1141 1475 τῶν
1168 1408 1242 1495 περὶ
1266 1412 1324 1494 τής
1352 1412 1468 1494 φωνῆς

280 1535 305 1569 10
320 1512 431 1598 λόγων
453 1519 521 1583 τῶν
544 1519 718 1583 Στωϊκῶν·
747 1519 777 1582 εί
798 1511 862 1601 γδιρ
890 1515 944 1580 καὶ
967 1513 1047 1593 τοὺς
1069 1511 1133 1582 ὑπὸ
1157 1517 1226 1581 τῶν
1249 1512 1360 1583 ἄλλων
1383 1512 1469 1602 ήρω-

318 1620 482 1706 τημένους
505 1623 622 1708 ἐφεξῆς
644 1620 807 1707 γράφοιμι
832 1619 1040 1708 σύμπαντας,
1069 1626 1115 1700 είς
1138 1618 1281 1707 ἄμετρόν
1310 1647 1341 1688 τι
1365 1625 1469 1708 μῆκος

320 1728 503 1812 ἐμπεσεῖται
527 1727 563 1796 τὸ
588 1727 732 1815 γράμμα.
773 1725 814 1794 οὐ
838 1724 901 1815 γὰρ
925 1722 968 1794 δν
991 1724 1069 1795 οὐδὲ
1093 1730 1161 1796 τῶν
1184 1723 1249 1795 ὑπὸ
1269 1733 1468 1816 Χρυσίππου

319 1834 430 1900 τεκαὶ
455 1837 642 1920 Διογένους
660 1835 844 1923 είρημένων
869 1832 1100 1921 ἐμνημόνευσα
1123 1833 1245 1920 λόγων,
1268 1831 1350 1903 ἀλλὰ
1374 1831 1468 1922 ήρκέ-

248 1948 411 2025 esicone
434 1940 586 2021 ἐξετάσας
611 1941 672 2010 τὸν
699 1945 760 2010 τοῦ
790 1945 794 2027 l
824 1939 983 2027 Ζήνωνος
1010 1939 1134 2027 μόνον,
1163 1946 1193 2007 εί
1215 1939 1259 2028 μή
1286 1940 1370 2029 πρός
1391 1968 1468 2008 τινα

282 2064 306 2103 1⁵
318 2049 387 2114 τῶν
419 2052 580 2116 Στωϊκῶν
617 2047 763 2135 ἐγεγόνει
800 2055 861 2135 μοί
894 2073 972 2116 ποτε
1004 2043 1250 2134 ἀμφισβήτησις
1285 2045 1369 2135 ὑπὲρ
1406 2051 1468 2115 τοῦ

320 2167 421 2238 χωρεῖ
442 2152 601 2240 ῥήματος,
625 2152 642 2222 δ
666 2156 853 2242 παρέλαβεν
881 2151 899 2222 ὁ
925 2155 1045 2242 Ζήνων
1079 2155 1115 2222 ἐν
1147 2159 1192 2245 τῷ
1221 2153 1309 2245 λόγῳ
1337 2153 1469 2242 γράψας

357 2355 368 2401 1
391 2345 548 2474 συμφώνως
571 2351 619 2405 καὶ
643 2347 693 2418 τὴν
716 2345 848 2405 διάνοιαν
868 2351 888 2404 C
910 2371 935 2405 κ.
959 2372 981 2404 τ.
1003 2355 1028 2404 δ.
1056 2346 1213 2418 συμφώνως
1236 2350 1408 2406 MAssOhK.
1434 2383 1467 2391 —

320 2417 396 2487 λέγει
442 2464 448 2474 .
478 2453 511 2460 -
544 2428 560 2475 4
584 2418 719 2492 ἐμφανῶς
746 2422 875 2475 ABChK
902 2418 1034 2489 ἐκφανῶς
1062 2423 1124 2476 cM.
1154 2453 1186 2463 -
1220 2429 1235 2474 5
1259 2424 1381 2490 καρδίαν
1406 2420 1467 2476 οἷον

319 2492 444 2559 γίγνεται
459 2491 487 2546 C.
508 2523 541 2534 -
561 2500 575 2546 ‘l
591 2496 780 2563 σημαίνεσθαι
797 2493 874 2547 codd.
891 2493 962 2552 edd„
978 2495 1094 2547 fortasse
1111 2489 1205 2562 ἐκσημ.
1221 2523 1256 2532 -
1279 2501 1311 2547 10
1330 2494 1387 2547 τῶν
1402 2496 1467 2547 ante

320 2563 454 2616 Στωϊκῶν
478 2581 532 2617 om.
552 2561 580 2618 C.
601 2595 634 2603 —
654 2571 691 2649 ‚12
712 2560 874 2634 ἐμπεσεῖται
894 2564 1022 2646 ΑΒηῢδΚ
1047 2560 1108 2618 lau.
1128 2563 1191 2617 CM.
1210 2595 1241 2603 -
1268 2571 1300 2618 15
1324 2559 1467 2653 ἀμφισβή-

319 2631 532 2774 ηηεὲιεςντῐρρηέ-(Ξ
552 2633 619 2690 ποτὲ
643 2655 714 2705 αμφ.
737 2635 803 2688 MA.
824 2665 856 2675 -
883 2642 914 2689 16
937 2655 1008 2704 οπερ
1035 2634 1135 2706 ἐλαβεν
1160 2635 1239 2746 codd.
1259 2635 1322 2689 edd.
1346 2655 1361 2691 o
1381 2655 1466 2706 παρε·

321 2907 380 2967 ter
417 2909 579 2970 mentem
616 2906 673 2972 ita
706 2907 914 2991 definiunt,
953 2931 1038 2972 esse
1079 2910 1225 2973 fontem
1263 2907 1466 2972 orationis.

320 3011 376 3078 Ad
418 3035 615 3096 summam,
659 3014 758 3078 unde
796 3014 925 3079 oratio
967 3015 1176 3098 emittitur,
1212 3013 1309 3078 illuc
1346 3015 1465 3078 etiam

320 3118 668 3185 ratiocinationem
706 3125 743 3184 et
773 3122 1077 3206 intellegentias
1116 3124 1153 3184 et
1183 3121 1463 3186 meditationes

319 3226 536 3310 verborum,
568 3230 609 3291 ut
642 3227 733 3311 dixi,
764 3228 857 3291 fieri
888 3250 1047 3292 necesse
1080 3231 1146 3292 est.
1197 3227 1305 3303 Quae
1338 3227 1466 3292 omnia

321 3331 360 3394 in
384 3333 498 3397 eorde
526 3333 616 3398 fieri
643 3335 893 3418 perspicuum
917 3340 989 3419 est,
1017 3358 1098 3400 eum
1127 3357 1168 3414 err¹
1197 3357 1238 3398 eo
1267 3356 1335 3418 per
1357 3356 1466 3416 aspe-

321 3461 399 3502 ram
428 3440 614 3506 arteriam
643 3446 680 3505 et
703 3465 773 3506 vox
802 3447 839 3504 et
866 3443 994 3507 oratio
1022 3442 1233 3506 emittatur.
1280 3441 1331 3504 Ae
1355 3461 1466 3524 prae-

321 3549 428 3610 terea
451 3547 655 3630 probabile
676 3553 748 3632 est,
771 3549 808 3614 in
827 3571 898 3633 quo
918 3572 976 3632 ea,
998 3567 1093 3633 quae
1112 3549 1308 3624 dicuntur,
1331 3546 1463 3629 impri-

321 3655 489 3736 muntur,
517 3676 559 3718 ex
584 3656 716 3720 eodem
740 3678 888 3740 quoque
912 3656 1078 3739 exprimi
1103 3659 1219 3739 atque
1242 3654 1336 3744 inde·
1354 3675 1466 3717 voces

322 3758 434 3822 effici
463 3783 520 3845 eo,
549 3783 661 3845 quem
689 3766 804 3825 antea
833 3763 928 3842 dixi,
951 3762 1081 3828 modo.'
1134 3761 1195 3826 Sed
1222 3761 1289 3824 iam
1318 3759 1399 3822 satis
1427 3758 1465 3822 de

322 3863 506 3930 Stoicorum
533 3867 571 3930 de
604 3890 681 3931 voce
714 3868 896 3934 rationibus
928 3871 1050 3934 dictum
1080 3871 1141 3952 cst;
1175 3867 1203 3932 si
1231 3866 1317 3930 enim
1346 3887 1466 3948 omnes,

322 3994 404 4059 quac
429 3996 448 4038 a
471 3973 586 4037 ceteris
614 3974 869 4058 interrogantur,
896 3977 1012 4040 vellem
1036 3975 1185 4058 deinceps
1210 3972 1405 4054 adscribere,
1431 3972 1466 4036 in

322 4081 515 4146 immensum
543 4084 724 4146 excurreret
750 4081 842 4146 liber.
891 4081 978 4146 Nam
1005 4105 1044 4145 ne
1068 4079 1246 4164 Chrysippi
1276 4077 1405 4161 quidem
1434 4081 1466 4140 et

323 4187 478 4273 Diogenis
502 4188 645 4253 rationes
673 4211 918 4269 memorassem,
947 4189 1002 4252 sed
1026 4187 1107 4252 satis
1134 4184 1323 4249 habuissem
1347 4184 1464 4248 exami-

321 4317 399 4358 nare
423 4295 527 4360 solam
551 4295 698 4377 Zenonis,
720 4294 785 4359 nisi
809 4295 887 4360 olim
911 4318 984 4358 eum
1008 4293 1117 4360 Stoico
1141 4292 1280 4376 quodam
1304 4292 1342 4354 dc
1366 4291 1465 4355 verbo

323 4399 491 4487 ‘procedit'
516 4406 588 4468 orta
607 4404 693 4466 esset
715 4401 903 4486 disputati0,
927 4424 990 4486 quo
1010 4401 1096 4466 Zeno
1119 4400 1153 4464 in
1176 4399 1314 4465 rationis
1339 4397 1465 4464 conclu·
