3296 5150
751 355 992 418 -364-

299 509 569 598 ὁμολογήσαντας
597 509 740 600 ἀλόγους
767 511 861 592 τινάς
888 509 973 579 εἶναι
1002 511 1160 599 δυνάμεις
1193 511 1230 578 ἐν
1261 515 1300 600 τῇ
1334 513 1444 602 coppi

232 623 366 691 θνατῶν
388 618 468 686 κατά
493 616 599 706 αὐτὴν
626 625 747 688 παθών
771 625 885 698 αἰτίας.
931 616 973 687 οὐ
1004 617 1112 705 μόνον
1140 623 1257 686 τοίνυν
1285 622 1320 686 οί
1340 616 1447 704 ἄλλοι,

299 722 382 792 ἀλλά
410 725 464 792 καὶ
489 724 507 792 ὁ
533 725 727 814 Χρύσιππος
753 720 853 805 αάτδς
882 727 918 792 ἐν
940 739 1011 803 τοῖς
1037 725 1111 812 περὶ
1135 728 1257 792 παθῶν
1279 724 1447 813 συγγράμ-

298 851 401 918 μασιν
424 833 475 899 brt
500 829 657 919 οὐδεμιᾶς
680 829 804 920 δρμίζει
827 837 969 918 βεβαίως
992 831 1106 918 δόξης,
1135 829 1218 899 ἀλλά
1241 829 1290 899 ἀεὶ
1316 832 1447 900 σαλεύει

266 937 450 1025 οκαθάπερ
489 940 525 1006 ἐν
562 938 719 1007 κλύδωνι.
772 938 826 1006 καὶ
864 937 928 1025 γάρ
964 939 1019 1005 καλ
1052 939 1153 1026 χωρὶς
1189 938 1292 1024 λόγου
1324 938 1448 1019 παντὸς

208 1113 211 1122 ,
299 1051 458 1131 γίνεσθαί
478 1066 560 1131 φησι
592 1045 632 1113 τά
661 1046 754 1132 πάθιγ
782 1045 836 1112 καὶ
866 1037 968 1124 αὖθις
993 1049 1052 1132 τῆς
1074 1049 1208 1132 λογικῆς
1236 1043 1322 1113 εἶναι
1346 1046 1448 1114 δυνά-

298 1179 384 1238 μεως
410 1151 531 1238 μόνης,
563 1151 644 1220 ὥστε
678 1151 734 1220 διά
766 1155 865 1219 τοῦτο
899 1150 982 1239 μηδὲ
1015 1153 1052 1218 ἐν
1083 1167 1154 1231 τοῖς
1186 1148 1320 1240 ἀλόγοις
1353 1152 1448 1245 ζῴοις

299 1266 536 1343 συνίστασθαι,
564 1259 617 1326 καὶ
642 1260 742 1346 χωρὶς
768 1265 907 1345 κρίσεως
934 1265 1089 1344 γίνεσθαι
1117 1259 1171 1326 καὶ
1200 1251 1301 1338 αὖθις
1323 1267 1448 1355 κρίσεις

299 1364 394 1434 εἶναι.
444 1367 590 1453 ἐμπίπτει
624 1367 665 1433 δέ
689 1390 766 1434 ποτε
794 1367 847 1433 καὶ
882 1370 928 1444 είς
955 1364 992 1434 τὸ
1021 1364 1164 1452 φάσκειν
1192 1369 1263 1453 εἰκῆ
1291 1373 1445 1453 γίνεσθαι

261 1471 356 1552 ιοτάς
378 1472 460 1542 κατά
488 1472 528 1540 τὰ
551 1473 644 1559 πάθιγ
668 1472 829 1559 κινήσεις,
857 1471 937 1560 ὅπερ
963 1469 1064 1541 οὐδὲν
1087 1471 1168 1540 ἀλλο
1193 1474 1283 1540 ἐστίν
1312 1470 1332 1561 ἢ
1356 1471 1448 1541 ἀναι-

298 1586 388 1664 τίως,
412 1589 444 1647 εί
463 1607 512 1660 τις
535 1576 679 1666 ἀκριβῶς
702 1580 842 1662 ἐξετάζοι
866 1578 902 1647 τὸ
928 1581 1025 1667 ῥῆμα.
1071 1574 1123 1659 αἶς
1145 1583 1231 1666 γοῦν
1255 1577 1370 1666 ὀλίγον
1393 1586 1446 1668 ἒμ-

299 1696 450 1774 προσθεν
473 1687 623 1774 γέγραφα
647 1684 785 1773 ρ’ήσεσιν
809 1689 925 1774 ἐφεξῆς
948 1706 1053 1774 φησιν
1081 1689 1226 1766 ὀἰκείως
1249 1686 1286 1754 δὲ
1308 1689 1353 1778 τῷ
1378 1691 1446 1755 τῶν

299 1795 432 1860 παθῶν
455 1793 543 1880 γένει
563 1790 759 1861 ἀποδίδοται
783 1795 836 1861 καὶ
862 1791 996 1880 ἡπτοιά
1016 1792 1097 1861 κατὰ
1121 1792 1157 1861 τὸ
1179 1793 1445 1882 ἐνσεσοβημίνον

299 1903 409 1968 ετοῦτο
440 1901 494 1968 καὶ
523 1899 712 1988 φερόμενον
742 1903 833 1988 rinei?
888 1898 970 1968 ἀλλά
999 1905 1030 1968 εί
1064 1901 1126 1988 μὲν
1153 1899 1190 1969 τὸ
1224 1897 1380 1980 ἀναιτίως
1409 1901 1445 1967 τὸ

260 2011 369 2093 nebo}
392 2008 507 2094 λέγεις,
531 1999 556 2076 ὦ
582 2007 768 2094 Χρύσιππε,
796 2009 849 2075 καὶ
879 2012 1005 2098 σεαυτῷ
1033 2007 1120 2096 μάχῃ
1149 2009 1202 2074 καὶ
1229 2003 1441 2094 Ἀριστοτίλει

297 2114 352 2180 καὶ
376 2112 532 2182 Πλάτωνι
556 2114 609 2182 καὶ
633 2127 705 2194 ταῖς
723 2113 880 2182 ἁπάντων
898 2111 1091 2201 ἀνθρώπων
1110 2116 1257 2194 ἐννοίαις
1279 2115 1333 2181 καὶ
1357 2112 1443 2182 πολὺ

300 2269 334 2276 ι.-
354 2271 511 2278 ....—.-.-——-=

333 2353 350 2399 4
374 2340 462 2414 ὁρίζει
486 2347 565 2402 codd.
590 2347 652 2401 edd.
677 2342 784 2417 ὁρμίζει
809 2363 873 2412 ιιοις
899 2345 934 2401 cf.
957 2345 1040 2400 Proll.
1065 2363 1092 2415 p.
1116 2351 1158 2399 91.
1185 2377 1216 2386 -
1246 2353 1260 2400 7
1286 2351 1350 2416 post
1375 2339 1444 2400 ὥστε

299 2417 420 2485 spatium
436 2434 495 2471 vac.
515 2420 601 2472 trium
615 2418 673 2472 lere
688 2420 773 2473 litte
794 2436 889 2472 rasura
907 2423 998 2472 ortum
1013 2418 1042 2471 in
1057 2418 1094 2471 M.
1115 2448 1147 2456 -
1170 2425 1201 2470 12
1221 2417 1346 2488 γέγραφε
1366 2419 1446 2472 codd.

299 2489 360 2543 edd.
379 2487 510 2557 γέγραφα
529 2507 591 2556 nos;
615 2490 648 2543 cl.
674 2490 757 2544 Proll.
781 2508 808 2559 p.
831 2497 888 2544 100.
909 2520 942 2529 —
969 2495 1000 2542 13
1024 2491 1109 2542 πτοία
1127 2489 1156 2540 M
1162 2489 1214 2542 AB
1232 2485 1316 2542 πτοιά
1337 2489 1387 2543 Cb.
1412 2521 1444 2528 -—

302 2565 333 2611 14
352 2562 438 2613 verbo
456 2555 525 2613 ἀλλά
547 2591 578 2600 -
598 2555 733 2622 ἀναιτίως
752 2579 806 2616 οιιι.
826 2562 862 2614 M.
883 2591 914 2600 -
935 2555 1066 2622 ἀναιτιάς
1084 2560 1136 2614 AB
1154 2556 1290 2622 ἀναιτίως
1309 2559 1389 2614 Corn.
1409 2592 1442 2600 —

302 2635 333 2682 15
353 2634 418 2686 autc
438 2629 500 2699 εἰκῆ
521 2649 571 2686 nos
590 2628 621 2685 τὸ
641 2632 815 2686 inseruimus.
836 2663 868 2672 -

300 2864 408 2930 animo
433 2888 502 2930 esse
521 2866 803 2950 perturbationum
822 2889 937 2931 causas
957 2866 1201 2931 concessissent.
1238 2865 1350 2951 Neque
1370 2889 1446 2931 vero

299 2972 356 3036 ulii
379 2976 523 3058 tantum,
552 2974 606 3037 sed
636 2974 705 3057 ipse
729 2973 828 3037 etiam
852 2971 1055 3057 Chrysippus
1083 2973 1117 3038 in
1140 2973 1234 3039 libris
1258 2973 1297 3036 de
1320 2977 1446 3058 pertur-

299 3079 486 3146 bationibus
511 3081 544 3145 in
562 3081 653 3145 nulla
671 3080 807 3144 firmiter
826 3078 978 3164 opinione
1001 3084 1168 3165 tamquam
1186 3080 1279 3145 navis
1299 3081 1332 3146 in
1351 3103 1446 3146 aneo-

299 3186 344 3250 ris
369 3187 528 3271 consistit,
552 3188 605 3254 sed
625 3210 753 3272 semper
775 3187 867 3271 quasi
891 3187 925 3251 in
944 3186 1037 3250 undis
1057 3187 1201 3252 fluctuat.
1238 3185 1335 3252 Modo
1360 3188 1445 3251 enirn

300 3293 369 3358 sine
393 3294 461 3358 ulla
483 3295 609 3360 ratione
637 3294 900 3378 perturbationes
924 3294 1009 3375 fieri,
1038 3293 1133 3358 niodo
1158 3294 1286 3358 easdem
1310 3294 1446 3359 faculta-

299 3401 342 3464 tis
365 3401 536 3466 rationalis
564 3401 664 3466 solius
688 3424 758 3466 esse
787 3403 835 3466 ait
862 3423 996 3486 eamque
1026 3400 1067 3466 ob
1096 3422 1164 3464 rem
1191 3399 1224 3465 in
1253 3401 1357 3466 brutis
1381 3424 1446 3466 non

299 3508 404 3594 gigni3
429 3509 511 3572 alias
537 3508 605 3573 sine
630 3508 750 3573 iudicio
775 3507 864 3591 oriri,
887 3509 969 3572 alias
993 3507 1113 3573 iudicia
1137 3509 1210 3592 ipsa
1234 3530 1312 3572 esse.
1356 3507 1445 3574 Non·

300 3637 462 3699 nunquam
490 3615 525 3680 in
551 3615 632 3680 illud
662 3614 791 3699 incidit,
820 3620 857 3680 ut
884 3615 1166 3700 perturbationum
1194 3619 1301 3680 motus
1325 3619 1446 3680 temere

300 3721 433 3786 excitari
457 3723 557 3806 dicat,
580 3721 665 3805 quod
688 3721 771 3786 nihil
797 3722 883 3786 aliud
908 3727 970 3807 est,
994 3723 1021 3786 si
1045 3722 1112 3787 vim
1135 3722 1287 3787 vocabuli
1311 3722 1445 3808 diligen-

300 3832 350 3892 ter
372 3828 562 3913 perpendas,
585 3851 682 3913 quam
706 3829 775 3893 sinc
799 3851 905 3894 causa.
947 3829 997 3894 Ad
1021 3829 1220 3914 ecquidem,
1243 3852 1325 3913 quae
1347 3831 1446 3915 paulo

300 3957 398 4019 supra
421 3935 590 4020 adscripsi,
614 3935 694 4000 haec
717 3934 868 4019 deinceps
894 3936 995 4001 addit:
1038 3934 1340 4002 ‘Convenienter
1361 3960 1445 4022 per-

299 4041 568 4108 turbationum
600 4041 732 4128 generi
763 4043 988 4128 assignatur
1015 4043 1136 4108 etiam
1164 4047 1290 4108 terror
1317 4067 1358 4109 ex
1387 4067 1447 4127 eo,
1512 4091 1515 4094 -

299 4149 397 4231 quod
420 4149 613 4213 incutitur
637 4152 750 4234 atque
770 4153 912 4214 temere
931 4147 1076 4215 fertur?
1113 4149 1159 4214 At
1177 4149 1205 4214 si
1224 4150 1310 4215 istud
1325 4155 1446 4216 temere

299 4255 346 4337 id,
383 4255 467 4339 quod
501 4257 569 4321 sine
607 4279 706 4320 eausa
738 4262 800 4341 est,
837 4258 1015 4343 intellegis,
1048 4255 1245 4342 Chrysippe,
1277 4258 1338 4323 tibi
1370 4259 1444 4343 ipsi,

301 4362 482 4446 Aristoteli,
505 4361 634 4428 Platoni
659 4364 866 4449 omniumque
894 4365 1062 4429 hominurn
1086 4365 1274 4429 notionibus
1302 4365 1445 4450 refraga-
