3298 5136
663 365 814 437 -'*'191
862 409 907 420 -

206 537 297 615 εἴπερ
325 525 507 616 ἅνθρωπος
533 537 584 614 είη
612 526 649 596 τὸ
679 527 765 597 οὕτω
793 532 941 617 τρωθέν,
973 530 1097 612 ἐξέσται
1126 550 1179 598 σοι
1209 529 1356 599 κελεύειν

207 632 297 726 αὐτῷ
326 637 546 722 φθέγξασθαί
574 662 615 703 τι.
664 635 965 722 προθυμηθῆσεται
992 636 1054 724 μὲν
1081 635 1161 724 γάρ,
1189 633 1291 704 οὐδὲν
1319 637 1355 705 δὲ

207 738 334 830 ἀκούσῃ
362 742 465 809 πλέον
493 743 644 828 ἐκπνοῆς·
661 741 856 828 ῥοιζάόονς,
883 737 927 828 ῆν
953 739 1048 830 ἡμεῖς
1074 739 1280 830 ὀνομάζομεν
1307 743 1355 810 ἐκ·

210 845 370 932 φύσησιν·
394 844 477 917 άνευ
496 848 533 916 δὲ
550 853 612 917 τοῦ
630 857 882 936 προθυμεῖσθαι
900 848 1114 934 φθέγξασθαι
1137 850 1271 937 φέρεται
1294 849 1357 938 μὲν

209 953 270 1031 ἔξω
293 951 330 1020 τὸ
354 957 485 1041 πνεῦμα
507 954 590 1023 κατὰ
613 953 672 1035 τὰς
692 953 845 1038 ἐκπνοάς,
869 950 911 1022 οὐ
933 951 1000 1040 μῆν
1019 953 1084 1021 σὺν
1107 954 1206 1046 ψόφῳ
1230 957 1269 1042 γί
1288 979 1383 1025 τινιι

208 1057 263 1124 καὶ
286 1055 431 1147 ἀθρόως.
477 1059 552 1142 ὄψει
576 1061 614 1129 δὲ
635 1063 691 1129 καὶ
714 1060 794 1140 τοὺς
815 1057 898 1128 κατά
921 1058 982 1126 τὸν
1003 1058 1144 1146 θώρακα
1167 1065 1231 1149 μῦς
1259 1063 1264 1150 Ι
1288 1061 1423 1150 ipanus

208 1178 277 1244 τοῖς
294 1164 377 1232 κατὰ
395 1162 620 1255 ἐπιγάστριον,
640 1166 723 1236 ὅταν
740 1171 955 1254 προθυμῆται
972 1167 1184 1253 φθέγγεσθαι
1202 1167 1239 1236 τὸ
1261 1173 1357 1259 ζῷον,

210 1271 457 1359 ἐκτεινομένονς
484 1277 648 1362 σφοδρῶς.
698 1273 838 1353 τούτους
864 1275 926 1361 μέν
953 1274 1068 1360 γεκαὶ
1095 1272 1158 1361 πρὸ
1187 1278 1249 1343 τοῦ
1275 1301 1357 1363 τρω-

208 1380 313 1464 θῆναι
336 1378 399 1466 τῆν
421 1380 579 1468 φάρυγγα
606 1384 721 1468 σαφῶς
743 1385 834 1448 ἔστιν
858 1385 944 1448 ἰδεῖν
965 1380 1194 1468 τεινομένονς,
1221 1381 1357 1450 ἐπειδὰν

207 1483 398 1573 βιαιότερον
425 1491 608 1574 φανῶμεν,
645 1484 728 1555 ἀλλὰ
761 1489 817 1556 ἐπί
850 1514 887 1574 γε
918 1489 1104 1576 τετρωμίνη
1136 1491 1176 1576 τῆ
1207 1486 1356 1576 φάρυγγι
1369 1512 1396 1554 ιο

209 1595 351 1660 πονοῦσι
374 1592 482 1680 μάτην
505 1591 568 1661 ὅσα
595 1619 632 1680 γε
654 1592 738 1681 πρὸς
759 1595 892 1680 γένεσιν
914 1598 1038 1682 φωνῆς.
1084 1593 1269 1682 ἐκφύσησιν
1290 1592 1356 1681 γὰρ

208 1697 318 1785 μόνην
354 1699 546 1787 ἐργάζονται
588 1701 818 1789 διαφέρουσαν
854 1698 958 1788 ἁπλῆς
997 1702 1151 1788 ἐκπνοῆς,
1188 1698 1239 1768 ὅτι
1275 1701 1356 1788 μετὰ

208 1803 323 1890 ψόφου
345 1831 380 1874 τε
403 1804 470 1892 ἅμα
493 1806 548 1874 καὶ
570 1805 691 1894 τάχους
710 1809 898 1876 ἐκκενοῦται
922 1807 959 1876 τὸ
982 1813 1121 1896 πνεῦμα.
1157 1807 1271 1876 διττὸν
1293 1801 1356 1876 οὖν

208 1907 430 1998 ἁμαρτάνεται
461 1911 638 1981 κάνταῦθα
675 1910 852 2002 ἁμάρτημα
883 1929 954 1993 τοῖς
988 1913 1051 2001 τὴν
1082 1912 1203 2001 φωνῆν
1235 1916 1271 1982 ἐκ
1299 1925 1356 2002 τῆς

210 2022 348 2103 καρδίας
380 2017 603 2108 ἐκπέμπεσθαι
632 2027 841 2109 νομίζουσιν,
873 2019 924 2088 ὅτι
951 2024 1084 2108 πρῶτον
1113 2020 1175 2109 μὲν
1205 2018 1269 2088 άπὸ
1297 2024 1355 2108 τῆς
1369 2045 1395 2086 15

210 2124 336 2204 θέσεως
363 2127 603 2216 ἐπιχειροῦσιν,
632 2132 742 2196 ἔπειτα
771 2127 807 2195 δὲ
840 2125 920 2194 οὐδὲ
947 2123 1012 2196 άπὸ
1042 2127 1179 2214 ταύτης,
1211 2125 1256 2206 ὡς
1282 2126 1354 2216 χρά.

209 2289 238 2295 —
272 2291 420 2300 --·——.

245 2345 493 2480 λπρομῆθῆσεται
515 2395 610 2451 M-
618 2389 890 2450 3άκούοειο.-
917 2386 1100 2481 ύμειςο.-
1129 2390 1353 2478 λφθὲγγεσθαι

208 2461 291 2518 0.-
315 2471 330 2518 9
350 2461 402 2534 τὴν
421 2461 553 2552 φάρυγγα
572 2467 670 2550 σαφῶς
689 2461 758 2520 C
729 2486 781 2534 την
799 2466 887 2535 τραγῆ
897 2459 1043 2550 άρτηρίαν
1061 2459 1114 2532 τὴν
1133 2461 1265 2548 φάρυγγα
1285 2483 1352 2534 ταφ.

208 2530 284 2586 M
255 2555 307 2603 την
326 2544 459 2664 coeperas
478 2531 615 2606 άρτηρίαν
633 2532 733 2606 τὸνφ.
753 2555 776 2591 o.
795 2537 850 2590 ΑΒ
874 2531 926 2604 τὴν
949 2556 989 2605 τρ.
991 2531 1144 2624 ἀρτηρίαν
1163 2537 1261 2604 σαφῶς
1281 2535 1353 2590 ChK

209 2604 305 2673 Corn·
325 2607 355 2661 cf
397 2607 459 2664 roll.
478 2615 685 2678 p..—11710
703 2628 737 2678 τη
757 2627 881 2678 φαρυγγι
896 2605 1002 2662 GM
969 2628 1002 2678 τη
1023 2603 1143 2681 άρτηρίηι
1161 2606 1299 2662 ABchK.
1319 2637 1351 2647 -

208 2877 236 2940 si
264 2876 363 2943 homo
390 2877 502 2963 fuerit,
535 2879 590 2963 qui
622 2878 684 2943 hoo
711 2877 827 2942 vulnus
856 2879 1031 2962 acceperit,
1058 2878 1182 2962 poteris
1211 2900 1285 2942 eum
1312 2877 1352 2944 ad

208 2983 405 3069 loquendum
429 2985 610 3070 adhortari3
635 2985 784 3070 accinget
807 3007 841 3048 se
864 2985 935 3068 ille,
963 2985 1047 3049 nihil
1075 2989 1186 3049 tamen
1212 2985 1277 3049 nisi
1300 3007 1353 3049 ex·

208 3091 421 3174 spirationem
435 3091 597 3176 quandam
621 3113 694 3156 cum
714 3091 811 3156 sibilo
831 3092 950 3174 audies,
972 3113 1071 3175 quam
1088 3114 1148 3157 nos
1167 3084 1353 3174 ἐκφύσησιν

207 3198 423 3284 appellamus3
448 3201 544 3282 atque
563 3199 663 3262 etiam
682 3199 751 3263 sine
768 3197 920 3282 loquendi
943 3197 1050 3262 studio
1073 3197 1108 3262 in
1127 3197 1352 3281 exspirationi·

209 3304 270 3368 bus
294 3307 386 3368 extra
408 3304 512 3368 fertur
534 3304 680 3389 spiritus,
701 3309 896 3370 nontamen
920 3326 992 3368 cum
1012 3303 1190 3369 sibilo'aut
1212 3303 1352 3387 profuse.

205 3409 283 3474 Jam
309 3431 402 3495 vero,
432 3433 504 3474 oum
533 3411 655 3476 animal
685 3435 798 3477 vocem
826 3412 973 3476 emittere
1001 3411 1120 3494 studet,
1146 3409 1292 3475 thoracis
1320 3413 1353 3474 et

208 3517 392 3582 abdominis
420 3519 583 3583 musculos
617 3519 791 3584 admodum
826 3519 966 3584 distendi
1000 3517 1189 3602 conspicies,
1243 3515 1351 3600 Atque

188 3623 266 3689 ·h0s
290 3625 420 3710 quidem
443 3625 533 3710 prius
553 3626 651 3690 etiam
671 3649 769 3710 quam
789 3627 911 3690 arteria
934 3647 1049 3709 aspera
1070 3624 1228 3708 laedatur,
1251 3624 1352 3689 mani-

206 3729 290 3794 festo
308 3731 416 3796 videre
435 3731 512 3796 licet
530 3732 663 3816 intendi,
682 3734 738 3798 ubi
757 3734 855 3818 paulo
877 3732 1099 3797 vehementius
1121 3731 1349 3817 vociferamur5

208 3839 242 3901 at
271 3839 402 3903 vulnere
435 3839 551 3903 affecta
584 3841 624 3903 ad
656 3841 745 3906 vocis
775 3840 1014 3925 expressionem
1041 3839 1164 3904 frustra
1189 3838 1350 3921 laborant,

206 3966 281 4009 cum
304 3940 490 4030 ἐκφύσησιν
513 3946 618 4010 solam
641 3947 794 4031 efficiant,
818 3969 899 4031 quse
922 3970 942 4012 a
966 3945 1108 4031 simplici
1132 3946 1349 4030 exspiratione

206 4073 245 4116 eo
275 4052 396 4135 differt,
425 4053 510 4138 quod
538 4075 611 4120 omn
639 4054 779 4138 strepitu
811 4055 908 4119 simul
940 4037 1036 4138 atque
1064 4054 1188 4135 impetu
1213 4051 1349 4135 spiritus

206 4159 398 4224 exinanitur.
438 4159 568 4244 Duplex
590 4161 693 4246 igitur
712 4183 801 4226 error
822 4160 886 4226 hoc
909 4162 981 4226 loco
1000 4161 1041 4224 ab
1064 4160 1105 4223 iis
1126 4157 1350 4240 committitur,

205 4266 261 4350 qui
290 4287 402 4332 vocem
430 4289 447 4330 e
475 4266 570 4333 corde
599 4268 704 4332 emitti
736 4271 869 4352 putant,
900 4290 995 4349 unae,
1027 4266 1112 4349 quod
1141 4289 1160 4329 a
1187 4265 1251 4329 situ
1279 4264 1348 4328 eius

206 4378 483 4460 argmnentantur,
506 4376 597 4458 alter,
620 4375 702 4458 quod
722 4397 762 4438 ne
782 4374 904 4439 abhoc
927 4374 1056 4458 quidem
1074 4373 1131 4458 its,
1154 4376 1191 4436 ut
1212 4394 1273 4456 par
1291 4377 1348 4436 est
