3166 5192
562 407 803 470 „557-

99 573 172 632 θεν
195 563 248 632 ἐπὶ
266 569 457 650 κεφαλαίων
480 559 700 652 ἀναλάβωμεν
722 563 783 632 τὸν
806 561 922 648 λόγον·
950 567 980 630 εί
1001 560 1064 649 τὴν
1086 566 1144 650 τῆς
1165 562 1253 651 προό-

98 698 164 758 της
186 671 347 758 γενέσεως
369 667 477 757 ἀρχὴν
498 673 567 738 τάν
589 673 724 756 φλεβῶν
748 675 869 756 ζητοῑς,
896 660 984 756 ἧπάρ
1008 670 1111 737 ἐστιν·
1139 674 1170 738 εί
1195 680 1253 756 τῆς

99 776 189 846 κατὰ
212 775 275 864 τὴν
297 775 383 863 ὕλην
406 775 612 862 διοικήσεως,
634 767 656 865 ᾖ
678 777 832 863 τρέφεται
854 773 891 843 τὸ
916 775 1051 862 σύμπαν
1069 779 1174 864 σῶμα,
1197 778 1251 844 καὶ

101 883 297 971 δυνάμεως,
330 879 410 951 οὐδὲ
441 881 547 962 οὕτως
573 881 654 952 άλλο
686 909 718 950 τι
749 880 941 969 σπλάγχνον
969 879 1120 970 εὑρήσεις
1147 884 1254 970 ἐπιτη-

102 989 279 1077 δειότερον
302 987 409 1077 ἀρχὴν
428 987 619 1076 ὁρισθῆναι.
655 989 740 1077 φημί
763 987 841 1076 γάρ·
864 989 918 1057 καί
938 987 997 1066 τὰς
1013 989 1112 1076 φύσει
1136 998 1280 1077 nupsi-s

101 1097 184 1166 θὼν
207 1093 310 1184 ἀρχάς
333 1103 364 1166 εί
384 1096 447 1184 τὴν
475 1094 521 1176 ὡς
548 1101 764 1175 διδασκαλίας
791 1091 899 1182 άρχὴν
925 1091 945 1182 ἢ
968 1093 1031 1182 τὴν
1057 1095 1102 1177 ὡς
1125 1093 1210 1167 ὁδοῦ
1232 1092 1253 1184 ἢ

103 1201 267 1272 ὁπωσοῦν
295 1202 403 1283 άλλως
430 1203 560 1282 ἐθέλοις
589 1212 804 1286 σκοπεῖσθαι,
831 1205 943 1270 πάσαν
972 1203 1125 1271 ἐπίνοιαν
1152 1201 1254 1290 ἀρχῆς

105 1308 297 1398 ἐπιτήδειόν
328 1312 396 1378 ἐστι
429 1311 589 1391 δέξασθαι
621 1307 658 1378 τὸ
692 1299 789 1396 ἧπαρ.
840 1313 871 1376 εί
900 1306 964 1395 γάρ
996 1307 1102 1390 ὅντως
1132 1336 1167 1378 τε
1198 1311 1252 1378 καί

105 1416 208 1502 φύσει
232 1420 301 1486 τεόν
324 1420 459 1504 φλεβῶν
481 1418 572 1484 ἐστιν
595 1411 695 1504 άρχὴ,
722 1414 921 1502 θαυμαστὸν
948 1412 1050 1484 οὐδὲν
1076 1417 1254 1486 τοῦτοκαὶ

105 1522 192 1592 κατδ
216 1523 325 1592 πάντα
347 1522 473 1612 τρόπον
496 1519 603 1610 ἀρχὴν
626 1519 738 1592 αὐτῶν
760 1519 984 1609 εὑρίσκεσθαι.
1269 1545 1294 1584 ιο

193 1621 274 1719 'Apa
294 1621 357 1700 cim
376 1628 439 1717 ἤδη
458 1628 700 1717 κατακούομεν
722 1630 886 1698 ἐνταυθοῖ
904 1629 965 1699 τὸν
988 1628 1091 1716 λόγον
1109 1627 1129 1718 ἢ
1153 1651 1253 1718 προσ-

106 1739 258 1823 τιθῶμεν
285 1733 375 1830 αότῷ
403 1736 586 1824 κεφάλαιον
610 1737 647 1805 ἕν
673 1763 705 1806 τι
732 1740 800 1804 suiv
827 1741 1018 1824 ἔμπροσθεν
1046 1734 1254 1824 ἀναβληθέν-

106 1870 193 1928 των,
225 1841 325 1931 ἡνίκα
357 1845 513 1932 ἐλέγομεν
545 1841 606 1912 οόκ
640 1842 683 1912 ἄν
714 1870 790 1912 τινα
820 1843 1095 1932 γεγυμνασμένον
1121 1845 1159 1912 ἐν
1185 1857 1255 1923 τοῖς

108 1950 185 2038 περὶ
208 1954 277 2020 τῶν
298 1955 452 2038 φυσικόν
475 1950 652 2038 δυνάμεων
675 1957 848 2038 λογισμοῖς
869 1948 950 2020 ἄλλο
977 1951 1138 2036 γενέσεως
1159 1955 1254 2038 αἵμα-

106 2083 166 2135 τος
197 2053 447 2143 ἀποφαίνεσθαι
484 2055 675 2144 σπλάγχνον
711 2055 905 2145 αίτιιότερον
941 2055 1078 2144 ἥπατοςς
1114 2055 1254 2144 άμεινον
1269 2077 1294 2118 1⁵

120 2205 125 2208 .
150 2203 322 2212 .——.-—-—-

146 2277 162 2323 2
183 2273 273 2338 ζητεῖς
291 2270 370 2326 codd.
391 2270 453 2326 εδδ.
473 2273 564 2338 ζητεῖς
583 2286 646 2337 uoe;
665 2269 699 2325 cf.
715 2271 798 2328 Proll.
819 2289 845 2353 p.
861 2277 903 2326 80.
923 2301 956 2310 -
976 2277 991 2324 4
1010 2274 1075 2340 post
1093 2267 1254 2341 ἐπιτήδειον

111 2343 185 2410 spat.
204 2357 264 2396 vac.
283 2341 368 2396 nium
387 2341 486 2408 liner,
505 2341 632 2410 sequitur
644 2336 696 2410 τὴν
715 2335 805 2410 άργὴν
823 2359 852 2394 ru
866 2340 895 2394 M
915 2337 1146 2410 ἐπιτηδειότατον
1164 2338 1255 2412 άργὴν

110 2411 239 2468 ABchK
254 2407 481 2480 ἐπιτηδειότερον
495 2406 556 2498 άρχ.
572 2428 629 2466 nos.
643 2445 674 2455 -
691 2418 706 2466 ό
722 2407 874 2482 ὁρισθῆναι
883 2413 912 2466 Μ
926 2413 1099 2484 νομισθῆναι
1110 2413 1254 2481 loculo

110 2483 145 2538 ci.
165 2483 249 2540 Proll.
272 2502 300 2554 p.
320 2489 363 2539 26.
390 2515 422 2524 -
446 2491 462 2540 6
481 2477 553 2538 ὁδον
576 2483 655 2538 οοδδ.
679 2482 741 2537 εδδ.
765 2477 836 2538 ὁδοῦ
861 2500 925 2550 nos;
949 2483 984 2539 cf.
1007 2481 1200 2555 Ρτο11.μ.87.
1221 2515 1254 2524 -·

112 2561 126 2608 'l
147 2550 244 2610 ἐθέλοι
262 2553 408 2620 Menon
433 2555 466 2609 ci.
487 2553 571 2610 Proll.
591 2571 622 2642 p.
644 2561 702 2610 loc.
727 2585 761 2594 -
785 2561 801 2608 9
824 2550 993 2626 θαυμαστόν
1014 2551 1102 2610 οόδὸν
1124 2555 1205 2610 τοῦτο
1225 2555 1254 2608 Μ

109 2620 279 2696 θαυμαστόν
304 2625 389 2680 τοῦτο
412 2623 542 2680 ABchK
565 2622 652 2680 ονδὲν
678 2627 740 2681 θαν
781 2621 848 2680 στδν
871 2627 954 2680 τοῦτο
982 2624 1076 2693 Corn.;
1105 2627 1139 2684 cf.
1168 2627 1253 2682 Proll.

110 2714 138 2765 p.
158 2703 200 2750 ³5.
221 2727 254 2736 -
273 2697 322 2750 καλ
340 2691 434 2750 πάντα
449 2697 478 2750 Μ
496 2691 568 2751 κατά
588 2718 616 2751 κ.
631 2695 730 2751 such
779 2698 828 2752 sul
846 2693 919 2754 κατὰ
937 2718 966 2752 π.
985 2715 1043 2753 nos
1062 2729 1098 2740 -
1118 2705 1149 2752 ll
1170 2719 1254 2754 κατα·

112 2762 188 2821 usto
209 2786 240 2822 εν
258 2765 353 2822 ΜΑΒ.
374 2799 406 2806 κ-
425 2767 627 2838 κροστεδῶμεν
645 2768 683 2822 Μ.
703 2799 736 2808 -
756 2775 790 2823 lt
809 2763 1035 2838 ἐπιτηδειότερον
1058 2787 1109 2840 pro
1129 2764 1254 2825 αίτιιότε·

112 2857 162 2906 ρον
202 2855 260 2892 orn.
282 2871 313 2880 -

113 3021 299 3086 summatim
336 3019 529 3106 colligamus
565 3023 762 3090 orationemr
802 3023 831 3088 si
871 3023 997 3108 primae
1034 3023 1254 3108 generationis

113 3150 265 3194 venarum
289 3127 448 3213 originem
471 3129 632 3214 requiras,
655 3131 743 3196 iecur
765 3135 828 3216 est3
856 3130 884 3196 si
912 3129 1165 3214 dispensationis
1188 3152 1254 3196 ma·

113 3237 225 3318 terias,
247 3257 312 3322 qua
334 3238 439 3302 totum
464 3257 581 3320 corpus
604 3235 712 3320 alitur,
735 3240 768 3302 et
789 3237 971 3321 facultatis,
993 3258 1034 3304 ne
1057 3235 1255 3322 sicquidem

114 3343 201 3408 aliud
223 3343 330 3408 viscus
354 3342 508 3427 invenies,
530 3343 616 3428 qnod
639 3343 765 3410 definiri
788 3343 985 3428 principium
1009 3343 1118 3428 aptius
1141 3343 1254 3426 possit.

115 3447 194 3512 Dico
226 3449 327 3515 enim:
363 3448 391 3513 si
427 3449 478 3514 vol
510 3450 620 3516 missis
651 3449 854 3516 naturalibos
885 3449 1054 3534 principiis
1087 3455 1254 3535 tamquam

115 3551 277 3618 doctrinae
300 3554 448 3620 sutriae
466 3554 661 3640 principium
681 3561 738 3620 aut
755 3559 919 3642 uteunque
939 3556 1142 3623 considerare
1165 3557 1255 3640 velis,
1291 3619 1294 3626 ,

116 3680 241 3724 omnem
264 3659 418 3745 principii
440 3662 608 3728 notionem
630 3662 717 3747 quod
739 3663 889 3747 recipiat,
911 3663 1000 3730 iecur
1022 3663 1172 3730 idoneum
1197 3667 1255 3730 est.

115 3763 199 3830 Nam
222 3786 429 3832 cumrerum
454 3767 499 3832 sit
520 3771 554 3832 et
580 3769 728 3834 naturale
752 3791 907 3835 venarum
930 3770 1139 3856 principium,
1167 3771 1256 3838 omui

116 3871 212 3936 etiam
235 3869 331 3936 modo
353 3872 491 3938 inveniri
514 3875 711 3961 principium
734 3897 846 3942 earum
868 3898 934 3942 non
958 3876 1076 3942 mirum
1100 3881 1158 3944 est

201 3977 318 4042 Utrum
341 3978 407 4044 iam
429 3979 570 4046 finiendo
592 3985 705 4048 nostra
727 3983 781 4048 hic
808 3986 859 4048 est
885 3983 1065 4069 disputatio
1089 4007 1131 4050 an
1158 4007 1256 4070 appo-

116 4085 252 4150 nendum
275 4088 443 4170 tamqnam
462 4091 560 4172 caput
583 4111 681 4155 unum
701 4113 739 4154 ex
760 4091 812 4174 iis,
834 4112 917 4175 quae
940 4113 1039 4174 supra
1061 4091 1255 4176 distulimus,

118 4199 186 4258 tum
200 4191 377 4258 diceremus
391 4193 562 4279 neminem,
580 4195 635 4280 qui
653 4197 688 4262 in
701 4196 894 4261 facultatum
909 4197 1107 4264 patruelium
1122 4199 1253 4266 rationi-

118 4300 173 4364 bus
200 4299 396 4364 exercitatus
425 4305 523 4386 esset,
553 4301 639 4367 aliud
667 4303 772 4368 viscus
800 4325 896 4388 quom
920 4303 1009 4368 iecur
1035 4305 1253 4388 generationis

119 4407 280 4491 sanguinis
301 4407 461 4491 aptiorem
476 4429 608 4474 causam
627 4431 722 4493 posse
738 4409 956 4478 constituere?
979 4411 1096 4476 Melius
1115 4412 1254 4478 fortasse
