3298 5136
681 407 922 472 -185-

223 567 340 652 στῆσαι
369 565 430 632 τοῦ
457 567 644 652 μοχθηροῦ.
688 567 787 632 τοῦτο
816 563 852 632 δὲ
879 569 1027 652 χαλεποῖς
1053 564 1115 654 μὲν
1142 563 1308 650 ἅν,1σως
1336 564 1372 636 δὲ

222 668 362 739 ἀνύσειν
381 666 577 758 ἠλπίσαμεν,
600 680 696 749 εἴτις
719 668 831 738 αὐτῶν
848 669 1004 759 ὑπέμεινε
1022 677 1061 762 τῇ
1080 675 1155 761 περὶ
1174 671 1373 758 ἀποδειξεως

222 783 428 866 πραγματείᾳ
450 775 686 866 ἀκολουθήσας
713 779 765 846 ἐπὶ
788 780 892 846 πλέον
916 781 967 864 [ἐν
990 778 1087 870 αὐτῇ]
1117 783 1240 849 δοῦναί
1259 807 1294 848 τε
1317 782 1371 848 καὶ

223 891 339 972 λαβεῖν
369 883 472 970 λόγον
505 884 542 951 έν
574 881 748 972 εὐμενέσιν
781 886 933 972 ἐλέγχοις.
985 887 1054 954 ἐπεὶ
1087 886 1124 954 δὲ
1157 883 1218 973 οὐχ
1249 884 1372 975 ὑπομέ-

224 1013 322 1062 νουσι
346 991 408 1080 μὲν
429 993 539 1078 τοῦτο,
561 991 635 1079 περὶ
659 990 696 1059 δέ
714 995 775 1061 τοῦ
797 993 1020 1081 προτεθέντος
1042 990 1093 1061 ἀεὶ
1113 997 1257 1081 ζητοῦσι,
1280 1001 1398 1082 opime

224 1097 314 1178 ὄντας
335 1097 397 1187 χρὴ
422 1105 540 1184 ζητεῖν,
563 1097 849 1184 καταστήσασθαι,
875 1106 926 1178 τίς
948 1093 992 1166 ἂν
1014 1097 1096 1187 ἡμῖν
1124 1100 1215 1179 ἐλπίς
1238 1105 1284 1167 ἔτι
1308 1107 1372 1169 λεί-

224 1230 319 1274 ποιτο
359 1208 421 1273 τοῦ
457 1208 656 1292 μεταστῆσαι
693 1203 773 1285 τοὺς
809 1202 1012 1294 ἀνθρώπους
1052 1203 1113 1293 ἀφ’
1154 1198 1204 1274 ὧν
1240 1211 1372 1288 ψευδῶς

224 1309 463 1398 ὑπειλήφασιν;

310 1415 406 1486 Ἀλλὰ
434 1419 502 1486 έτιελ
530 1417 575 1506 μὴ
602 1417 710 1506 μόνον
738 1421 885 1498 ἐκείνους
911 1417 1079 1505 πρόκειται
1108 1427 1255 1506 πείθειν,
1287 1418 1370 1490 ἀλλὰ
1422 1507 1427 1516 Ι

225 1525 279 1592 καὶ
307 1529 376 1593 τῶν
408 1521 519 1593 ἄλλων
545 1522 719 1611 ἁπάντων,
751 1525 841 1605 ὅστις
872 1523 915 1594 ἂν
942 1522 1039 1613 μήπω
1071 1531 1254 1614 μοχθηρῶν
1282 1533 1375 1597 ἔθεσι
1390 1549 1415 1586 10

225 1632 336 1718 λόγων
360 1633 626 1720 ἐντεθραμμένος
649 1629 788 1701 ἀνίατον
811 1639 867 1722 ἔχη
894 1631 956 1720 τὴν
985 1635 1022 1700 έν
1047 1637 1087 1722 τῇ
1111 1638 1199 1723 ψυχῇ
1223 1637 1375 1722 διαστρο-

226 1738 311 1827 φήν,
338 1737 479 1826 ἄρξομαι
507 1737 608 1807 πάλιν
636 1738 771 1808 ἄνωθεν
798 1738 986 1826 δεικνύναι,
1017 1745 1066 1820 είς
1092 1741 1129 1810 τὸ
1158 1748 1375 1829 προκείμενον

227 1847 353 1933 σκέμμα
375 1848 445 1924 πῶς
467 1845 529 1933 μὲν
553 1844 597 1913 ἄν
619 1845 922 1934 tigranocertam&
947 1847 1114 1935 λαμβάνοι
1138 1847 1290 1936 λήμματα
1314 1848 1376 1935 τήν

228 1948 397 2039 ἀληθινὴν
424 1949 594 2035 ἀπόδειξιν
616 1953 875 2041 συνιστάνοντα,
904 1958 973 2034 πῶς
1001 1955 1037 2023 δὲ
1066 1951 1109 2024 ἂν
1138 1955 1143 2046 λ
1171 1957 1275 2022 ταῦτα
1303 1959 1374 2022 δια·
1384 1971 1438 2026 2117

228 2065 337 2147 κρίνοι
359 2084 409 2138 τις
435 2056 499 2130 dud
528 2065 596 2130 τῶν
627 2059 740 2130 ἄλλων
766 2061 966 2149 λημμάτων,
998 2067 1045 2130 ἔτι
1071 2088 1106 2131 τε
1133 2069 1217 2151 πρὸς
1242 2061 1374 2142 τούτοις
1389 2081 1414 2121 1⁵

269 2289 418 2348 Ῑᾶνύσειν
446 2289 665 2382 ’λπίσαμενο’
646 2316 674 2350 α.
693 2288 722 2348 δ’
742 2288 784 2363 ήλ.
803 2293 969 2350 MnBchK
988 2292 1021 2350 δέ
1040 2289 1137 2350 aute’
1119 2289 1237 2350 ανύσειν
1255 2295 1374 2350 colloca·

229 2365 381 2419 vimus.—
405 2313 473 2420 siv
492 2360 564 2436 αντῇ
584 2366 662 2422 uncis
685 2365 911 2422 inclusimusn-
935 2375 950 2422 6
969 2361 1202 2435 καταστησασθαι
1222 2384 1284 2420 eum
1303 2369 1373 2421 aste-

229 2437 343 2491 riscoA
367 2432 538 2492 ἐπίστασθαι
556 2437 689 2494 Corn-
720 2444 753 2490 10
776 2441 931 2506 μοχθηροις
954 2438 1033 2492 οοδδ.
1058 2437 1120 2492 edd.
1139 2438 1292 2522 μοχθηρῶν
1314 2454 1374 2492 nos.

230 2503 462 2562 -1-1αύιάτον
480 2509 570 2563 M.—
596 2507 653 2578 ίχει
677 2507 804 2563 cnssch
824 2506 873 2578 έχη
892 2509 921 2562 Μ
945 2507 1100 2597 ε”χηΚ.-
1133 2516 1165 2562 12
1184 2504 1300 2563 αναθεν
1319 2511 1374 2563 δει·

229 2574 332 2632 κνύναι
361 2597 423 2646 n0s3
455 2579 534 2635 codd.
560 2580 621 2636 edd.
650 2575 799 2634 δεικνύναι
806 2581 890 2666 post
914 2579 1090 2650 σκέμμα-
1125 2587 1156 2634 13
1185 2579 1245 2642 κῶς
1270 2575 1307 2634 ἄν
1334 2600 1376 2642 τις

230 2649 395 2704 MABchK
413 2651 472 2712 πῶς
483 2649 543 2734 μέν
557 2650 632 2714 uec
651 2651 711 2712 κῶς
728 2645 819 2720 μέν’
800 2671 837 2705 αν
855 2671 896 2714 τις
910 2667 1016 2708 nos.-
1037 2647 1175 2723 λαμβανει
1189 2651 1217 2704 Μ
1236 2645 1375 2722 λαμβανοι

230 2721 342 2776 ΟΑ.-
369 2728 401 2776 14
420 2717 494 2776 αὐτὰ
512 2721 532 2777 C
551 2722 642 2776 ταῦτα
660 2722 785 2778 ΜΛ.-
810 2724 940 2792 διακρίνη
960 2721 1046 2778 CMA
1069 2725 1201 2794 διακρίνῃ
1220 2721 1290 2778 Bch
1313 2724 1376 2777 δια-

232 2791 427 2862 κρίνοιΚ.-
449 2799 481 2848 16
500 2787 610 2858 τούτοις
628 2813 657 2850 τε
677 2793 714 2850 Μ.
734 2825 767 2834 —

300 2915 368 2922 ----.
375 2915 443 2922 ......-

230 3026 304 3092 dine
326 3049 457 3092 neeesse
481 3027 533 3092 sit.
570 3028 663 3105 Quod
685 3027 763 3093 lieet
781 3029 913 3093 difficile
936 3029 1035 3112 factu,
1058 3031 1167 3094 tamen
1186 3028 1256 3092 fieri
1279 3050 1375 3112 posse

230 3156 297 3200 non
326 3135 545 3220 desperarem,
576 3137 603 3200 si
634 3136 706 3220 quis
729 3136 765 3202 in
791 3135 832 3200 iis
864 3138 962 3218 esset,
990 3135 1046 3220 qui
1070 3135 1245 3200 studiosius
1268 3135 1376 3220 legere

230 3242 330 3306 vellet
346 3242 449 3308 libros
469 3243 507 3306 de
526 3242 801 3308 demonstratione
821 3245 917 3326 atque
935 3245 1005 3306 tum
1024 3242 1128 3307 dicere
1148 3263 1289 3324 oausam,
1307 3243 1376 3305 tum

232 3347 343 3414 audire
372 3350 455 3414 eitra
481 3351 696 3434 pertinaciam
723 3349 824 3414 ullam
853 3350 1067 3434 iurgiumque.
1113 3347 1274 3424 Quoniam
1301 3367 1376 3412 vero

232 3455 264 3520 id
282 3478 348 3521 non
368 3456 539 3538 sustinent,
562 3456 618 3521 sed
641 3455 680 3520 de
699 3456 869 3540 proposita
892 3479 1016 3541 quaque
1040 3477 1074 3519 re
1097 3456 1186 3539 prius
1210 3457 1377 3539 quaenmt,

233 3585 341 3646 quam,
359 3584 424 3647 quo
439 3563 535 3629 modo
549 3564 661 3646 quaeri
680 3564 806 3646 debeat,
825 3564 1071 3646 constituerunt,
1091 3585 1173 3646 quae
1186 3561 1283 3627 nobis
1302 3584 1376 3645 spes

233 3669 357 3754 reliqua
380 3691 450 3734 esse
473 3673 582 3755 potest
604 3671 674 3736 fore
698 3673 735 3734 ut
758 3693 777 3735 a
799 3670 892 3734 falsis
916 3669 983 3734 suis
1002 3668 1210 3754 opinionibus
1229 3667 1376 3734 homines

233 3778 479 3842 removeamus?
1368 3777 1374 3792 '

323 3881 386 3949 Sed
405 3883 557 3968 quoniam
575 3904 643 3949 non
661 3884 736 3948 illos
755 3887 892 3966 tantum,
914 3905 1026 3948 rerum
1046 3881 1145 3947 etiam
1165 3905 1276 3948 omnes
1295 3883 1378 3948 alios

234 3991 348 4056 dooere
370 3991 576 4074 propositum
600 3994 658 4075 est,
681 3991 736 4076 qui
758 3990 901 4056 nondum
920 4011 1095 4074 pravarum
1117 3989 1282 4056 rationum
1304 4011 1378 4055 oon·

222 4097 404 4161 suetudine
428 4097 537 4161 vitiati
564 4097 781 4162 insanabilem
809 4097 909 4161 animi
936 4095 1182 4180 perversitatem
1212 4099 1378 4160 contraxe-

234 4206 319 4288 runt,
342 4225 452 4268 rursus
471 4203 628 4288 incipiam
648 4228 667 4268 a
685 4203 847 4288 principio
865 4202 1094 4280 demonstrare,
1115 4203 1153 4266 ad
1173 4203 1378 4287 propositam

234 4311 458 4394 quaestionem
489 4333 553 4396 quo
589 4310 685 4376 modo
717 4310 790 4396 quis
820 4313 853 4374 et
882 4309 1027 4375 invenire
1059 4310 1165 4393 possit
1198 4309 1377 4374 sumtiones

236 4416 382 4502 subtiles,
406 4439 487 4503 quae
511 4439 622 4484 veram
646 4417 819 4486 conficiant
841 4416 1166 4503 demonstrationem,
1194 4418 1227 4480 et
1247 4415 1308 4482 has
1337 4415 1378 4480 ab
