3246 5148
772 396 991 460 „54-

309 561 486 649 ταμένον,
509 562 645 625 ἔλαττον
663 554 700 622 δέ
719 551 953 642 ἀμφοτέρων
974 550 1016 620 τὸ
1038 553 1083 640 τῇ
1101 554 1245 640 καρδίᾳ
1265 551 1465 642 ἐμφυόμε-

311 693 392 736 νον.
435 671 544 734 καίτοι
572 672 681 750 εἴπερ
712 670 770 747 εἴη
801 658 821 748 ἡ
851 662 972 746 καρδία
998 685 1027 728 κ.
1049 683 1077 726 τ.
1100 664 1144 741 λ.,
1173 665 1259 746 quod
1289 665 1465 749 probabile

311 777 438 840 ridetur
461 776 591 859 praeter
612 772 675 837 hoc
699 793 799 835 unum
823 769 908 854 quod
930 770 1038 834 καίτοι
1061 771 1151 850 είπερ
1180 775 1230 853 είη
1259 771 1372 856 edidit,
1400 796 1464 857 pro

312 906 375 970 quo
394 882 474 946 duce
493 880 603 945 codice
617 878 652 944 M
668 876 874 942 scribendum
889 879 939 940 est
956 876 1063 939 καίτοι
1083 867 1114 958 γ’
1132 881 1239 960 εἴπερ
1264 866 1320 961 ἦν.
1346 879 1381 944 Ρ.
1395 880 1465 944 534

314 988 374 1055 sub
397 989 451 1054 fin.
474 987 509 1051 in
526 984 586 1049 AB
606 987 682 1069 post
702 983 802 1047 rerba
826 977 912 1047 οὑτω
937 977 973 1046 δὲ
996 977 1051 1045 καὶ
1075 981 1111 1046 οί
1129 977 1167 1047 τὸ
1191 985 1334 1068 χολῶδες
1356 979 1467 1071 ὑγρὸν

313 1089 526 1180 ἀθροίζοντες
549 1086 647 1174 πόροι
671 1085 791 1163 πάντες
813 1089 861 1164 είς
883 1087 921 1152 ἓν
945 1080 1083 1170 ἀγγεῖον
1105 1082 1331 1175 ἀποφέρονται
1353 1093 1465 1157 vacui-

313 1205 365 1266 tas
385 1199 485 1285 spatii
503 1197 673 1262 duodecim
691 1196 759 1259 fere
773 1195 957 1258 litterarum
973 1199 1035 1277 est,
1060 1201 1237 1281 sequuntur
1251 1199 1351 1263 rerba
1364 1193 1464 1283 ἥπατι

313 1304 432 1372 κύστιν
455 1303 614 1370 ἐντεῦθεν
637 1307 670 1367 et
692 1305 807 1387 postea
827 1323 939 1365 rursus
957 1323 1097 1367 vacuum
1116 1305 1259 1388 spatium
1283 1305 1466 1389 etquidem

315 1412 533 1500 quadraginta
560 1409 627 1474 fere
655 1409 853 1493 litterarum3
882 1407 1019 1491 denique
1047 1410 1146 1474 verba
1172 1407 1324 1496 καθάπερ
1353 1414 1389 1478 oi
1412 1437 1466 1478 νε-

315 1517 395 1604 φροὶ
418 1513 456 1583 τὸ
481 1507 594 1601 οὖρον.
611 1515 646 1581 Μ
665 1516 778 1580 eadem
797 1514 905 1599 spatia
927 1536 1030 1579 vacua
1047 1514 1161 1601 habet,
1183 1518 1248 1583 nisi
1267 1520 1352 1604 quod
1367 1516 1466 1604 ἥπατι

317 1631 392 1694 ante
415 1620 532 1690 κύστιν
556 1623 676 1688 omisit.
722 1619 781 1687 Oh.
808 1621 856 1684 ita
884 1621 1066 1686 orationem
1093 1626 1279 1690 truncatam
1307 1626 1466 1692 restituit:

314 1727 557 1814 ἀποφέρονται,
583 1724 655 1811 τὴν
678 1724 934 1812 συνημμένην
957 1723 1142 1810 δηλονότι
1171 1725 1287 1813 ἥπατι
1311 1729 1467 1810 κύστιν,

316 1834 475 1903 ἐντεῦθέν
497 1859 535 1900 τε
558 1836 613 1910 είς
630 1830 701 1918 τὴν
720 1835 861 1918 νῆστιν
881 1831 1161 1918 ἐκπέμπουσιν,
1183 1834 1336 1923 καθάπερ
1354 1863 1382 1904 κ.
1396 1865 1422 1905 τ.
1437 1845 1467 1904 λ.

315 1946 404 2010 Bene
437 1965 657 2007 successuram
688 1939 790 2004 fuisse
820 1962 889 2004 rem
922 1944 1061 2024 statuas,
1096 1942 1124 2005 si
1153 1937 1216 2025 τὴν
1250 1945 1468 2030 συνημμένην

316 2047 415 2136 ἥπατι
438 2045 556 2114 κύστιν
579 2048 648 2112 sine
673 2043 830 2131 δηλονότι
853 2047 1049 2130 scripsisset.
1079 2047 1115 2112 P.
1133 2050 1197 2113 549
1222 2052 1303 2115 med.
1324 2051 1467 2117 Galenus

317 2160 355 2224 de
384 2155 597 2240 membranis,
624 2177 704 2239 quas
734 2157 874 2240 quatuor
901 2154 1034 2218 orificiis
1061 2154 1167 2220 cordis
1195 2157 1335 2222 insertas
1359 2160 1469 2224 Erasi-

318 2270 440 2332 stratus
465 2262 647 2329 accuratius
670 2262 902 2346 descripserat,
930 2284 1103 2346 earumquc
1130 2263 1238 2327 forma
1265 2270 1298 2329 et
1320 2290 1380 2330 usu
1403 2266 1479 2349 dis,

317 2376 419 2458 putat.
466 2370 618 2454 Sequitur
646 2374 755 2433 autem
783 2368 871 2433 illius
900 2369 1018 2434 medici
1046 2368 1257 2434 Alexandrini
1286 2372 1467 2437 doctrinam

318 2479 379 2563 ita,
406 2480 443 2541 ut
465 2476 608 2560 primum
631 2476 838 2540 membranas
863 2475 1060 2540 orificiomm
1084 2498 1181 2540 cavae
1204 2499 1306 2542 venae
1330 2483 1363 2542 et
1386 2483 1467 2542 arte-

318 2587 386 2649 riae
410 2604 549 2648 venosae
572 2582 749 2666 describat,
778 2581 891 2646 deinde
915 2581 953 2645 de
977 2582 1175 2647 membranis
1201 2583 1397 2668 orificiisque
1421 2607 1468 2648 ce-

319 2692 399 2755 teris
424 2687 538 2775 (venae
564 2689 740 2753 arteriosae
765 2692 798 2752 et
821 2686 947 2774 acrtae)
966 2690 1105 2753 disserat
1123 2687 1204 2775 (τῶν
1223 2684 1254 2754 δ’
1267 2685 1378 2755 ἀλλων
1395 2708 1468 2755 στο-

320 2794 434 2881 μάτων
458 2791 598 2880 ἑκατέρῳ
621 2806 709 2882 τρεῖς
725 2789 845 2878 ὑμένες
863 2792 948 2858 εἰσὶν
966 2791 1107 2873 ἅπαντες
1126 2795 1348 2882 σιγμοειδεῑς).
1380 2797 1468 2873 Quae

321 2908 498 2987 sequuntur
521 2902 636 2985 verba,
659 2925 775 2966 manca
798 2902 833 2965 in
856 2903 946 2966 codd.
969 2907 1002 2966 et
1021 2903 1089 2968 edd.
1108 2904 1230 2968 tradita
1254 2907 1330 2967 sunt
1353 2904 1426 2968 inde
1450 2927 1469 2967 a

320 3009 429 3075 verbis
453 2999 534 3091 ripa
558 3002 620 3090 μὲν
643 3008 690 3082 είς
711 3003 773 3070 τὸν
795 3005 982 3092 πνεύμονα;
1009 3033 1086 3074 nam
1114 3011 1149 3075 in
1171 3010 1205 3076 M
1229 3011 1376 3093 sequitur
1400 3034 1469 3095 spa-

321 3118 404 3182 tium
434 3137 572 3180 vacuum
603 3117 727 3197 septem
758 3115 942 3179 litterarum
973 3117 1008 3182 in
1039 3139 1134 3181 versu
1167 3122 1324 3200 extremo,
1355 3117 1470 3181 deinde

321 3247 433 3289 versus
457 3223 629 3306 insequens
653 3225 742 3285 totus
767 3225 817 3285 est
840 3246 959 3287 vacuus
984 3223 1129 3306 relictus,
1157 3224 1191 3288 in
1214 3224 1312 3289 tertio
1339 3225 1469 3288 demum

321 3355 417 3396 versu
439 3329 588 3415 pergitur
610 3328 718 3392 verbis
742 3323 832 3412 σῆκει
855 3325 938 3412 πρὸς
961 3328 1113 3406 ἐναντίας
1134 3323 1309 3416 ὑπερεσιάς
1332 3332 1371 3416 τῇ
1393 3353 1471 3414 καρ-

323 3439 436 3524 δίᾳ-οδ
459 3437 566 3522 spatio
590 3457 645 3499 sex
669 3435 797 3499 litteras
821 3436 968 3520 explendi
993 3459 1091 3500 causa
1113 3458 1215 3501 vacuo
1239 3437 1353 3503 relicto
1377 3431 1471 3522 ἀμοι-

322 3548 397 3630 βαῖς
420 3542 584 3627 ἐγκαίροις
606 3565 635 3605 κ.
658 3563 685 3605 τ.
708 3535 751 3617 λζς
775 3543 808 3606 in
832 3541 924 3629 Α(Βῆ
946 3565 1013 3609 non
1036 3546 1129 3606 tanta
1152 3544 1299 3608 vacuitas
1324 3547 1386 3625 est,
1415 3544 1470 3607 sed

323 3653 399 3737 post
422 3640 502 3733 αἷμα
524 3647 587 3733 μὲν
609 3649 656 3724 είς
677 3643 738 3713 τὸν
760 3645 933 3732 πνεύμονα
957 3649 1065 3733 spatio
1089 3653 1229 3733 quatuor
1255 3649 1322 3714 fere
1348 3650 1472 3714 littera-

322 3780 395 3822 rum
418 3778 521 3820 vacuo
544 3755 659 3819 relicto
686 3756 839 3840 leguntur
864 3756 964 3820 verba
987 3754 1101 3840 ἕτερον
1128 3750 1256 3838 αὑτῶν,
1282 3757 1413 3840 πνεῦμα
1437 3751 1469 3820 δ’

324 3866 371 3940 είς
394 3857 475 3927 δίον
497 3859 533 3926 τὸ
560 3862 658 3948 ζῷον,
685 3863 835 3946 deinceps
863 3867 939 3946 post
962 3863 1155 3928 inanitatem
1178 3863 1348 3928 duodecim
1369 3864 1471 3927 ferme

323 3972 507 4037 litterarum
526 3964 587 4032 τὸν
600 3968 668 4031 τῶν
681 3962 816 4051 ὑμένων
830 3963 874 4044 ὥς
889 3967 1002 4057 ἐκείνῳ
1018 3970 1112 4034 δοκεῖ
1123 3966 1206 4053 πρὸς
1220 3968 1372 4046 έναντίας
1389 3964 1471 4054 ὑπη-

325 4081 436 4164 ρεσίας
455 4077 493 4163 τῇ
513 4076 633 4162 καρδίᾳ
652 4070 777 4159 χρόνον
791 4069 946 4159 ἀμοιβαῖς
964 4099 991 4140 κ.
1008 4100 1034 4140 τ.
1049 4081 1076 4140 λ.
1110 4075 1299 4140 Charterius
1322 4077 1472 4162 neglecta

326 4187 383 4250 illa
406 4185 541 4268 parvula
564 4184 681 4247 lacuna
704 4187 779 4265 post
802 4184 849 4258 είς
870 4180 931 4248 τὸν
949 4179 1121 4267 πνεύμονα
1146 4183 1179 4246 in
1199 4183 1227 4247 A
1251 4187 1367 4248 notata
1390 4184 1472 4247 satis

325 4291 441 4356 habuit
465 4292 551 4354 iuter
573 4289 674 4354 verba
697 4291 743 4365 είς
766 4284 848 4354 ὅλον
870 4285 907 4353 τὸ
933 4290 1017 4378 ζῷον
1041 4295 1073 4354 et
1093 4284 1153 4354 τὸν
1170 4290 1238 4353 τῶν
1256 4285 1390 4373 ὑμένων
1409 4290 1474 4355 Ad·

326 4397 479 4461 iectivum
503 4394 616 4480 ἕτερον
639 4397 779 4461 inserere
803 4399 836 4460 et
859 4395 952 4481 plene
974 4396 1202 4484 interprmgere
1226 4419 1361 4483 cumque
1386 4419 1472 4464 secu-
