3228 5148
594 375 838 439 -117-

227 533 297 600 Nec
320 556 396 600 vero
415 535 498 600 tales
522 535 628 600 solum
646 533 789 616 voculae,
808 533 863 597 sed
882 533 982 597 etism
1001 533 1085 597 aliae
1103 555 1199 598 voces
1220 533 1288 596 sive

138 642 288 726 singulae
316 642 384 706 sive
412 642 522 726 plures
550 642 584 706 in
612 645 736 706 textum
767 641 934 705 immissae
965 644 1049 705 sunt.
1099 639 1133 704 P.
1162 639 1229 704 405
1262 661 1292 722 p.

138 749 221 812 med.
261 745 468 834 MAfflchK)
506 770 634 814 versum
671 746 885 831 Euripideum
923 745 1090 834 (Androm.
1128 745 1207 832 629)
1246 745 1292 810 sic

138 855 360 920 reddiderunt:
400 851 444 919 σὺ
476 849 507 920 δ’
543 849 587 931 ως
619 853 743 930 έσεῑδες
778 849 906 938 μαστὸν
941 852 1109 936 ἐκείνης,
1141 847 1292 935 ἐκβαλὼν

137 961 251 1044 ξίφος,
278 962 312 1026 in
336 983 399 1046 quo
426 959 553 1046 ἐκείνης
581 961 774 1046 explanandi
802 983 901 1026 causa
929 961 1074 1026 additum
1102 961 1137 1025 in
1164 963 1291 1024 textum

136 1069 309 1152 irrepsisse
332 1073 481 1153 apparet,
509 1091 568 1133 nec
597 1069 703 1133 minus
730 1092 761 1153 p.
784 1069 848 1132 407
874 1071 952 1132 extr.
976 1066 1154 1132 Genetivus
1180 1059 1291 1130 αὐτῶν

136 1177 214 1259 post
245 1173 511 1259 ἐπιλαθομένους
542 1176 685 1240 intrusus
717 1181 780 1258 est,
812 1175 898 1260 quod
932 1197 949 1238 e
977 1174 1124 1239 Platonis
1152 1173 1214 1258 Rp.
1241 1173 1290 1238 Ill

136 1304 168 1365 p.
196 1283 263 1345 413
291 1281 318 1346 Β
348 1282 456 1347 videre
483 1283 574 1366 licet,
606 1283 689 1347 unde
718 1283 859 1348 Galenus
892 1283 999 1347 locum
1032 1284 1199 1344 mutuatus
1233 1286 1290 1346 est.

136 1386 286 1452 Eundem
311 1387 504 1456 Genetivum
528 1390 717 1454 sustulimus
742 1412 772 1473 p.
796 1389 862 1454 644
885 1387 942 1470 in,
965 1387 1021 1452 ubi
1040 1387 1105 1451 MA
1129 1387 1168 1472 τῇ
1193 1386 1233 1451 δέ
1253 1412 1290 1471 γε

72 1515 78 1522 ·
136 1488 222 1576 πρὸς
249 1487 330 1559 αὐτὸ
354 1498 515 1582 κοινωνίᾳ
542 1491 579 1561 τὸ
608 1491 690 1560 κατὰ
713 1491 772 1572 τὰς
794 1491 888 1572 ὄψεις
915 1489 1044 1559 αὐτῶν
1067 1494 1198 1578 πνεῦμα
1222 1518 1291 1577 φω-

136 1596 264 1676 τοειδὲς
286 1603 472 1684 γίγνεσθαι.
517 1601 551 1667 Ρ.
575 1603 639 1668 537
664 1625 692 1666 a.
716 1603 796 1668 med.
823 1596 905 1667 αὐτό
928 1605 1004 1686 post
1026 1597 1234 1684 θερμότερον
1258 1606 1291 1666 et

135 1729 167 1790 p.
193 1707 257 1770 759
281 1731 307 1771 s.
332 1707 413 1773 med.
436 1709 535 1773 τοῦτο
560 1713 636 1792 post
658 1702 702 1792 μὴ
727 1706 778 1773 έπί
803 1704 840 1772 τὸ
865 1706 903 1772 ἓν
931 1731 951 1772 a
974 1707 1210 1774 correctoribus
1235 1709 1288 1772 ad-
1387 1721 1396 1738 ·

135 1814 242 1880 ditum
266 1814 525 1898 exstirpavimus.
562 1815 673 1880 Etiam
694 1816 825 1879 verbum
850 1814 1090 1880 substantivum
1114 1807 1201 1880 εἶναι
1224 1839 1289 1881 uon

136 1943 213 1986 raro
242 1925 364 1986 temere
392 1921 553 1986 adiectum
580 1920 776 2004 invenimus,
804 1921 894 1985 velut
916 1944 947 2006 p.
971 1921 1036 1985 655
1060 1923 1141 1986 ωειλ.
1165 1923 1200 1986 in
1223 1923 1288 1987 MA

136 2025 291 2112 (130th
323 2023 344 2112 ἡ
373 2022 404 2092 δ’
433 2022 517 2111 ἀρχὴ
546 2028 614 2092 τῶν
641 2023 773 2112 νεύρων
796 2026 834 2092 έν
857 2024 1026 2114 ἐγκεφάλῳ
1052 2026 1176 2110 ἐστίν,
1204 2030 1289 2114 quod

135 2135 272 2199 verbum
300 2135 327 2198 si
357 2135 498 2199 Galenus
529 2134 718 2218 addidisset,
749 2135 976 2219 syllogismum
1006 2135 1192 2199 universum
1222 2157 1289 2203 non

136 2263 175 2305 ex
203 2239 505 2326 undequadraginta
532 2241 683 2325 syllabis,
715 2241 770 2304 sed
798 2241 1014 2325 quadraginta
1041 2263 1107 2304 una
1139 2246 1287 2306 constare

135 2347 282 2412 dicturus
306 2347 382 2432 fuit3
410 2371 439 2431 p.
469 2348 532 2412 677
557 2349 634 2430 post
655 2346 698 2412 in.
722 2345 813 2411 έστιν
840 2351 917 2430 post
940 2343 1152 2430 έμφυσήμασί
1176 2371 1210 2412 τε
1233 2347 1308 2412 καί·

136 2450 318 2538 οίδήμασιν
338 2457 371 2518 et
388 2477 419 2538 p.
435 2455 496 2518 731
518 2455 599 2518 med.
619 2448 705 2518 είναι
723 2457 800 2538 post
818 2448 959 2517 δύναται
978 2454 1104 2517 illatum
1126 2455 1288 2520 eiecimus.

228 2559 290 2625 Sed
323 2561 427 2626 multa
459 2561 525 2624 alia
557 2561 608 2626 vel
640 2560 875 2646 glossematum
909 2559 960 2624 vel
997 2560 1286 2642 interpolationum

134 2668 286 2752 exempla
313 2671 451 2732 exstant.
501 2666 535 2731 P.
564 2667 629 2731 232
660 2667 703 2732 in.
734 2663 789 2730 καὶ
817 2665 891 2752 περὶ
923 2667 985 2732 τοῦ
1011 2667 1183 2753 τρωθῆναι
1216 2665 1287 2753 τὴν

134 2775 256 2858 τραχῆ
280 2770 355 2860 (sic)
379 2767 572 2857 ἀρτηρίαν
595 2769 665 2856 τὴν
687 2769 870 2857 φάρυγγα
895 2773 1010 2856 σαφως
1030 2775 1120 2838 ἔστιν
1137 2775 1224 2839 ίδείν
1243 2776 1287 2860 Μ,

134 2877 198 2965 τὴν
224 2891 381 2964 τραχεῖαν
404 2874 571 2965 ἀρτηρίαν
596 2875 657 2944 τὸν
689 2875 845 2963 φάρυγγα
874 2897 902 2944 σ.
932 2880 990 2944 ΑΒ
996 2931 1005 2964 ,
1036 2875 1099 2963 τὴν
1130 2878 1286 2966 φάρυγγα

133 2989 252 3070 σαφῶς
269 2986 295 3052 C
314 3010 373 3052 nec
400 2987 548 3070 dubium,
571 2987 650 3070 quin
667 2981 729 3069 τὴν
747 2996 902 3069 τραχεῖαν
921 2980 991 3070 ἆρτ.
1011 3009 1070 3070 pro
1089 2987 1286 3071 glossemate

133 3094 321 3159 habendum
345 3095 397 3159 sit.
444 3092 563 3158 Statim
587 3093 733 3176 sequitur
755 3092 789 3156 in
812 3090 873 3156 CM
897 3091 953 3156 ἐπί
972 3117 1009 3176 γε
1031 3091 1218 3179 τετρωμένη
1241 3098 1286 3181 τῇ

133 3197 325 3286 φάρυγγι,
353 3223 418 3265 non
441 3199 480 3285 τῇ
508 3193 663 3284 ἀρτηρίᾳ,
691 3199 962 3282 quemadmodum
991 3200 1032 3263 ab
1059 3199 1197 3263 Aldinae
1221 3202 1285 3266 edi·

132 3309 262 3374 toribus
289 3307 445 3390 seriptum
475 3309 534 3370 est.
584 3305 618 3369 Ρ.
646 3305 709 3370 297
745 3305 813 3369 edd.
842 3327 970 3369 versum
1000 3305 1210 3371 Homericum
1234 3305 1285 3393 (ll.

133 3413 196 3496 XI,
222 3411 277 3498 12)
301 3413 348 3476 sic
367 3413 582 3476 tradiderunt:
605 3413 726 3496 κραδίη
746 3405 890 3494 άληκτον
909 3408 1081 3495 πόλεμον
1099 3417 1285 3497 πολεμίζειν

134 3513 193 3604 ἠδέ
222 3515 403 3602 μάχεσθαι;
431 3523 467 3582 ut
494 3519 578 3584 nihil
605 3518 711 3582 dicam
739 3517 777 3581 de
804 3518 938 3603 κραδίη,
966 3540 1025 3602 pro
1054 3541 1116 3603 quo
1140 3518 1174 3582 M
1198 3525 1284 3584 recte

133 3627 255 3710 καρδίη
278 3626 299 3689 i.
323 3647 348 3690 e.
371 3627 491 3711 καρδίη
515 3625 662 3710 praebet,
684 3620 833 3708 πόλεμον
855 3625 1013 3689 intactum
1036 3647 1091 3690 eos
1115 3625 1284 3711 reliquisse
1325 3692 1329 3706 ,
1372 3675 1374 3680 .

133 3732 228 3796 valde
249 3731 438 3796 'mirandum
469 3735 527 3795 est.
578 3731 612 3795 P.
641 3731 705 3796 589
733 3753 764 3814 p.
792 3731 862 3795 init.
892 3726 952 3795 τὸν
980 3728 1177 3816 Χρύσιππον
1209 3737 1285 3817 post

132 3831 240 3903 αὐτὸν
263 3834 368 3925 ἑαυτῷ
392 3833 638 3921 διαφερόμενον
661 3838 797 3903 moleste
824 3837 955 3902 illatum
980 3839 1133 3904 eiecimus
1152 3845 1184 3904 et
1207 3841 1284 3906 ibid.

133 3968 163 4028 p.
197 3945 278 4010 med.
311 3965 389 4026 non,
422 3943 692 4027 quemadmodum
727 3940 907 4008 MABChK
942 3941 1010 4021 τάς
1046 3969 1080 4010 τε
1116 3944 1189 4031 περὶ
1226 3948 1285 4030 τῆς

133 4049 259 4133 ψυχῆς
282 4045 461 4132 διαφορὰς
482 4050 550 4114 τῶν
573 4043 700 4134 ἀρετῶν
724 4047 761 4113 έν
779 4047 928 4134 τέτταρσι
947 4053 1089 4133 βιβλίοις
1111 4047 1175 4117 ὑπὸ
1196 4057 1282 4136 Χρυ-

132 4159 259 4221 σίππου
286 4153 528 4240 γεγραμμένας
554 4158 759 4238 βασανίζων,
788 4157 844 4220 sed
870 4153 910 4220 τά
938 4180 973 4221 τε
1003 4156 1078 4242 περὶ
1110 4159 1168 4242 τῆς
1200 4160 1220 4222 δ
1226 4183 1282 4222 ια-

131 4263 260 4350 φορᾶς
285 4262 354 4328 τῶν
386 4255 514 4347 ἀρετῶν
544 4299 582 4308 -
613 4261 823 4347 γεγραμμένα
855 4268 1013 4348 expuncto
1047 4265 1152 4347 ψυχῆς
1185 4265 1282 4328 edidi-

132 4391 219 4456 mus3
242 4393 274 4454 p.
293 4369 358 4434 643
378 4373 453 4434 ante
472 4369 525 4433 fin.
544 4367 676 4436 λεκτέον
696 4363 802 4454 αὐτὴν
820 4369 1001 4436 eiciendum
1020 4391 1090 4434 esse
1111 4367 1164 4455 (cl.
1184 4393 1281 4454 supra
