3300 5146
662 457 680 467 -
725 421 792 494 325
837 461 879 471 -

187 555 313 635 ἔξωθεν
345 550 450 622 αὐτοῦ
482 553 632 642 μηκύνας
669 554 720 622 ἐπὶ
750 545 1052 640 πλεῖστον’,ουιω

1055 583 1253 686 “⁴²³1qu
1289 618 1326 658 το

187 660 329 748 συνέχον
352 657 433 729 αι’πδ
460 663 522 729 τοῦ
549 658 653 748 λόγον
681 658 737 728 διὰ
765 661 892 749 ταχέων
918 663 1130 750 παρέδραμεν
1157 669 1582 769 nouem&

186 771 291 835 εἰπεῖν
314 765 370 836 διὰ
393 771 492 835 τοῦτο
522 768 557 833 ἐκ
584 770 642 853 τῆς
668 771 819 856 κορυφῆς
841 772 1063 856 γεγεννῆσθαι
1091 768 1153 857 τὴν
1172 767 1331 858 Ἀθηνᾶν,

185 871 247 942 οὐκ
271 874 306 942 ἐκ
328 877 389 942 τοῦ
413 872 590 961 στόματος,
619 873 782 942 τοιούτων
804 879 1028 964 παραλλαγῶν
1050 876 1131 946 κατὰ
1160 874 1331 964 σύμβολον

184 981 370 1069 γινομένων
393 979 564 1050 πλειόνων.
610 981 711 1068 ἐχρῆν
733 979 796 1069 γὰρ
820 979 926 1050 αὐτὸν
954 978 976 1070 ἢ
1005 983 1088 1071 μηδὲ
1111 981 1197 1062 ὅλως
1220 974 1356 1070 ἦφθαιι

183 1091 244 1156 τοῦ
276 1087 392 1174 μύθου
423 1089 529 1175 μηδέν
560 1114 598 1173 γε
634 1084 820 1173 ἀναγκαῖον
853 1093 986 1175 ἔχοντος
1022 1086 1121 1178 άνδρλ
1153 1088 1329 1182 φιλοσόφῳ

184 1193 267 1282 πρὸς
302 1191 474 1275 ἀπόδειξιν
505 1193 671 1282 δόγματος
702 1189 722 1281 ἢ
760 1191 963 1282 ἁπτόμενον,
1001 1193 1080 1286 ὅπερ
1114 1188 1156 1284 ἦν
1187 1194 1330 1284 μάλιστα

182 1301 244 1389 τὴν
277 1298 472 1386 ἀντιλογίαν
499 1302 656 1388 συνέχον,
684 1298 829 1389 ἀκριβῶς
860 1300 950 1370 άπαν
982 1305 1180 1388 διεξελθεῖν,
1213 1309 1244 1372 εἰ
1273 1304 1329 1372 καὶ

184 1408 348 1478 πλειόνων
372 1413 483 1498 ἔχρῃζε
506 1407 633 1496 λόγων,
657 1405 719 1478 οὐκ
745 1405 934 1496 ὀκνήσαντα
961 1408 1041 1489 τοὺς
1063 1409 1207 1492 πολλοὺς
1228 1431 1329 1500 προσ-

183 1515 319 1605 γράψαι.
368 1513 575 1602 βουλόμενος
602 1513 640 1584 δὲ
666 1513 711 1583 dv
736 1543 801 1601 τις,
829 1513 936 1603 οἶμαι,
968 1516 1023 1586 καὶ
1050 1515 1130 1598 τοὺς
1156 1517 1330 1599 τοιούτους
1344 1541 1369 1581 ιο

185 1625 302 1713 έτέρως
334 1623 525 1710 ἐξηγεῖσθαι
556 1619 681 1701 πολλάς
713 1621 974 1710 ἐπιχειρημάτων
1006 1620 1161 1714 ἀφορμὰς
1194 1623 1233 1693 ἐιῖ
1261 1628 1330 1694 τῶν

184 1729 265 1800 κατά
298 1727 356 1808 τάς
388 1725 556 1816 ἀνατομάς
587 1730 805 1816 φαινομένων
841 1729 979 1800 δύναιτο
1011 1730 1210 1819 λαμβάνειν,
1246 1729 1351 1822 ὑπὲρ.

183 1829 232 1907 ὧν
263 1837 315 1906 ἐπὶ
345 1837 446 1906 πλέον
478 1835 540 1924 μὲν
572 1836 609 1904 ἐν
640 1851 710 1917 τοῖς
738 1837 810 1925 ἑξῆς
838 1833 1023 1924 ἀναγκαῖον
1051 1843 1141 1906 ἔσται
1169 1843 1329 1925 διελθεῖν,

184 1942 320 2014 ἐπειδὰν
342 1944 416 2033 περὶ
439 1947 501 2012 τοῦ
524 1947 668 2031 ψυχικοῦ
690 1943 877 2031 πνεύματος
904 1941 922 2012 ὃ
950 1942 1050 2031 λόγος
1077 1943 1158 2033 ἡμῖν
1185 1952 1329 2033 γίνηται,

184 2052 240 2122 διά
268 2054 420 2141 βραχέων
452 2050 489 2119 δέ
522 2046 565 2118 διν
590 2050 647 2118 καλ
674 2053 740 2118 νῦν
767 2047 851 2119 αὐτὰ
875 2049 983 2138 μόνον
1010 2061 1134 2140 εἴποιμι
1161 2051 1201 2122 τά
1229 2052 1328 2140 κεφά-
1343 2075 1370 2116 15

183 2169 261 2228 λαια
282 2161 350 2228 τῶν
372 2157 564 2246 μελλόντων
587 2154 903 2245 ἀποδειχθήσεσθαι.
948 2155 1058 2247 ὥσπερ
1080 2159 1145 2248 γὰρ
1168 2155 1249 2228 αὐτὸ
1272 2159 1396 2250 τὸΙθὸθ

183 2270 277 2355 σῶμα
299 2268 358 2353 τῆς
379 2268 518 2353 καρδίας
541 2266 574 2346 ἐξ
602 2264 723 2333 ἑαυτοῦ
751 2263 1029 2352 διαστελλόμενόν
1050 2292 1086 2334 τε
1112 2265 1168 2334 καὶ
1195 2274 1328 2334 συστελ-

182 2372 327 2462 λόμενον
350 2373 386 2439 ἐν
408 2373 499 2460 μέρει
518 2369 577 2450 τὰς
592 2368 676 2450 ὕλας
698 2371 782 2439 ἕλκει
806 2371 913 2438 τεκαὶ
936 2362 1039 2451 αὖθις
1058 2373 1223 2460 ἐκπέμπει,
1245 2372 1328 2441 κατὰ

1585 764 1642 786 '····-.⁴

182 2513 394 2524 -ι--ι-ι-

218 2578 234 2626 3
254 2569 428 2640 γεγενῆσθαι
446 2568 483 2623 Μ.
503 2599 536 2608 -
560 2573 576 2622 8
595 2560 711 2621 ἅπασαν
735 2561 864 2634 ἐξελθεῖν
883 2567 1048 2624 MABChK
1071 2561 1150 2623 ἅπαν
1169 2569 1329 2636 διεξελθεῖν

182 2659 241 2699 nos.
260 2673 292 2682 —
313 2639 341 2696 εἰ
357 2640 407 2696 καὶ
424 2639 510 2692 ΜΑΒ
529 2637 578 2693 καὶ
597 2636 625 2694 εἰ
641 2637 724 2706 chK;
744 2637 778 2694 ci.
797 2639 881 2694 Proll.
900 2658 928 2710 p.
948 2647 992 2696 60.
1011 2671 1043 2680 —
1065 2647 1098 2696 18
1117 2634 1186 2703 ὅλας
1203 2659 1233 2696 τε
1254 2639 1328 2696 ἕλκει

182 2711 346 2769 MABGhK
364 2705 433 2774 ὕλας
451 2709 526 2766 ἕλκει
544 2727 563 2779 p
582 2703 651 2772 ὅλας
670 2709 744 2765 ἕλκει
763 2729 792 2764 τε
811 2727 870 2767 nos.
891 2741 924 2752 -

182 2841 392 2854 -μ--ι-

183 2915 345 2998 continet,
372 2909 526 2977 brevibus
553 2908 686 2974 transiit
714 2909 794 2974 satis
821 2909 946 2976 habens
973 2910 1079 2976 dicere
1102 2931 1141 2975 ee
1167 2912 1206 2977 de
1230 2933 1328 2977 eausa

182 3044 200 3086 e
224 3020 354 3105 vertice,
376 3039 443 3084 non
467 3039 505 3080 ex
528 3037 583 3081 ore
606 3015 751 3101 genitam
773 3015 955 3082 Minervam
977 3017 1093 3103 fuisse,
1114 3017 1200 3102 quod
1218 3018 1328 3104 plures

181 3125 405 3195 huiuscemodi
432 3123 676 3190 immutationes
704 3122 838 3188 alterius
866 3125 914 3189 rei
946 3125 1218 3212 significationem
1249 3147 1328 3210 prae

183 3258 217 3302 se
244 3234 376 3300 ferrent
420 3230 567 3297 Docebat
600 3228 686 3296 enim
715 3251 788 3296 eum
816 3234 874 3296 eut
906 3232 1039 3300 omnino
1065 3255 1132 3298 non
1159 3232 1328 3318 attingere,

182 3343 269 3428 quod
290 3341 480 3426 neutiquam
503 3337 700 3423 philosopho
725 3338 766 3404 ad
789 3339 908 3404 decreti
932 3339 1159 3424 probationem
1182 3361 1329 3406 neccssa-

181 3451 267 3514 rium
286 3452 383 3532 esset,
406 3449 472 3530 aut,
491 3446 520 3510 si
538 3445 723 3531 attingeret,
742 3445 896 3531 quidquid
914 3447 1055 3512 maxime
1073 3445 1328 3512 controversiam

183 3556 333 3640 haberet,
360 3553 534 3640 diligenter
561 3551 711 3637 persequi
737 3573 841 3638 neque
870 3550 1034 3637 dubitare,
1061 3552 1190 3617 etiamsi
1214 3553 1327 3618 multis

181 3660 291 3728 verbis
319 3683 402 3746 opus
435 3662 534 3743 esset,
566 3659 670 3726 multa
702 3658 892 3725 adscribere.
939 3657 973 3724 si
1005 3659 1076 3745 quis
1107 3662 1217 3725 tamen
1250 3657 1329 3724 velit

181 3767 367 3834 huiusmodi
399 3767 528 3832 fabulas
562 3766 658 3831 aliter
689 3766 911 3850 interpretari,
948 3765 1068 3831 multas
1105 3767 1198 3852 quasi
1230 3787 1327 3832 ansas

182 3873 431 3962 argumentandi
455 3873 572 3957 exiis,
595 3873 734 3958 quaein
763 3873 961 3939 dissecandis
988 3872 1177 3958 corporibus
1204 3875 1327 3957 patent,

180 3985 291 4066 petere
315 3981 430 4066 possit,
453 3981 492 4046 de
515 3979 632 4066 quibus
657 3980 753 4046 rebus
776 3980 811 4045 in
836 3981 1059 4066 sequentibus,
1087 4003 1160 4045 cum
1191 3979 1229 4044 de
1258 3979 1325 4044 ani-
1368 4041 1369 4047 ,

181 4087 260 4154 mali
290 4087 407 4172 spiritu
440 4088 540 4154 verba
572 4090 667 4154 erunt
692 4086 849 4172 facienda,
880 4089 1029 4172 pluribus
1062 4086 1222 4173 agendum
1251 4085 1326 4172 erit3

179 4217 266 4261 nune
298 4194 440 4260 breviter
471 4194 581 4280 capite
611 4197 740 4260 tentum
773 4217 897 4280 eorum,
933 4217 1015 4281 quae
1046 4195 1326 4260 demonstraturus

180 4323 267 4384 sum,
297 4299 443 4367 referum.
498 4301 775 4379 Quemadmodum
807 4301 894 4367 enim
922 4324 1038 4387 corpus
1070 4301 1178 4385 ipsum
1210 4299 1326 4384 cordis,

180 4431 254 4475 cum
282 4429 322 4474 ex
349 4429 383 4474 se
410 4407 483 4493 ipso
507 4407 664 4474 dilatetur
692 4411 725 4474 et
756 4407 973 4493 contrahitur,
1003 4406 1148 4474 vicissim
1172 4406 1325 4474 materias
