3300 5146
622 416 865 482 -331-

168 579 313 662 ἔγραψεν
333 578 379 654 είς
401 572 438 642 τὸ
462 573 627 662 περὶτῶν
652 575 853 641 διοικουσιόν
876 569 961 660 ἡμᾶς
989 571 1167 660 δυνάμεων
1195 571 1314 661 δόγμα,

167 683 270 749 ταῦτα
294 685 403 767 ἔγνων
421 684 541 769 χρῆναι
559 678 854 768 προχειρισάμενος
875 679 963 768 μόνα
981 678 1207 767 παραβάλλειν
1230 676 1314 747 αότδι

168 801 238 867 τοῖς
269 783 328 874 ὑφ’
358 784 609 875 Ἱπποκράτους.
624 813 659 854 τε
691 787 746 854 καὶ
775 785 957 867 Πλάτωνος
989 787 1183 875 εἰρημένοις.
1231 811 1315 874 παμ-

168 891 303 962 πάλλων
331 893 368 964 δὲ
401 893 662 983 ἐπιχειρημάτων
693 895 932 982 γεγραμμένων
964 889 1052 985 αὐτῷ
1084 893 1159 981 περὶ
1185 896 1247 961 τοῦ
1274 890 1314 961 τὰ

168 999 262 1088 πάθη
281 1004 339 1088 τῆς
357 1003 464 1087 ψυχῆς
478 1001 515 1068 έν
533 1014 603 1080 τοῖς
615 1000 698 1070 κατὰ
716 1000 777 1070 τὸν
791 1001 931 1089 θώρακα
948 999 1063 1080 τόποις
1081 1004 1341 1086 συνίστασθαι,ε

169 1107 244 1195 περὶ
275 1106 312 1174 δέ
343 1111 404 1176 τοῦ
435 1105 472 1176 τὸ
504 1107 723 1196 λογιζόμενον
752 1108 900 1176 ἐνταῦθα
936 1103 1098 1194 ὑπάρχειν
1127 1103 1207 1175 οὐδὲ
1238 1110 1316 1195 μιᾶς

170 1212 368 1296 ἀποδείξεως
386 1215 571 1302 εἰρημένης,
590 1211 673 1283 ἀλλὰ
693 1215 830 1302 ἑτοίμως
848 1211 899 1284 ἀεὶ
918 1213 1149 1302 λαμβάνοντος
1161 1210 1316 1302 τάνδρός,

171 1329 256 1392 ἔνθα
278 1320 318 1390 τὰ
342 1321 435 1410 πάθη
458 1325 516 1409 τῆς
538 1325 645 1410 ψυχῆς
668 1328 877 1408 συνίσταται,
906 1323 1054 1390 ἐνταῦθα
1081 1322 1136 1390 καί
1158 1318 1221 1408 τὴν
1244 1319 1315 1388 διά-

171 1455 271 1497 νοιαν
292 1425 468 1516 ὑπάρχειν,
498 1438 624 1517 εἴρηται
647 1427 709 1516 μέν
732 1426 796 1516 ’ἤδη
820 1455 877 1517 μοι
900 1428 983 1519 πρὸς
1005 1425 1109 1498 αὐτὸν
1133 1424 1196 1497 οὐκ
1218 1423 1315 1515 ὀλίγα
1361 1436 1363 1442 ’

170 1536 225 1604 καὶ
254 1534 309 1602 διὰ
339 1538 407 1605 τῶν
434 1541 641 1625 ἔμπροσθεν,
674 1536 838 1624 εἰρήσεται
871 1537 908 1605 δὲ
940 1537 994 1605 ιιαλ
1027 1540 1093 1604 νῦν
1125 1533 1209 1604 ὅσον
1235 1531 1315 1603 ὑπό·
1331 1557 1355 1596 10

170 1650 298 1712 λοιπον.
349 1647 379 1710 εί
409 1641 470 1730 μὲν
494 1634 557 1711 οὖν
590 1640 640 1712 ἀεὶ
668 1642 707 1712 τὰ
732 1640 816 1711 αὐτὰ
843 1644 917 1732 περὶ
946 1647 1014 1711 τῶν
1042 1638 1154 1710 αὐτῶν
1185 1639 1316 1730 όΧρό-

171 1769 291 1830 σιππος
309 1754 433 1837 ἔγραφε
451 1750 507 1817 καὶ
529 1748 575 1837 μὴ
595 1752 765 1839 διεφέρετο
785 1749 868 1839 πρὸς
887 1745 992 1820 αὑτὸν
1011 1751 1047 1818 ἐν
1065 1763 1135 1828 τοῖς
1153 1754 1317 1827 πλείστοις

171 1845 344 1944 δόγμασιν
364 1857 645 1946 έπαμφοτερίζων,
673 1854 752 1927 οὐδὲ
780 1853 823 1926 διν
851 1858 923 1946 έμοὶ
953 1855 1079 1945 μακρὸς
1106 1853 1123 1924 δ
1147 1859 1205 1943 τῆς
1226 1852 1316 1924 άντι-

170 1970 285 2050 λογίας
308 1964 433 2049 ἐγίνετο
455 1963 459 2052 Ι
479 1962 587 2050 λόγος.
629 1965 696 2033 ἐπεὶ
721 1964 758 2033 δέ
777 1962 893 2033 ἄλλοτε
916 1961 1000 2032 ἄλλα
1023 1964 1097 2051 περὶ
1120 1967 1187 2031 τῶν
1205 1959 1383 2034 orbantes}

171 2068 356 2159 stadonense
383 2069 538 2158 γράφων,
571 2067 680 2138 οὐκέτι
709 2070 829 2162 ῥᾴδιον
859 2069 934 2140 οὕτε
965 2069 1028 2158 τὴν
1054 2070 1192 2158 γνώμην
1220 2070 1316 2159 έρμη-
1332 2088 1357 2128 1⁵

174 2182 288 2246 νεῦσαι
311 2173 454 2265 τάνδρὸς
482 2174 560 2245 οὔθ’
591 2176 656 2268 ὅπη
679 2177 875 2263 σφάλλεται,
904 2175 1086 2246 δεικνύναι.
1135 2177 1209 2262 περὶ
1232 2180 1318 2264 γοῦν

171 2287 239 2352 τῶν
271 2281 589 2372 circumvecta-ripas
621 2283 798 2370 δυνάμεων
830 2284 867 2352 έν
894 2287 943 2375 τῷ
973 2283 1122 2374 προτέρῳ
1154 2282 1228 2370 περὶ
1260 2286 1318 2369 τῆς

208 2525 225 2572 4
244 2519 311 2586 περί
327 2535 356 2571 τε
376 2517 426 2572 τοῦ
446 2515 547 2572 ABCh
565 2516 629 2584 περὶ
647 2515 697 2570 τοῦ
712 2515 779 2571 ΜΚ.
800 2547 832 2556 -
853 2523 869 2572 6
888 2517 956 2585 περί
972 2535 1000 2570 τε
1021 2513 1052 2572 δὲ
1074 2515 1124 2570 τοῦ
1138 2515 1168 2570 Μ
1186 2515 1234 2568 καί
1253 2514 1318 2582 περὶ

172 2589 223 2646 τοῦ
243 2588 324 2644 Corn.
345 2619 378 2629 -
404 2595 436 2642 12
457 2586 563 2658 ἔγραφε
583 2589 642 2642 MA
662 2585 768 2658 ἔγραψε
789 2586 896 2660 Bchss.
916 2619 948 2628 -
973 2582 1043 2656 πρὸς
1062 2581 1151 2642 αότδν
1169 2585 1264 2640 ΜΑΒ.
1284 2617 1317 2625 -
1366 2601 1372 2610 ·

172 2823 361 2911 regentibus
390 2822 643 2887 confirmandam
676 2823 875 2907 scripsisset,
907 2823 1083 2907 promenda
1116 2803 1212 2906 atque
1246 2843 1319 2886 curn

172 2932 224 3016 iis,
247 2952 329 3016 quae
353 2929 395 2996 ab
418 2927 620 3013 Hippocrate
644 2931 677 2992 ct
694 2928 831 2996 Platone
854 2928 942 2994 dicta
961 2933 1077 3012 essent,
1101 2928 1319 3013 comparanda

173 3035 256 3102 mihi
280 3059 350 3102 esse
374 3036 492 3101 censui.
530 3033 612 3100 Cum
636 3037 745 3100 autem
767 3035 929 3120 permulta
948 3034 991 3100 ab
1009 3057 1048 3102 eo
1072 3038 1179 3100 essent
1197 3034 1321 3122 scripta

175 3146 381 3230 argumenta,
409 3143 526 3228 quibus
555 3142 656 3208 animi
685 3143 818 3208 affectus
847 3143 880 3207 in
912 3141 1056 3210 thoracis
1084 3141 1214 3208 sedibus
1246 3163 1320 3208 oon·

174 3251 289 3316 sistere
313 3248 516 3334 probaretur,
540 3273 596 3314 eur
620 3271 696 3316 vero
720 3249 842 3314 ibidem
866 3252 952 3316 esset
973 3249 1073 3334 ratio,
1100 3270 1140 3314 ne
1163 3270 1229 3314 una
1252 3249 1319 3334 qui·

174 3357 248 3422 dem
267 3342 501 3422 demonstratio
521 3357 622 3422 allata
640 3361 734 3440 esset,
758 3356 815 3420 sed
834 3378 961 3441 semper
979 3356 1115 3422 illudat
1133 3376 1320 3422 concessum

174 3466 364 3546 sumeretur,
383 3463 439 3528 ubi
459 3464 593 3528 affectus
613 3463 713 3528 animi
729 3463 930 3547 exsisterent,
949 3463 995 3528 ibi
1014 3462 1175 3528 rationem
1194 3484 1320 3548 quoquc

174 3593 257 3656 esse,
280 3593 341 3635 nos
360 3574 394 3635 et
417 3592 515 3655 supra
537 3569 599 3635 hac
618 3571 657 3636 de
680 3593 715 3636 rc
732 3593 799 3638 non
822 3592 927 3654 pauca
945 3573 1059 3636 contra
1077 3591 1150 3634 eum
1169 3569 1320 3634 disserui·

177 3701 250 3742 mus
283 3681 316 3741 et
343 3700 443 3761 nimo,
476 3700 559 3763 (μου
596 3681 736 3762 restant,
767 3698 1004 3763 persequemur.
1059 3675 1180 3753 Quodsi
1208 3676 1351 3754 eadem,

175 3805 304 3868 semper
330 3785 369 3848 de
396 3784 512 3849 iisdem
540 3784 697 3849 scriberet
724 3783 928 3870 Chrysippus
961 3805 1064 3868 neque
1096 3783 1130 3847 in
1157 3781 1321 3868 plerisque

175 3891 313 3956 decretis
342 3913 362 3955 a
385 3913 419 3954 se
442 3891 512 3974 ipse
535 3891 723 3956 dissentiret
746 3912 878 3976 anceps,
910 3913 976 3958 nou
998 3890 1106 3974 longis
1134 3889 1216 3954 mihi
1239 3911 1321 3974 opus

162 4001 263 4062 esset
286 3998 327 4062 ad
355 3997 613 4083 respondendum
637 3997 843 4084 ambagibus,
871 3998 1024 4083 quoniam
1053 4018 1128 4063 vero
1152 3994 1232 4060 alibi
1256 3995 1322 4060 alia

176 4105 215 4170 de
238 4105 355 4170 iisdem
378 4104 518 4170 scribere
541 4105 807 4190 deprehenditur,
829 4125 933 4189 neque
956 4103 1151 4168 scutemiam
1179 4100 1322 4169 hominis

176 4210 383 4295 interpretari
416 4233 533 4298 neque,
565 4233 629 4296 quo
667 4213 763 4280 modo
801 4215 899 4294 erret,
931 4211 1100 4276 ostendere
1133 4207 1231 4273 facile
1264 4211 1323 4272 est.

176 4315 226 4382 De
257 4317 470 4388 facultatibus
503 4316 632 4404 quidem
663 4339 725 4384 nos
756 4317 941 4402 regentibus
974 4338 1048 4382 cum
1078 4316 1114 4380 iu
1144 4315 1251 4399 primo
1283 4313 1322 4380 de

179 4425 287 4490 anima
305 4424 390 4491 libro
410 4425 604 4509 exposuerit,
626 4423 896 4510 quemadmodum
915 4421 1010 4490 Plato
1029 4420 1140 4506 sensit,
1162 4421 1197 4486 in
1216 4420 1322 4508 capite
