3246 5148
217 1263 425 1366 Scriptorum
442 1281 637 1346 Graecorum
652 1281 706 1344 vix
722 1281 925 1364 cuiusquam,
945 1279 1156 1348 Aristotelem
1176 1283 1203 1345 si
1219 1304 1269 1345 ex-

127 1388 239 1472 cipias,
258 1393 328 1452 tam
348 1389 412 1451 late
429 1389 536 1471 patuit
549 1391 680 1471 tamque
699 1387 754 1450 diu
772 1386 883 1450 floruit
901 1408 996 1468 qnam
1013 1384 1139 1452 Claudii
1156 1389 1271 1454 Galeui

128 1495 238 1558 medici
263 1494 450 1559 auctoritas.
496 1493 581 1558 Nam
609 1498 685 1578 post
707 1494 866 1558 excidium
890 1494 1019 1577 imperii
1043 1493 1181 1559 Romani
1205 1519 1270 1561 non

128 1601 380 1684 Byzantinorum
400 1602 518 1665 finibus
534 1601 602 1664 eius
617 1600 723 1664 studia
740 1603 885 1664 coartata
901 1600 1125 1664 retinebantur
1142 1602 1182 1666 ad
1197 1625 1269 1666 ean-

128 1708 258 1791 demque
283 1731 321 1772 ac
345 1711 524 1772 ceterorum
544 1707 740 1770 Graecorum
759 1706 866 1770 studia
884 1707 1062 1771 exilitatem
1082 1708 1270 1792 redigeban-

129 1818 189 1896 tur,
207 1813 263 1877 sed
283 1813 480 1879 habitabant
498 1815 532 1878 in
550 1813 735 1896 Occident03
755 1811 854 1896 quid?
878 1813 962 1896 quod
982 1813 1022 1876 ad
1042 1811 1143 1896 Syros
1162 1816 1271 1896 etiam,

130 1921 165 1982 ad
187 1919 318 2002 Persas,
346 1921 385 1984 ad
410 1921 535 1986 Arabes
558 1919 758 1984 transierunt
785 1941 821 1982 ac
843 1919 937 1983 novis
965 1919 1038 1984 inde
1062 1921 1271 1986 incrementis

130 2027 227 2109 captis
252 2027 294 2090 ad
318 2031 431 2110 gentes
451 2025 638 2108 Enropaeas
659 2023 875 2089 refluxerunt?
898 2023 966 2088 Neo
986 2047 1062 2090 vcro
1082 2027 1272 2091 colebantur

132 2132 175 2194 rel
194 2131 379 2196 oblectandi
399 2132 498 2194 animi
519 2130 569 2195 vel
584 2131 775 2196 excolendae
794 2130 912 2193 mentis
932 2153 1030 2194 causa
1048 2134 1099 2196 vel
1113 2137 1150 2196 ut
1164 2155 1270 2197 rerum

132 2243 160 2299 et
176 2238 359 2302 litterarum
376 2238 583 2321 antiquarum
598 2241 797 2320 repeteretur
812 2236 956 2320 cognitio
962 2287 970 2316 ‚
994 2237 1048 2300 sed
1068 2261 1105 2301 eo
1126 2240 1272 2320 consilio,

131 2347 162 2405 ut
188 2344 410 2427 acquireretur
438 2342 586 2406 doctrina
613 2365 664 2425 ea,
695 2363 776 2426 quae
805 2342 844 2404 ad
872 2342 958 2406 vitae
987 2342 1154 2406 hominnm
1179 2367 1271 2408 usum

132 2449 365 2534 utilitatemque
396 2472 491 2533 quam
522 2449 697 2532 plurimum
729 2448 863 2529 valeret,
892 2469 965 2510 cum
995 2449 1028 2510 ct
1060 2449 1093 2512 iu
1126 2451 1271 2534 corporis

132 2553 257 2618 humani
283 2577 357 2620 cum
379 2556 506 2620 fabrica
528 2561 597 2618 turn
618 2555 740 2619 viribus
762 2554 1037 2636 facultatibusque
1056 2556 1271 2639 percipiendis

133 2665 161 2722 et
182 2661 213 2724 in
236 2660 422 2724 ualetudine
446 2665 516 2724 turu
536 2660 734 2724 restituenda
751 2665 822 2724 tum
841 2660 1061 2724 conservanda
1081 2667 1271 2726 versaretur.

133 2765 164 2828 lu
186 2789 247 2850 quo
271 2769 400 2830 tantum
426 2765 491 2830 fuit
515 2765 628 2830 Galeni
656 2789 788 2849 nomeu,
814 2771 851 2830 ut
878 2787 936 2850 per
962 2768 1036 2850 plus
1065 2767 1174 2833 decem
1203 2792 1270 2832 sac·
1378 2781 1383 2792 '

133 2871 197 2934 cula
214 2895 311 2936 neruo
331 2872 476 2955 auderet,
499 2873 599 2935 immo
622 2895 662 2936 ne
682 2873 842 2956 cogitaret
860 2873 989 2956 quidem
1008 2873 1147 2958 digitum
1166 2880 1270 2938 trans-

133 2999 267 3060 versum,
295 2982 332 3041 ut
354 2978 459 3060 aiunt,
487 2979 525 3041 de
554 2978 621 3041 eius
649 2979 796 3042 doctrina
824 2979 1067 3063 praeceptisque
1096 2980 1272 3045 discedere:

133 3067 355 3148 ammirari
379 3088 503 3147 mentes
523 3083 691 3148 homiuum
716 3085 778 3148 sibi
802 3085 973 3148 adstrictas
994 3085 1135 3149 Galenus
1159 3088 1271 3151 tenuit.

214 3189 276 3254 Sed
300 3189 383 3253 tanti
411 3189 540 3274 imperii
568 3211 626 3273 per
652 3193 704 3252 tot
732 3191 861 3253 saecula
889 3193 1048 3254 manentis
1077 3191 1117 3254 ad
1140 3195 1271 3274 tamque

134 3295 271 3360 diversas
303 3299 416 3380 gentes
448 3297 640 3378 pertinentis
672 3297 780 3360 forma
812 3297 901 3360 varia
934 3300 967 3359 et
999 3295 1168 3379 multiplex
1202 3297 1272 3360 fnit.

136 3399 222 3482 :lpnd
246 3401 446 3484 Byzantinos
470 3402 598 3485 quidem
622 3403 688 3465 fere
713 3405 914 3484 certantum,
942 3425 1023 3484 quae
1047 3402 1088 3464 ab
1112 3401 1272 3482 Oribasi0,

135 3505 290 3569 archiatro
314 3506 372 3569 illo
395 3507 519 3570 Juliaui
544 3508 692 3571 l‘aesaris
702 3506 738 3592 ¹),
767 3507 903 3590 aliisque
927 3530 943 3568 e
967 3507 1101 3571 medicis
1130 3509 1272 3590 antiquis

135 3616 278 3694 excerpta
307 3617 413 3696 erant,
446 3614 479 3676 iu
507 3636 600 3677 usum
630 3617 797 3696 venerant,
830 3635 927 3694 quare
958 3613 992 3676 in
1024 3613 1125 3695 ipsius
1157 3613 1271 3676 (taleni

135 3715 219 3780 libris
242 3740 307 3781 uon
331 3718 468 3782 multum
492 3720 533 3782 ab
557 3720 598 3782 iis
626 3740 742 3802 operae
766 3717 951 3801 laborisque
974 3718 1116 3782 locatum
1145 3723 1207 3801 est,
1235 3741 1272 3782 ac

138 3820 219 3886 Pauli
245 3823 422 3908 Aeginetae
446 3827 647 3908 temporibus
672 3863 712 3870 —
738 3824 848 3888 floruit
866 3829 973 3888 aretem
994 3847 1019 3888 c.
1038 3848 1065 3888 a.
1086 3825 1152 3888 660
1169 3847 1199 3908 p.
1214 3823 1272 3888 Oh.

138 3949 162 3990 u.
185 3965 222 3973 —
248 3953 287 3994 ne
310 3931 430 3995 electos
453 3931 582 4014 quidem
604 3931 679 3994 illos
698 3931 787 3994 locos
806 3930 913 4015 legere
933 3931 1099 4015 volebant,
1123 3932 1199 4014 quia
1223 3932 1272 3994 vel

144 4073 340 4081 ..—-·.

217 4159 236 4226 ¹)
258 4158 297 4212 Cf.
318 4157 440 4211 Oeuvres
463 4157 606 4212 d'Oribaso
630 4175 681 4227 par
702 4157 885 4212 Bussemalrer
908 4159 938 4212 et
960 4158 1130 4227 Daremberg
1153 4159 1231 4211 Tom.
1252 4159 1272 4224 I,

138 4262 160 4310 p.
174 4245 298 4312 xxxuq
317 4245 465 4301 Lehrbnch
479 4247 528 4300 der
542 4246 706 4302 Gesehichte
725 4246 774 4300 der
788 4245 909 4300 Medicin
924 4263 978 4300 von
992 4245 1079 4300 asser
1097 4246 1178 4312 (dena
1194 4249 1273 4314 1853)

55 4349 58 4378 l
139 4337 151 4394 ξ
170 4339 228 4402 me,
246 4341 269 4388 2.

186 4441 264 4482 Gelani
278 4443 304 4482 do
319 4443 378 4482 Plto.
394 4443 450 4482 Plrt.
465 4446 486 4482 et
501 4443 608 4490 Hippocr.
623 4443 682 4482 llbrl.
1045 4445 1058 4492 1
