3296 5150
626 419 871 483 -373-

172 576 236 642 ‘uui
260 572 299 640 τά
328 578 388 661 τῆς
412 569 604 656 ἀσθενείας,
632 572 672 642 τά
699 574 793 662 πάθη
822 573 859 642 δὲ
883 572 958 642 οὔτε
982 575 1033 642 dni
1062 584 1136 661 ίσης
1158 575 1235 645 οὔτε
1263 585 1318 645 lou

171 683 330 768 ‘yloarau’
376 681 431 748 καὶ
455 680 599 768 μήνκαὶ
623 681 753 751 τούτων
777 682 850 770 ε’ξής
870 681 1005 750 τοιάσδε
1028 681 1121 762 τιυάς
1144 683 1319 772 ἐρωτήσεις

170 791 288 879 ἐρωτᾷ·
314 787 523 876 παραγράψω
552 789 588 856 dt
618 790 673 858 καί
700 788 822 869 ταύτας
845 786 959 868 αὐτοῖς
986 786 1143 876 ὀνόμασι,
1172 787 1235 858 κάν
1257 820 1317 879 μα-

169 895 326 984 κρότεραί
345 922 417 992 πως
438 899 476 962 αί
501 895 613 982 ῥήσεις
639 889 714 964 ὦσι·
743 893 816 964 ‘uad
839 903 874 964 τί
898 898 938 964 δέ
958 921 1046 976 τινες
1067 901 1136 966 τῶν
1162 897 1318 985 μεγάλων

168 1003 409 1090 ’νομιζομένων
432 1009 548 1088 καίπερ
576 999 731 1082 ἀσθενεῖς
754 1001 847 1082 ὄντες
869 1017 940 1082 ταῖς
962 1002 1110 1091 γνώμαις
1137 1004 1344 1090 βουλεύου-5

168 1113 237 1177 εταί
260 1137 294 1177 τε
322 1110 377 1177 καὶ
406 1109 673 1198 σνμφράὃμονας
700 1108 822 1190 ἀλλους
851 1106 1187 1198 παραλαμβάνουσιν,
1220 1109 1266 1192 ὦς
1298 1111 1315 1182 ὁ

168 1221 397 1306 Ὃιαγρυιτνῶν
417 1213 647 1304 Ἀγαμε’μνων;
675 1208 772 1296 οὗτος
798 1214 863 1302 μάρ
892 1214 949 1283 διὰ
972 1214 1035 1303 τήν
1060 1217 1189 1306 τροπήν
1212 1215 1317 1300 εὐθὺς

167 1325 245 1414 (ἅμα
269 1340 338 1404 τοῖς
356 1323 470 1404 ἀλλοις
488 1321 680 1410 ἀριστεῦσιν
703 1320 834 1413 ἀρρήτῳ
853 1323 920 1389 τιυὶ
938 1324 1056 1391 πένθει
1075 1327 1214 1412 βέβλητο
1234 1325 1315 1394 κατὰ

168 1431 240 1500 ’τὸν
262 1431 412 1519 ποιητήν.
462 1429 681 1517 λωφήσαντος
708 1429 744 1496 δὲ
774 1431 835 1496 τοῦ
861 1429 994 1510 πάθους
1020 1438 1136 1518 καίπερ
1163 1436 1222 1520 τῆς
1248 1437 1316 1500 τῶν

168 1539 439 1628 συμβεβηκότων
466 1535 663 1625 ὑπολήψεως
696 1533 763 1622 ἅμα
790 1539 829 1623 τῇ
862 1539 929 1604 τῶν
956 1542 1126 1626 λογισμῶν
1156 1536 1315 1631 ἀσθενείᾳ
1332 1562 1356 1599 ¹0

168 1645 401 1733 Ὃιαμενούσης
425 1642 580 1731 οὐδαμῶς
602 1639 777 1731 ἡσυχάζειν
800 1644 1004 1731 ἐδοκίμαζεν·

211 1751 287 1839 ’ἥδε
311 1754 350 1820 δέ
372 1756 408 1820 ol
427 1750 509 1819 κατὰ
531 1749 646 1837 θυμὸν
669 1746 786 1838 ἀρίστη
810 1757 947 1836 φαίνετο
971 1753 1089 1840 βουλή,

211 1857 370 1947 (Νέστορ’
398 1860 449 1928 ἐπὶ
472 1862 606 1946 πρῶτον
628 1853 783 1945 Νηλήιον
806 1858 948 1942 ἐλθέμεν
971 1855 1117 1945 ἀνδρῶν,

203 2143 301 2204 ιέτιίσ
303 2168 335 2216 ης
353 2145 484 2200 MAllCh
504 2139 551 2199 ἐπ’
573 2143 736 2212 ίαηςΚμ-
762 2141 875 2208 2τοιάς
894 2143 926 2199 δέ
946 2144 1094 2198 ΜΑΒμ-
1122 2153 1209 2216 lpro
1227 2169 1312 2218 μεμα

165 2225 220 2274 λων
240 2219 319 2275 Corn.
340 2213 485 2304 μεζάλα
470 2215 527 2286 legi
551 2215 679 2270 uult-
706 2211 914 2298 θνομιζόντων
935 2215 1099 2271 MABOhK
1123 2219 1313 2308 νομιζομένων

165 2292 302 2378 Bplreoe-
325 2297 358 2344 10
376 2309 435 2358 αμα
454 2288 553 2356 τῆς-
574 2281 728 2350 ἀσθενείας
747 2279 914 2340 naueh
896 2306 955 2356 αμα
974 2286 1074 2340 καί
1042 2308 1142 2355 της-
1162 2288 1190 2344 α’.
1209 2285 1312 2360 Κάμα

165 2365 253 2434 τῇ-
217 2357 409 2436 -άσθενείιι
429 2377 494 2428 οοε;
514 2359 549 2414 cl.
568 2357 652 2412 Proll.
672 2377 718 2428 pp
739 2365 772 2413 63
787 2360 816 2412 et
835 2363 930 2414 86-
953 2365 984 2412 12
1004 2351 1054 2426 ἥδε
1075 2357 1107 2414 δέ
1127 2380 1154 2413 οι
1147 2357 1207 2415 cf.
1226 2361 1262 2416 Jl
1278 2361 1311 2430 X,

167 2440 330 2489 1740.-

165 2602 178 2608 ..
187 2597 375 2607 .--.--—-—-..

164 2723 261 2808 quod
285 2721 439 2786 diutina
457 2717 737 2784 consuetudine
756 2717 976 2802 mitigatum
1000 2718 1038 2782 in
1062 2718 1200 2802 quibus
1225 2719 1309 2804 opi-

164 2831 299 2896 niones
330 2831 367 2890 et
395 2826 699 2892 imbecillitates
731 2847 845 2908 saepe
877 2825 1060 2908 aequales
1089 2829 1193 2910 sunt,
1227 2849 1309 2911 per·
1338 2843 1343 2850 “

163 2936 411 3003 turbationes
440 2937 566 2998 autem
593 2954 714 3016 neque
743 2954 787 2996 ex
816 2953 935 3016 aequo
963 2953 1083 3016 neque
1110 2955 1224 3015 pares
1248 2957 1308 2998 ex-

163 3041 329 3110 sistunt'
380 3041 487 3126 Atque
514 3041 613 3105 etiam
642 3043 717 3122 post
744 3039 825 3104 haec
852 3038 1124 3124 interrogationes
1153 3041 1309 3124 quasdam

162 3151 264 3236 ponit,
282 3171 372 3234 quas,
389 3148 466 3212 lieet
484 3147 582 3231 paulo
601 3145 767 3230 longiores
782 3145 963 3228 videantur,
981 3126 1097 3210 iisdem
1115 3146 1182 3210 illis
1201 3148 1308 3213 verbis

163 3257 360 3322 adscribam:
398 3254 511 3331 ‘Quid
531 3259 602 3337 est,
626 3275 694 3318 cur
715 3252 898 3318 nonnulli
922 3275 1065 3336 eorum,
1089 3253 1153 3338 qui
1177 3256 1306 3340 magni

163 3367 363 3448 putantur,
397 3383 478 3426 eum
516 3360 684 3426 consilio
721 3360 915 3424 imbecilli
954 3361 1046 3442 sint,
1080 3363 1308 3428 consultent

163 3473 290 3533 tamen
328 3469 505 3552 aliosque
545 3467 590 3531 ad
632 3467 960 3533 deliberationem
997 3466 1230 3532 adhibeant?
1270 3468 1306 3532 id

163 3576 260 3660 quod
284 3575 519 3662 Agamemno
547 3573 716 3660 pervigil
746 3573 843 3657 apud
872 3577 1026 3656 poetam
1053 3572 1159 3638 facit.
1209 3573 1305 3639 Nam

162 3685 251 3767 post
274 3681 420 3746 cladem
439 3681 573 3746 statim
594 3702 675 3745 cum
700 3681 792 3744 aliis
812 3681 1058 3764 principibus
1077 3679 1305 3744 incredibili

163 3790 325 3874 quodam
348 3809 520 3854 maerore
548 3787 764 3871 perculsus,
793 3788 856 3852 ubi
886 3787 1019 3852 sedata
1047 3785 1125 3850 fuit
1151 3791 1305 3869 pertur-

163 3895 630 3980 batio‚ta1netsieorum,
653 3917 748 3980 quae
767 3895 1005 3978 acciderunt,
1029 3893 1160 3977 opinio
1184 3895 1304 3960 ratio·

161 4025 322 4088 numque
354 4002 572 4066 infirmitas
606 4001 873 4086 permanebat,
905 4022 1145 4086 nequaquam
1177 4004 1305 4066 tamen

161 4110 433 4194 quiescendum
457 4109 712 4195 existimarim

251 4220 311 4282 ast
333 4215 428 4282 haec
451 4217 626 4282 volventi
651 4217 792 4282 melior
815 4215 1016 4280 sententia
1039 4215 1122 4278 visa
1147 4217 1207 4278 est

249 4321 414 4408 primum
436 4323 600 4390 Nelidae
625 4345 787 4408 propere
811 4322 984 4387 tentoria
1008 4320 1112 4386 adire

250 4434 365 4516 etque
389 4431 675 4498 ibi·consilium
699 4429 812 4494 simul
837 4429 1022 4515 indagare
1047 4427 1222 4514 viamque
