3228 5148
610 427 831 494 ..39-

147 595 260 677 ceptae
293 590 334 657 ad
366 613 498 656 manum
532 587 758 674 transferrent,
795 593 828 653 et
860 611 1014 672 persaepe
1051 610 1117 654 non
1153 586 1298 674 ipsarum

146 701 333 766 litterarum
360 699 483 784 figuras
511 719 570 782 per
597 719 631 762 sc
658 700 794 781 propter
820 697 1068 762 similitudinem
1096 699 1298 782 permutatas

147 830 234 888 esse,
254 807 324 890 sed,
344 829 416 870 eum
435 807 498 870 duo
518 804 678 870 vocabula
697 804 832 869 totidem
851 804 978 869 litteras
998 809 1031 870 et
1053 809 1183 889 praeter
1202 827 1299 870 unam

148 915 328 978 alteramve
358 915 480 978 ceteras
510 933 696 978 communes
723 911 896 995 haberent,
924 913 1017 978 oculo
1046 934 1112 977 non
1139 911 1173 976 in
1201 935 1298 977 unam

146 1021 242 1086 illam
265 1021 408 1085 litteram
432 1021 559 1086 intento
578 1043 616 1084 ex
636 1018 751 1082 ceteris
770 1041 830 1102 pro
849 1019 1008 1084 vocabulo
1023 1019 1146 1104 scripto
1161 1019 1299 1084 alterum

148 1127 342 1210 occurrisse,
372 1128 400 1192 si
430 1126 623 1211 praesertim
651 1125 760 1190 notius
790 1129 823 1189 et
855 1127 961 1212 magis
992 1127 1106 1192 tritum
1137 1130 1236 1210 esset,
1266 1127 1299 1192 id

147 1257 247 1319 quam
271 1256 345 1298 vere
368 1235 491 1298 dictum
515 1233 571 1318 sit,
595 1257 612 1296 e
637 1233 748 1298 multis
769 1233 925 1317 exemplis
942 1234 1089 1298 codicum
1112 1236 1298 1299 nostrorum

148 1341 308 1406 illustrari
336 1343 453 1424 potest.
503 1339 549 1406 Ut
579 1340 709 1404 mittam
738 1339 773 1404 in
800 1339 835 1403 M
865 1343 1020 1424 βραχείας
1048 1363 1107 1425 pro
1137 1343 1299 1424 τραχείας,

147 1444 331 1532 μαθήματα
353 1471 413 1532 pro
436 1443 618 1531 παθήματα
641 1445 739 1511 scribi
746 1467 808 1536 ‚'p.
827 1445 890 1510 401
915 1447 957 1510 in.
977 1448 1067 1512 codd.
1086 1452 1118 1511 et
1137 1447 1205 1512 edd.
1230 1445 1299 1512 ἐπεὶ

149 1551 185 1620 δὲ
210 1551 265 1618 καλ
290 1547 389 1631 αὐτὸς
412 1548 430 1618 ὁ
454 1551 594 1638 Νέστωρ
621 1547 830 1636 θεασάμενος
857 1548 914 1616 διὰ
941 1554 999 1637 τῆς
1026 1548 1148 1639 ὁρμῆς
1170 1549 1299 1639 κάρρω-

148 1669 215 1727 θεν
239 1657 424 1746 προσιόντα
450 1663 500 1737 τίς
529 1659 620 1726 ἐστιν
648 1657 793 1747 ἐπερωτᾷ
821 1660 997 1725 scribentes
1025 1661 1178 1746 griphum
1206 1659 1299 1744 quasi

149 1770 310 1855 quendam
334 1769 429 1834 nobis
448 1771 703 1854 proposuerunt,
727 1790 820 1851 quem
844 1772 955 1832 tamen
975 1767 1072 1832 facile
1090 1766 1298 1833 dissolvimus

150 1899 256 1962 comp.
279 1877 316 1942 Il.
339 1875 383 1958 X,
407 1877 449 1942 83
472 1877 523 1951 τίς
545 1868 577 1938 d'
599 1862 698 1950 οὗτος
719 1869 801 1939 κατὰ
825 1875 907 1958 νῆας
929 1869 993 1940 ἀνὰ
1022 1869 1165 1960 στρατὸν
1190 1875 1298 1958 ἔρχεαι

150 1977 222 2060 οἶος
249 1980 371 2049 νύκτα
398 1975 444 2046 δι’
471 1975 682 2066 ὀρφναίην,
714 1973 902 2066 scripsimus
933 1983 1035 2066 igitur
1065 1977 1121 2047 διὰ
1148 1981 1206 2065 τῆς
1235 1976 1298 2065 ὄρ-

149 2114 260 2174 φνης.
291 2090 325 2155 P.
345 2091 411 2154 640
433 2089 504 2153 init
527 2085 737 2153 MABChK:
765 2087 837 2172 περὶ
862 2090 920 2172 τῆς
942 2083 1153 2164 ἀνακλάσεως
1175 2125 1219 2134 -
1242 2088 1298 2152 do·

149 2205 203 2262 κεῖ
223 2222 280 2282 μοι
304 2193 362 2282 (ac.
382 2190 619 2281 Ἀριστοτέλης)
643 2192 919 2278 κατανενοηκέναι
946 2192 1009 2280 τὴν
1035 2190 1176 2261 ἀτοπίαν
1199 2189 1297 2260 oddu-

149 2300 234 2388 μόθι
256 2305 390 2388 τολμῶν
411 2297 495 2387 αὐτῇ
514 2301 675 2385 χρῆσθαι,
699 2299 989 2386 παρελκόμενος
1012 2297 1043 2366 d'
1060 2297 1105 2378 ὥς
1127 2295 1298 2366 ἀπίθανον

150 2405 212 2475 άεί.
241 2409 288 2475 At
306 2411 405 2476 verbo
428 2406 649 2494 παρέλκεσθαι
667 2408 750 2473 nihil
769 2409 834 2473 loci
853 2411 915 2494 est3
939 2408 1180 2474 emendavimus
1203 2428 1298 2491 τιαρ-

149 2513 363 2602 ερχόμενος
391 2515 453 2581 hoc
484 2539 594 2580 sensu:
628 2515 711 2580 ‘rem
743 2516 836 2600 quasi
869 2521 1032 2580 carentem
1065 2513 1298 2600 probabilitate

149 2623 328 2708 praeterit’
364 2622 399 2687 P.
418 2623 481 2686 591
506 2625 583 2706 post
606 2623 687 2686 med.
711 2622 920 2688 MABOhK:
954 2611 1046 2688 οὗτοι
1070 2619 1134 2706 γάρ
1158 2622 1221 2685 τίσι
1243 2618 1298 2685 καὶ

150 2732 187 2795 oi
202 2726 286 2814 πρὸς
298 2726 432 2794 ἅπασαν
446 2723 616 2807 ἀπόδειξιν
630 2723 681 2794 ciel
700 2725 950 2813 λογιζόμενοι
970 2727 1024 2794 καὶ
1039 2746 1187 2813 στροφας
1199 2722 1298 2812 άσχή-

149 2859 256 2922 μονας
278 2833 513 2921 στρεφόμενοι;
541 2839 729 2920 λοχίζεσθαι
753 2837 861 2921 inepte
885 2837 1007 2900 dictum
1032 2839 1083 2900 est
1104 2836 1142 2900 de
1165 2836 1219 2920 iis,
1243 2835 1298 2919 qui

148 2967 209 3009 nec
237 2945 291 3008 via
318 2944 573 3010 demonstrativa
601 2945 733 3028 cognita
761 2947 793 3008 et
815 2967 947 3028 prorsus
975 2943 1011 3008 in
1034 2965 1072 3006 ea
1095 2942 1299 3007 inexercitati

151 3051 301 3116 veritatis
333 3051 458 3116 nullam
490 3051 613 3115 habent
644 3051 813 3116 rationem.
864 3050 979 3134 Itaque
1010 3071 1070 3114 nos
1103 3048 1298 3112 coniecimus

28 3159 32 3166 '
151 3153 425 3241 σοφιζόμενοα
449 3157 501 3222 ‘hi
525 3160 614 3240 sunt,
636 3157 691 3242 qui
708 3160 822 3222 contra
841 3179 969 3222 omnem
988 3154 1298 3220 demonstrationem

126 3264 356 3348 ὀοχιλιίολωιικι
387 3266 507 3329 ratium
538 3267 669 3328 ιιίιιιιλιιι
698 3286 757 3329 nec
789 3266 941 3329 verentur
971 3263 1007 3328 in
1036 3283 1148 3328 omres
1176 3261 1299 3326 versari

151 3371 287 3456 partes?

240 3477 316 3544 Non
338 3501 413 3544 raro
437 3481 545 3543 autem
568 3478 619 3561 fit,
646 3482 683 3542 ut
704 3479 833 3544 librarii
856 3477 998 3543 eiusdem
1022 3476 1173 3542 vocabuli
1198 3476 1296 3561 sylla·
1384 3559 1389 3570 Ι

151 3585 211 3649 bas
231 3585 499 3668 permutaverint,
518 3585 716 3667 καταλαβεῖν
734 3608 793 3672 pro
812 3587 1025 3667 καταβαλεῖν,
1044 3579 1221 3668 φλεβάρων
1239 3606 1298 3668 pro

151 3687 346 3775 βλεφάρων,
375 3687 474 3775 χάριν
504 3713 564 3774 pro
595 3687 706 3774 ῥάχιν,
736 3689 963 3775 βαδιζομίνων
992 3712 1052 3773 pro
1082 3689 1298 3774 βιαζομένων,

150 3793 251 3884 μύθῳ
275 3820 334 3882 pro
357 3797 457 3886 θυμῷ
486 3803 519 3862 et
546 3796 613 3862 alia
636 3797 794 3863 eiusmodi
819 3798 1007 3862 scribentes.
1054 3795 1116 3862 Sed
1144 3798 1297 3881 quoniam

151 3903 233 3968 talia
260 3904 376 3968 menda
406 3905 447 3968 ab
472 3903 650 3969 editoribus
678 3906 868 3990 plerumque
900 3904 1069 3968 emendata
1097 3907 1185 3986 sunt,
1213 3903 1297 3967 nihil

152 4033 234 4094 opus
257 4013 307 4074 est
332 4011 461 4096 longius
490 4011 528 4075 de
557 4031 596 4075 ea
618 4033 652 4074 re
675 4011 842 4075 disserere.
889 4010 1002 4095 Itaque
1030 4015 1232 4075 transeamus
1257 4009 1297 4072 ad

151 4119 275 4182 tertium
290 4137 387 4200 pentes
405 4139 529 4201 eorum,
553 4139 636 4203 quae
655 4123 767 4183 contra
782 4117 1052 4202 orthographiam
1065 4119 1199 4202 peccata
1214 4119 1298 4199 sunt,

151 4223 237 4308 quod
264 4224 300 4288 in
327 4223 529 4310 singularum
557 4225 740 4288 litterarum
771 4226 1012 4308 syllabarumve
1042 4222 1094 4286 vel
1122 4221 1297 4286 omissione

150 4330 203 4394 vel
227 4329 392 4394 additione
414 4331 558 4414 positum
582 4334 639 4394 est.
667 4331 774 4415 Atque
795 4332 990 4395 omittuntur
1008 4329 1147 4412 primum
1167 4327 1297 4393 litterae

150 4437 201 4502 vel
226 4435 375 4521 syllabae
398 4437 432 4501 in
455 4437 550 4502 initio
578 4437 726 4501 vocabuli
750 4438 931 4523 ponendae,
959 4457 1041 4520 quae
1069 4435 1203 4501 omissio
1230 4457 1298 4502 non
