3166 5192
575 425 817 492 -521-

120 581 156 651 τὸ
180 585 236 652 δια
261 587 328 651 τῶν
351 587 486 670 φρενῶν
509 579 763 670 ἀνατεταμένον,
786 588 922 652 ἔλαττον
946 583 982 652 δὲ
1005 581 1203 672 ἀμφοτέρων
1226 611 1264 653 το

120 693 159 779 τῇ
187 695 307 780 καρδίᾳ
336 688 557 778 ἐμφυόμενον.
608 696 715 757 καίτοι
744 717 795 776 γε,
824 699 914 776 εἴπερ
943 683 985 777 ἦν
1013 689 1032 778 ἡ
1061 695 1180 778 καρδία
1208 695 1265 779 τῆς

121 802 234 882 κοίλης
257 795 390 882 φλεβός,
414 793 458 874 ὡς
479 796 534 863 καὶ
558 799 616 882 τῆς
638 795 782 883 μεγάλης
799 793 967 886 ἀρτηρίας,
990 794 1085 885 ἀρχή,
1108 799 1265 884 μέγιστον

123 898 165 970 ἂν
188 895 241 989 ἦν,
266 901 369 989 οἶμαι,
393 901 429 970 τὸ
455 902 589 989 συνεχές
612 899 696 991 αὐτῇ
719 903 827 990 μέρος.

211 1013 255 1076 El
277 1011 317 1076 δέ
336 1035 385 1088 τις
408 1018 510 1076 οίεται
533 1013 591 1095 τῆς
613 1009 675 1098 μέν
702 1009 876 1097 δυνάμεως
901 1025 973 1091 ταῖς
995 1012 1096 1097 φλεψὶ
1120 1011 1293 1098 χορηγὸνσ

121 1115 183 1202 τὴν
206 1120 364 1202 καρδίαν,
383 1119 451 1202 τῆς
473 1115 508 1186 δὲ
533 1113 614 1202 ὕλης
636 1114 672 1184 τὸ
697 1109 800 1204 ἧπαρ,
829 1119 987 1186 ἐντεῦθεν
1012 1117 1074 1205 γιὶρ
1097 1116 1266 1204 ὁρμᾶσθαι

122 1221 158 1290 τὸ
188 1215 284 1310 αἷμα,
316 1224 371 1290 καλ
399 1221 455 1291 διὰ
483 1227 581 1291 τοῦτο
610 1219 792 1310 εὐρυτέραν
822 1222 907 1292 εἶναι
937 1223 999 1312 τὴν
1031 1224 1118 1292 κάτω
1151 1229 1268 1309 κοίλην

122 1333 179 1416 τῆς
206 1326 292 1412 ἅνω,
322 1329 407 1396 διότι
431 1335 531 1398 πλείω
555 1329 656 1416 μόρια
683 1329 771 1398 κείνω
798 1335 860 1399 τοῦ
893 1337 897 1412 Ι
931 1330 1055 1420 ἥπατός
1082 1332 1187 1414 ἐστιν,
1216 1325 1333 1410 aicbat

122 1433 307 1520 ἀναγκαῖόν
330 1436 420 1502 ἐστιν
443 1433 543 1504 ἅπασι
567 1446 783 1522 χορηγεῖσθαι
807 1437 952 1526 τροφήν,
976 1431 1074 1518 οὗτός
1096 1462 1152 1524 μοι
1177 1441 1270 1504 δοκεῖ

123 1541 179 1608 διὰ
203 1538 314 1609 αὐτῶν
337 1533 385 1609 ὧν
409 1539 601 1610 ὑποτίθεται
622 1557 806 1630 συγχωρεῖν
829 1540 849 1610 ἃ
873 1543 917 1632 μὴ
941 1545 1105 1632 βούλεται.
1141 1543 1178 1612 τὸ
1203 1543 1266 1631 γὰρ
1283 1567 1307 1606 10

123 1650 155 1729 ἐξ
179 1645 302 1734 ἥπατος
325 1645 494 1735 ὁρμᾶσθαι
517 1648 554 1716 τὸ
583 1645 663 1736 αἷμα
686 1657 721 1718 τί
745 1649 826 1718 ἄλλο
854 1651 945 1719 ἐστίν
969 1648 987 1740 ἢ
1010 1650 1072 1738 τὴν
1095 1654 1267 1737 γεννῶσαν

122 1750 203 1843 αἷμα
236 1755 384 1842 δύναμιν
416 1757 452 1823 έν
484 1755 590 1846 τούτῳ
627 1760 671 1847 τῷ
710 1758 887 1849 σπλάγχνφ
919 1760 1144 1846 περιέχεσθαις
1178 1765 1268 1843 alasa

123 1855 186 1930 οὖν
209 1863 305 1930 ἕνεκα
334 1861 396 1949 μὲν
422 1867 483 1930 τοῦ
505 1864 688 1949 τρέφεσθαι
714 1862 752 1932 τὸ
782 1868 866 1956 ζῷον
894 1863 914 1951 ἡ
941 1869 1002 1933 τοῦ
1034 1862 1173 1951 αἴματός
1200 1863 1266 1930 ίστι

122 1971 266 2055 γένεσις,
289 1969 326 2035 έν
353 1967 448 2055 ἥπατι
478 1969 513 2036 δὲ
538 1976 663 2056 γίνεται
690 1970 727 2038 τὸ
758 1963 853 2058 αἷμα,
881 1975 938 2057 τῆς
965 1973 1144 2059 θρεπτικῆς
1167 1967 1268 2037 δυνά-

122 2102 208 2163 μεως
231 2072 314 2162 ἀρχὴ
338 2079 437 2142 τοῦτο
461 2080 551 2143 ἔσται
569 2075 606 2145 τὸ
627 2077 830 2165 σπλάγχνον,
854 2074 915 2164 οὐχ
938 2075 1105 2164 ἡκαρδία.
1142 2075 1179 2144 τὸ
1204 2074 1267 2162 γὰρ
1284 2099 1308 2137 1⁵

161 2279 172 2326 l
200 2275 264 2342 post
289 2267 320 2324 τὸ
344 2266 393 2324 διὰ
417 2272 473 2326 τῶν
499 2276 550 2340 φλε
578 2272 638 2340 (εἰσ)
667 2275 739 2342 spat.
764 2289 822 2328 vac.
846 2273 965 2360 triginta
987 2273 1074 2328 ferme
1098 2273 1269 2340 litterarum,

124 2345 250 2412 sequitur
279 2343 371 2396 καίτοι
393 2342 425 2411 γέ
449 2361 502 2410 περ
524 2335 560 2410 ἦν
583 2343 612 2397 in
636 2344 678 2410 δίς
707 2347 771 2412 post
793 2340 824 2398 τὸ
852 2345 900 2398 δια
924 2345 980 2398 τῶν
1003 2345 1115 2416 φλεβῶν
1138 2362 1178 2413 sp.
1207 2361 1267 2398 vac.

123 2413 209 2469 farma
232 2413 327 2468 decem
347 2412 517 2480 litterarum,
541 2414 668 2482 sequitur
690 2410 862 2484 ἅνατεταμι.
887 2413 1001 2470 ἔλαττον
1020 2413 1051 2470 δὲ
1072 2409 1118 2484 ἂμ.
1143 2433 1183 2484 ιφ.
1208 2431 1267 2470 sac.

123 2485 318 2554 duodeviginti
341 2483 394 2538 litt.
419 2486 512 2538 καίτοι
536 2483 564 2538 εί
585 2487 656 2572 spat.
680 2503 739 2540 vac.
764 2496 863 2540 novem
886 2485 943 2540 fera
967 2485 1020 2540 litt.
1045 2487 1147 2552 καρδία
1167 2485 1194 2539 in
1215 2485 1267 2538 AB

123 2551 154 2610 τὸ
174 2551 222 2610 διὰ
242 2556 297 2610 τῶν
317 2555 430 2622 φρενῶν
448 2549 667 2624 ἄναιεταμενον,
688 2555 802 2610 ἔλαττον
820 2555 853 2612 dt
872 2552 1043 2628 ἀμφοτέρων
1060 2553 1092 2610 τὸ
1112 2556 1145 2626 τῇ
1165 2557 1267 2628 καρδίᾳ

123 2623 305 2696 ἐμφυόμενον
324 2625 451 2695 (συνεχές
469 2625 560 2689 Corn.)
585 2625 665 2682 Corn.
686 2627 770 2693 ChK3
795 2628 829 2683 cf.
848 2627 933 2683 Proll.
958 2646 984 2697 p.
1006 2635 1048 2682 63.
1073 2657 1106 2668 -
1135 2635 1150 2681 2
1175 2629 1267 2682 καίτοι

123 2701 202 2765 είκερ
232 2699 276 2766 etp
295 2695 366 2751 0HK
394 2716 419 2750 κ.
444 2698 523 2764 staro
550 2689 585 2766 ἦν
609 2697 689 2752 Corn.
712 2701 805 2752 καίτοι
828 2711 859 2768 με
885 2701 963 2766 είπερ
991 2691 1027 2767 ἦν
1051 2715 1109 2754 nos.
1133 2729 1167 2740 -
1191 2705 1206 2752 λ
1232 2689 1267 2765 ἦν

125 2787 177 2824 om.
198 2769 234 2824 M.
255 2799 285 2808 -
307 2763 396 2852 αὐτῆς
414 2767 494 2852 ορδδ.
513 2768 575 2823 edd.
599 2763 671 2837 αὐτῇ
691 2787 754 2834 nos;
778 2769 812 2824 cf.
831 2769 915 2825 Proll.
935 2789 961 2840 p.
982 2777 1025 2826 86.
1045 2803 1077 2811 -
1098 2777 1114 2826 6
1133 2763 1198 2838 ὅλης
1217 2787 1267 2842 pro

124 2833 190 2908 ὕλης
207 2839 245 2893 M.
262 2870 291 2878 -
314 2845 383 2902 Βτρι
403 2858 479 2892 narro
499 2839 578 2894 codd.
597 2839 659 2894 edd.
678 2835 713 2894 τὰ
734 2841 873 2896 eiecimus.
894 2873 925 2882 -

125 3045 346 3104 transversum
377 3037 572 3119 extenditur,
600 3040 706 3104 minus
730 3043 839 3104 autem
866 3042 1002 3126 utraque
1030 3045 1079 3104 est
1107 3063 1158 3124 ea,
1185 3063 1267 3124 quae

123 3145 210 3210 cordi
239 3144 400 3210 inseritur.
453 3145 550 3230 Atqui
582 3146 610 3210 si
639 3167 694 3211 cor
722 3151 806 3210 es'set
835 3169 933 3212 cavae
960 3169 1074 3229 venae,
1107 3147 1191 3211 sicut
1218 3151 1267 3210 est

123 3253 260 3318 arteriae
294 3273 444 3338 magnae,
474 3253 687 3336 principium,
719 3253 861 3318 maxima
889 3257 976 3318 esset
1002 3275 1039 3318 ea
1067 3276 1158 3338 pars,
1186 3275 1266 3336 quae

123 3359 211 3425 cordi
236 3359 389 3425 continua
412 3362 470 3423 est.

213 3465 247 3530 Si
270 3466 343 3550 quis
367 3469 475 3530 autem
494 3469 589 3550 putat
610 3465 801 3532 facultatem
821 3469 911 3534 venis
930 3491 949 3532 a
968 3469 1073 3552 corde,
1096 3468 1266 3532 materiam

125 3595 143 3636 a
170 3573 290 3656 iecore,
323 3573 442 3658 quippe
471 3593 490 3637 a
517 3595 580 3658 quo
609 3573 742 3658 sanguis
770 3579 911 3657 emanet,
942 3575 1142 3660 suppeditari
1170 3577 1266 3659 atque

124 3677 243 3743 idcirco
268 3701 365 3742 cavae
389 3701 489 3744 venae
518 3683 646 3764 partem
670 3679 858 3746 inferiorem
887 3683 1051 3765 superiore
1075 3703 1144 3746 esse
1171 3679 1266 3746 latio·

124 3807 206 3868 rem,
234 3784 318 3868 quod
347 3785 434 3850 infra
461 3787 549 3852 iecur
577 3787 685 3870 plures
714 3787 780 3851 sint
806 3792 930 3871 partes,
966 3789 1082 3872 quibus
1115 3787 1266 3852 omnibus

125 3891 313 3956 alimentum
334 3893 534 3976 suppeditari
549 3915 679 3959 necesse
695 3893 746 3976 sit,
765 3893 793 3958 is
807 3915 866 3978 per
879 3893 937 3958 illa
953 3895 1033 3978 ipsa,
1047 3915 1127 3979 quae
1143 3893 1268 3976 statuit,

124 4021 171 4082 ea,
194 4021 275 4084 quae
298 4021 364 4065 non
389 3999 466 4082 vult,
489 4000 662 4064 concedere
686 3999 767 4064 mihi
791 3999 926 4064 videtur.
966 3999 1053 4065 Nam
1077 4000 1267 4084 sanguinem

124 4128 161 4168 ex
189 4105 294 4169 iecore
322 4105 483 4189 proficisci
511 4106 587 4190 quid
616 4105 702 4169 aliud
727 4109 777 4170 cst
804 4129 900 4192 quani
929 4107 1095 4192 sanguinis
1118 4128 1266 4190 procrea-

124 4212 238 4276 tricem
261 4211 450 4277 facultatem
474 4213 508 4277 in
537 4235 574 4278 eo
603 4212 725 4276 viscere
742 4213 930 4278 contineri?
977 4209 1113 4296 Quodsi,
1141 4217 1176 4276 ut
1201 4214 1266 4278 ala-

124 4319 177 4380 tur
199 4317 330 4402 animal,
353 4319 521 4404 sanguinis
541 4319 707 4404 generatio
732 4323 793 4400 est,
815 4319 850 4384 in
873 4319 977 4384 iecore
1001 4323 1109 4384 autem
1132 4321 1266 4406 sanguis

124 4428 305 4510 generatur,
328 4423 389 4490 hoc
414 4426 529 4504 viscus,
552 4446 618 4490 non
641 4447 709 4510 cor,
733 4425 857 4491 altricis
880 4425 1046 4491 facultatis
1070 4425 1265 4515 principium
