3228 5148
614 387 878 474 -135-.

250 551 299 615 11.
346 541 423 612 Ἀπὸ
451 547 519 614 τῶν
546 547 787 634 προαιρετικῶν
820 542 879 632 (εν.
906 541 1084 632 κινήσεων)
1113 539 1303 631 ἀρξάμενοι,

154 651 235 722 καθ’
262 649 301 733 ἃς
322 653 378 720 καὶ
396 651 434 720 τὸ
452 652 662 740 καλούμενον
685 655 779 731 ίδίως
796 648 999 740 ἡγεμονικόν
1023 652 1090 720 ἐστι
1109 653 1168 737 τῆς
1186 653 1303 738 ψυχῆς,

42 847 51 858 ·
153 762 226 830 ἕνα
253 760 373 848 λόγον
406 761 600 848 ἐδείκνυμεν
631 757 860 848 ἦρωτῆσθαι
893 758 1019 846 μόνον
1052 759 1304 844 ἐπιστημονι-

152 871 245 952 κῶς,
273 864 347 936 άπὸ
376 864 498 936 αὐτοῦ
531 871 606 934 τού
630 867 873 954 ζητουμένου
903 870 971 953 τῆς
998 861 1136 944 οὐσίας
1163 869 1304 951 ἔχοντα

152 971 223 1053 τὰς
249 973 474 1061 προτάσεις,
502 972 595 1043 ὄντα
623 977 820 1043 τοιοῦτον·
844 969 962 1044 Ἥπον
992 977 1070 1042 τῶν
1097 971 1255 1059 νεύρων
1282 970 1299 1042 ί

152 1077 267 1168 άρχή,
290 1083 464 1150 ἐνταῦθα
487 1081 549 1150 καὶ
577 1078 710 1167 τὸτῆς
739 1084 866 1168 ψυχῆς
893 1075 1159 1168 ἡγεμονικόνῖ
1205 1077 1302 1170 αὕτη

151 1187 226 1274 μὲν
253 1185 274 1276 ἡ
301 1191 371 1258 τοῦ
399 1187 520 1274 λόγου
551 1187 772 1276 κυριωτάτη
804 1187 996 1276 πρότασις
1022 1184 1302 1276 ῶμολογημένη

151 1299 276 1362 πᾶσιν
294 1300 445 1384 ἰατροῖς
467 1321 506 1362 τε
525 1295 588 1362 καλ
607 1294 858 1382 φιλοσόφοις·
877 1291 898 1381 ἡ
918 1293 958 1360 δὲ
979 1287 1066 1362 οἷον
1079 1294 1303 1382 πρόσληψις

152 1398 276 1489 αὐτῆς
303 1398 455 1490 ἀληθὴς
481 1403 551 1489 μέν
574 1399 613 1489 ’ἡ
642 1398 737 1489 ἀρχὴ
765 1404 842 1469 τῶν
870 1399 1023 1486 νεύρων
1056 1402 1097 1468 ἐν
1123 1405 1171 1494 τῶ
1197 1403 1301 1490 ἐγκε-

150 1505 289 1600 φάληί,
313 1508 462 1596 ψευδὴς
484 1511 528 1576 δέ
548 1506 587 1596 ’ἡ
611 1505 708 1595 άργὴ
731 1511 808 1575 τῶν
831 1506 986 1592 νεύρων
1014 1509 1055 1576 ἐν
1077 1513 1121 1598 τῇ
1144 1506 1298 1598 καρδίρί
1404 1504 1406 1510 ’

151 1615 324 1704 γράφειν
347 1615 417 1703 μὲν
439 1615 586 1703 ταύτην
613 1613 683 1702 τὴν
706 1613 902 1702 πρότασιν
934 1609 954 1702 ἢ
977 1615 1041 1683 καὶ
1065 1616 1197 1702 λέγειν
1218 1630 1302 1696 τοῖς

151 1719 335 1810 άπείροις
363 1719 561 1810 ἀνατομῆς
588 1723 815 1809 δυναμένου
844 1721 965 1810 τινός,
994 1720 1040 1790 ού
1067 1721 1144 1810 μὴν
1173 1725 1304 1804 δεῖξαί

151 1855 195 1916 γε
224 1831 450 1916 δυναμένου
472 1852 501 1897 κ.
523 1855 549 1896 τ.
573 1837 601 1898 λ.
629 1829 672 1918 (p.
697 1833 760 1897 649
784 1855 814 1915 p.
837 1830 943 1918 med).
989 1830 1037 1898 cf.
1060 1856 1089 1917 p.
1113 1833 1178 1898 212
1206 1837 1300 1900 extu

150 1933 311 2022 ἄντικρυς
329 1935 390 2024 μὲν
409 1940 516 2024 ψευδῆ
539 1935 578 2004 τά
597 1939 745 2021 τοιαῦτα,
767 1935 841 2022 περὶ
860 1927 909 2004 ῶν
927 1937 964 2003 ἐν
982 1940 1027 2028 τῶ
1046 1935 1163 2027 πρῶτφ
1182 1943 1300 2028 βιβλίφ

152 2046 300 2130 διῆλθον
323 2043 375 2110 ἐπὶ
398 2044 512 2128 πλέον,
535 2042 617 2112 ὅταν
639 2039 712 2130 ἤτοι
735 2042 841 2129 μηδὲν
868 2045 936 2110 τῶν
959 2038 1093 2128 ἀλόγων
1118 2041 1210 2134 ζῴων
1234 2045 1301 2112 ἐπι-

152 2159 279 2237 θυμεῖν
300 2177 349 2230 τις
371 2145 392 2238 ἢ
415 2154 614 2237 θυμοῦσθαι
637 2148 765 2236 φάσκῃ,
788 2147 940 2234 καθάπερ
965 2151 1000 2215 οί
1020 2144 1084 2216 άπὸ
1108 2152 1167 2235 τῆς
1190 2152 1300 2236 στοᾶς,

153 2251 173 2344 ἢ
206 2254 308 2324 πάλιν
341 2257 376 2324 ἐκ
407 2261 547 2343 καρδίας
577 2255 760 2343 πεφυκέναι
792 2254 832 2321 τδι
864 2257 982 2341 νεῦρα;
1019 2281 1049 2341 p.
1082 2257 1148 2322 212
1179 2280 1210 2342 p.
1242 2259 1299 2326 in.:

152 2361 412 2450 άποτετόλμηται
435 2362 499 2450 γὰρ
523 2361 652 2432 ἅπαντα
678 2360 877 2430 τὰτοιαῦτα
900 2359 984 2448 πρὸς
1006 2358 1198 2447 ἀνθρώπων
1221 2358 1299 2430 άνα-

152 2470 271 2558 τρέψαι
305 2469 606 2556 φιλονεικούντων,
639 2467 702 2538 ὅσα
733 2472 842 2548 καλῶς
874 2477 1000 2556 είρηται
1035 2481 1105 2547 τοῖς
1136 2477 1299 2556 παλαιοῖς,

152 2575 237 2664 ὑπὲρ
263 2581 324 2646 τοῦ
351 2577 518 2665 νεωτέραν
541 2580 670 2665 αἵρεσιν
688 2579 788 2644 ’ἰδίαν
812 2574 1051 2662 συστήσασθαι.
1078 2574 1118 2644 τά
1145 2575 1208 2664 μὲν
1236 2569 1299 2646 οὖν

151 2687 290 2754 τοιαῦτα
312 2687 381 2752 τῶν
404 2682 604 2770 ψευσμάτων
629 2685 665 2752 ἐν
688 2686 733 2776 τῷ
757 2681 875 2773 πρῶτφ
898 2686 1017 2774 βιβλίφ
1041 2682 1205 2770 διήλεγξα.

245 2796 294 2860 12.
339 2791 569 2877 Μακροτέρων
597 2783 660 2858 οὖν
687 2789 799 2876 λόγων
831 2786 1019 2876 ἐδεήθημεν
1046 2785 1152 2870 εὐθὺς
1184 2791 1221 2858 ἐν
1252 2793 1297 2882 τῶ

149 2897 271 2988 πρῶτςο
299 2903 417 2988 βιβλίφ
449 2895 504 2964 διὰ
536 2895 629 2982 τούς,
667 2893 687 2964 δ
715 2896 799 2984 μηδὲ
828 2893 913 2975 ὅλως
940 2893 1047 2980 εἶδον,
1080 2893 1125 2976 ῶς
1154 2893 1298 2984 ἀκριβῶς

150 3005 289 3083 ι’δόντας
320 3003 590 3093 ἐπιχειρήσαντας
616 3003 759 3091 γράφειν
791 2999 1052 3090 ἠναγκάσθημέν
1083 3029 1117 3071 τε
1145 3005 1199 3072 καὶ
1227 3003 1298 3092 τὴν

151 3111 307 3198 νεύρων
335 3111 389 3180 καὶ
418 3107 585 3198 ἀρτηριῶν
613 3107 818 3197 άνατομὴν
846 3111 896 3177 ἐπὶ
924 3115 1115 3196 κεφαλαίων
1143 3111 1181 3178 ἐν
1208 3107 1296 3202 αὐτῷ
1390 3149 1394 3156 -

150 3222 334 3286 διελθεῖν
357 3219 401 3304 (p.
426 3221 491 3285 650
515 3222 575 3285 sub
598 3222 651 3285 fin.
698 3219 744 3285 cf.
769 3243 798 3304 p.
826 3220 886 3285 189
912 3220 972 3284 sub
996 3219 1062 3284 fin.:
1110 3213 1170 3284 ούκ
1198 3214 1297 3304 ὀκνή-

150 3344 257 3410 σομεν
272 3325 420 3392 ἐνταῦθα
433 3323 495 3411 τὴν
508 3321 680 3412 άνατομὴν
695 3325 895 3411 ἑρμηνεῦσαι
909 3326 977 3390 τῶν
990 3319 1168 3409 ἀρτηριῶν,
1187 3321 1296 3413 ῶσπερ

150 3435 344 3518 ἔμπροσθεν
366 3435 434 3498 τῶν
457 3430 597 3520 νεύρων.

245 3539 294 3604 13.
342 3544 530 3606 Φαίνεται
558 3537 638 3624 γάρ,
666 3533 711 3616 ῶς
739 3542 930 3624 ἔμπροσθεν
958 3535 1124 3622 ἐδήλωσα,
1154 3533 1199 3602 τά
1226 3535 1297 3624 μὲν

150 3647 230 3712 τῶν
258 3643 411 3730 νεύρων
439 3645 476 3725 ἐξ
509 3642 728 3730 ἐγκεφάλου
756 3642 941 3730 ἄντικρυς
965 3641 1224 3732 ἐκπεφυκότα,
1251 3643 1296 3712 τά

151 3751 193 3818 δέ
222 3751 262 3818 ἐκ
293 3754 362 3818 τοῦ
394 3755 586 3819 νωτιαίου
618 3754 780 3838 μυελοῦ,
817 3763 1002 3828 νωτιαῖος
1036 3748 1077 3816 δέ
1110 3745 1227 3830 αὐτὸς
1259 3752 1296 3832 ἐξ

151 3855 374 3943 ἐγκεφάλου
402 3856 446 3944 (p.
477 3860 539 3926 188
567 3884 597 3945 p.
621 3857 678 3946 in.)
712 3858 759 3924 Of.
788 3883 818 3943 p.
847 3859 910 3924 207
940 3882 967 3924 a.
999 3859 1080 3924 med.
1108 3864 1141 3924 ελ
1168 3859 1206 3924 de
1235 3883 1296 3926 usu

150 3971 235 4052 part.
259 3965 417 4048 V01.111,
445 3989 475 4050 p.
498 3965 555 4030 45:
602 3960 653 4029 ὅτι
681 3961 743 4050 μὲν
770 3960 834 4049 γὰρ
865 3959 948 4050 άρχὴ
978 3962 1110 4052 νεύρων
1137 3960 1295 4030 ἁπάντων

151 4071 333 4157 ἐγκέφαλος
359 4069 414 4135 καὶ
446 4067 602 4148 νωτιαῖος
628 4070 684 4136 καί
712 4067 757 4149 ῶς
788 4067 893 4138 αὐτοῦ
919 4074 980 4138 τού
1008 4075 1167 4138 νωτιαίου
1194 4069 1295 4136 πάλιν

150 4177 332 4263 ἐγκέφαλος
358 4215 402 4224 -
433 4176 488 4242 καὶ
521 4173 566 4254 ῶς
596 4174 636 4244 τὰ
668 4176 730 4264 μέν
763 4181 865 4264 νεῦρα
896 4175 985 4265 παρὰ
1017 4175 1202 4262 ἐγκεφάλου
1233 4173 1295 4262 τὴν

151 4280 297 4371 φνχικδν
315 4280 461 4370 δύναμιν
480 4287 545 4369 ἔχει
563 4323 621 4372 -,
645 4285 681 4352 ἐν
703 4297 772 4362 τοῖς
799 4284 873 4370 περὶ
895 4287 963 4352 τῶν
981 4281 1217 4369 Ἱπποκράτους
1239 4283 1292 4350 καὶ

152 4389 336 4469 Πλάτωνος
359 4389 536 4478 δογμάτων
559 4388 798 4460 ἀποδέδεικται.
