3166 5192
552 417 793 480 -573-

102 577 171 658 ‘ricc
193 575 330 664 ἐσχάτας
358 572 421 641 δύο
451 573 455 660 Ι
484 573 627 658 πλευρὰς
654 571 801 660 ἐὸιχύθη
824 571 879 638 καὶ
902 569 923 658 η
946 571 1008 658 μὲν
1030 576 1132 654 ἔνθα,
1159 569 1179 658 ἡ
1208 571 1311 644 δὲόίθ

12 685 14 694 ’
100 686 197 750 *ἔνθα
228 685 296 750 τῶν
323 677 525 747 σπονδύλων
556 680 703 746 ἐλθοῦσα
735 676 966 764 κατηναλύθη.
1015 674 1036 763 ἡ
1065 677 1101 744 δὲ
1129 675 1245 745 εύθεία

101 805 177 875 ‘circii
201 809 258 893 τῆς
286 807 425 892 καρδίης
447 802 531 891 πρὸς
557 791 695 890 κληίδας
716 809 873 872 τείνουσα
902 800 1037 870 ἄνωθεν
1063 805 1121 888 τῆς
1148 799 1246 889 ἄρτη-

12 907 14 914 ’
101 917 187 1000 “ριής
211 915 282 981 ίστί
303 911 371 998 [καὶ
394 908 458 979 ἀπὸ
477 909 624 998 ταύτης],
648 907 757 997 ὥσπερ
780 911 835 978 καί
853 906 933 997 παρ’
960 905 1072 995 ὀσφὺν
1094 907 1247 977 κάτωθεν

13 1075 14 1080 ,
102 1023 172 1106 ττῆς
195 1015 364 1109 ύρτηρίης·
388 1017 443 1085 καὶ
467 1013 531 1085 ἀπὸ
555 1016 677 1103 ταύτης
695 1014 802 1085 ύΐσσει
826 1017 859 1095 ἐς
881 1013 918 1083 τὸ
942 1005 1042 1104 ἧπαρ,
1064 1011 1085 1102 ἡ
1109 1013 1170 1102 μὲν
1194 1015 1273 1082 trit·

101 1125 219 1206 ‘nerag
241 1125 296 1204 καὶ
320 1121 440 1210 λοβόν,
467 1119 487 1211 ἡ
512 1121 549 1190 δὲ
573 1125 606 1203 ἐς
623 1122 660 1192 τὸ
689 1122 769 1192 ἄλλο
794 1123 866 1209 ἑξῆς
889 1117 1082 1209 ἀφωρμήκει
1105 1119 1246 1209 σμικρὸν

101 1231 267 1300 εκύτωθεν
295 1233 440 1319 φρενῶν.
490 1229 610 1316 φρίνες
638 1229 674 1298 ct
701 1228 955 1316 προσπεφύκασι
987 1231 1031 1318 τῷ
1062 1225 1176 1314 ἥπατι,
1208 1223 1247 1307 ἃς

12 1337 14 1350 '
102 1335 156 1406 ‘ori
179 1341 313 1424 ῥηΐδιον
337 1343 486 1425 χωρίσαι.
531 1337 643 1404 δισσαὶ
667 1335 703 1403 δὲ
731 1333 795 1404 ἀπὸ
819 1339 966 1423 κίηΐᾶτον
989 1337 1027 1402 αι’
1051 1333 1112 1421 μὲν
1135 1340 1247 1420 ἔνθεν,

102 1447 152 1511 ἀί
173 1444 209 1511 δὲ
233 1449 335 1512 ἔνθεν
359 1439 424 1511 ὑπὸ
448 1446 574 1529 στῆθος
597 1444 630 1522 ἐς
652 1435 766 1530 ἦτρον·
795 1440 859 1529 ὅπη
888 1440 924 1509 δὲ
953 1443 1126 1526 ἐντεῦθεν,
1155 1439 1246 1509 ούπω

16 1533 21 1566 ⁷
103 1547 202 1618 ‘cisia
247 1551 367 1637 φρένες
390 1549 426 1617 δὲ
449 1547 532 1617 κατὰ
555 1547 616 1617 τὸν
639 1549 832 1618 σπόνδνλον
859 1547 920 1616 τὸν
942 1547 1030 1616 κάτω
1058 1551 1126 1616 τοῖν
1152 1556 1246 1616 πλευ·
1263 1571 1288 1608 1⁰

103 1657 212 1744 ρίαν,
235 1647 256 1746 ᾖ
280 1655 403 1744 νεφρὸς
427 1658 460 1737 ἐξ
478 1653 645 1744 ἀρτηρίης,
668 1653 771 1744 ταύτῃ
795 1652 1055 1742 ἀμφιβεβηκνῖαι
1080 1651 1247 1743 [ἀρτηρίαι

13 1767 14 1784 ³
103 1763 165 1848 ‘cij
196 1765 231 1830 ἐκ
258 1761 381 1830 τούτου
411 1762 629 1849 ἐκπεφύκασι,
662 1768 764 1830 ἔνθεν
789 1763 845 1830 καὶ
878 1767 979 1830 ἔνθεν
1006 1765 1064 1849 τῆς
1091 1759 1249 1850 ἆρτηρίης

103 1868 217 1938 ’τόνον
245 1873 388 1955 ἔχουσαι.
438 1868 541 1959 ταύτῃ
575 1868 611 1936 δὲ
643 1869 941 1957 παλινδρομήσασα
970 1865 1033 1937 ἀπὸ
1062 1872 1200 1957 καρδίης
1227 1867 1248 1956 ἡ

140 2097 248 2154 revue
267 2099 296 2152 M
321 2097 408 2154 ἔνθεν
432 2099 570 2156 ABChK.
596 2131 627 2140 —
651 2095 720 2170 crit
747 2099 834 2156 ἔνθεν
853 2101 932 2156 codd.
957 2101 1071 2154 eddn-
1095 2103 1249 2168 3καρὸίας

104 2173 184 2226 codd.
204 2171 319 2225 edd--
303 2166 472 2239 -ἀρτηρίας
491 2171 570 2226 codd.
586 2122 697 2226 edun·
716 2167 838 2226 taai’
819 2167 877 2226 απὸ
897 2166 1001 2257 ταύτης
1020 2173 1171 2259 expunxit
1168 2173 1248 2227 Corn.

12 2255 14 2280 ³
108 2249 180 2296 -t
199 2242 248 2310 τῆς
266 2237 401 2327 ἀρτηρίας
419 2241 499 2296 M
466 2243 665 2332 recnuntiate
672 2241 867 2298 ABChKn-
892 2249 908 2296 6
927 2237 1086 2312 αφσρμὴκει
1106 2239 1171 2296 Μ’
1153 2264 1248 2327 σφαρ-

105 2331 188 2382 μηκει
207 2311 306 2366 Assch
325 2307 585 2382 αφσίρμηιιεΚμ-
552 2311 672 2366 -9αἳ
689 2311 804 2368 ctMA.
823 2343 860 2354 -
878 2315 921 2382 ίτρ
922 2331 955 2366 ον
973 2313 1121 2368 MAR-
1142 2321 1175 2368 10
1193 2314 1249 2368 τῶν

107 2387 172 2440 ente
190 2381 333 2469 πλευρέων
352 2400 406 2438 om.
425 2383 504 2439 codd.
524 2384 644 2439 ecn-
669 2378 742 2438 11“
725 2379 869 2452 ηνεφρός
887 2377 956 2436 M
939 2405 956 2452 η
981 2405 1004 2438 ν.
1025 2377 1194 2439 ABOhK
1177 2405 1205 2456 η.
1222 2405 1248 2440 ν

106 2457 244 2511 t'ornn-
209 2449 451 2578 -ύρτρφίας
426 2454 505 2509 codd.
524 2455 642 2546 ed‹J.—
668 2405 892 2538 ύμφιβεβηκυίαι
915 2455 943 2508 M
956 2407 1194 2581 “Wssflss'iffm'ffj
1197 2457 1249 2510 AB

104 2519 308 2651 &caessaris

346 2525 401 2580 hK.
470 2520 601 2595 ἀρτηρίαι
616 2525 647 2580 δὲ
667 2527 745 2581 uncis
763 2525 935 2581 inclusimus.
1010 2533 1041 2580 12
1093 2530 1149 2581 θεν
1168 2547 1250 2596 αρτη

12 2639 13 2642 ,
105 2601 151 2666 ρίη
170 2597 240 2652 cod
269 2597 331 2652 add.
351 2595 413 2652 ἔνθ.
428 2591 709 2666 ἅρτηρίηςῦοηιμ-
730 2603 762 2650 13
783 2595 886 2666 ἔχοντα
905 2597 985 2652 codd.
1000 2595 1062 2652 edd.
1082 2629 1115 2638 —

107 2817 232 2880 autem
269 2813 341 2878 huc
379 2813 572 2898 pervenit,
613 2815 721 2878 iuxta
758 2818 952 2879 extremas
988 2815 1082 2880 dnae
1119 2819 1249 2881 costas

106 2923 242 3006 bipart
247 2921 302 2986 ita
332 2919 537 3005 scinditur3
569 2921 672 2985 alter
708 2943 835 2986 ramus
869 2922 914 2986 ab
944 2943 1031 3005 unc,
1068 2923 1170 2986 alter
1204 2923 1250 2986 ab

106 3029 232 3093 altero
257 3028 380 3092 latere
403 3028 670 3092 vertebrarum
693 3027 852 3092 veniens
876 3027 1084 3092 evanescit.
1062 3027 1251 3092 ttaRec

106 3139 232 3200 autem
251 3156 349 3199 vena
367 3134 412 3199 ed
430 3134 564 3220 iugula
583 3157 602 3198 a
621 3134 732 3200 corde
750 3133 910 3198 tendens
930 3156 1046 3218 supra
1065 3135 1250 3198 arteriam

106 3241 183 3306 sita
207 3243 279 3323 est,
307 3241 623 3325 quemadmodum
648 3241 692 3305 ad
716 3241 867 3306 lumbos
895 3240 998 3305 infra
1021 3263 1116 3324 eam,
1144 3245 1181 3304 et
1205 3241 1251 3304 ab

105 3349 177 3412 hac
213 3347 258 3411 ad
291 3347 397 3412 iecur
433 3349 617 3432 excurrit,
653 3352 762 3432 parte
796 3348 922 3412 altera
961 3349 1005 3413 ad
1039 3351 1175 3432 portas
1213 3351 1252 3412 et

106 3455 262 3536 fibram,
299 3455 424 3520 altera
461 3455 505 3519 ad
542 3455 714 3540 reliquas
751 3459 884 3540 partes
916 3456 1114 3540 paululum
1147 3453 1252 3518 infra

106 3557 336 3642 praecordia
364 3561 473 3625 abiit.
523 3560 759 3626 Praecordia
792 3565 918 3626 autem
950 3561 1070 3627 iecori
1103 3560 1159 3625 ita
1187 3561 1250 3625 ad-

106 3687 202 3730 nexa
225 3669 327 3750 sunt,
349 3671 391 3731 ut
415 3691 487 3732 non
510 3667 630 3732 facile
659 3668 813 3752 possint
837 3667 1022 3752 separari.
1068 3666 1251 3732 Geminae

105 3775 199 3836 item
223 3794 340 3836 venae
364 3796 384 3836 a
410 3773 557 3858 iugulis
586 3774 677 3839 hinc
705 3777 743 3838 et
766 3775 878 3839 illinc
907 3775 978 3840 sub
1011 3777 1183 3839 aternum
1207 3773 1251 3838 ad

106 3881 220 3944 imum
239 3882 411 3944 ventrem
431 3879 607 3964 tendunt,
630 3902 727 3964 quae
746 3903 818 3966 quo
838 3881 923 3946 inde
942 3881 1133 3964 ferantur,
1157 3880 1252 3944 mihi

105 3988 270 4053 nondum
308 3989 554 4069 compertum
587 3991 653 4051 est.
713 3987 947 4053 Praecordia
979 3991 1105 4052 autem
1143 3987 1252 4051 iuxta

106 4095 336 4178 vertebram,
369 4115 464 4177 quae
493 4093 600 4158 infra
628 4097 758 4158 costas
791 4099 865 4178 est,
893 4115 936 4159 ea
959 4094 997 4159 in
1026 4096 1150 4178 parte,
1180 4115 1253 4179 qua

106 4225 217 4267 renes
241 4223 284 4264 ex
308 4201 454 4266 arteria
477 4199 661 4282 eminent,
689 4223 771 4264 eam
795 4201 1078 4265 circumeuntia
1104 4223 1147 4266 ex
1177 4201 1253 4266 illa

107 4311 341 4374 enascuntur
355 4307 401 4372 ab
416 4311 577 4391 utraque
592 4309 702 4390 parte
718 4307 886 4371 arteriae
900 4329 1039 4372 nervos
1053 4307 1252 4372 habentes.

107 4416 188 4481 Huc
215 4437 304 4480 vero
333 4437 353 4479 a
380 4413 494 4478 corde
522 4435 725 4478 recurrens
755 4415 899 4479 iecoris
927 4436 1024 4479 vena
1049 4415 1176 4480 desiit.
1221 4415 1252 4480 A

523 4707 552 4740 Χ
