3212 5146
444 1289 662 1366 BIBAION
691 1291 951 1367 ΕΒΔΟΜΟΝ.

214 1619 284 1690 ode
312 1620 375 1709 ἐγὼ
403 1624 464 1690 τοῦ
491 1621 618 1708 μήκους
649 1627 706 1710 τῆς
734 1628 958 1710 πραγματείας
988 1632 1109 1706 αἴτιος,
1142 1623 1187 1704 ὥς
1214 1628 1337 1694 ualuas

122 1728 273 1816 πρόσθεν
300 1725 410 1812 εἶπον,
438 1723 521 1795 ἀλλὰ
550 1733 586 1796 οί
611 1732 745 1809 ψευδῶν
773 1728 884 1815 λόγων
916 1720 965 1796 οῦν
992 1726 1168 1817 ἠρώτησαν
1195 1734 1269 1820 περὶ

123 1833 323 1923 ἡγεμονικοῦ
350 1837 456 1922 ψυχῆς
483 1831 545 1902 οὐκ
572 1831 687 1922 ὀλίγας
713 1835 946 1922 πληρώσαντες
973 1840 1126 1922 βίβλους,
1159 1834 1218 1917 οῦς
1241 1844 1272 1906 εί

121 1941 183 2030 μὲν
206 1938 422 2028 ἆνελὲγκτους
443 1967 493 2020 τις
520 1949 646 2025 εἴασεν,
673 1941 783 2030 ὥσπερ
811 1942 970 2028 ἐγνώκειν
994 1943 1057 2028 ἐγὼ
1085 1942 1159 2014 τότε
1187 1943 1269 2013 κατὰ

121 2045 238 2135 ἀρχάς,
266 2044 327 2116 οῦκ
350 2043 393 2114 ἂν
421 2047 528 2116 ἐδόκει
555 2052 699 2135 βεβαίως
728 2045 965 2136 ἀποδεδεῖχθαι
989 2045 1148 2135 τάληθές,
1177 2055 1207 2119 εί
1229 2051 1292 2120 dib

121 2152 271 2240 ἐξήλεγγε
289 2152 415 2232 πάντας
434 2153 506 2240 ἑξῆς
524 2152 636 2238 ἐπιών,
660 2151 704 2233 ῦς
721 2155 849 2240 μηδένα
867 2161 1077 2240 παραλιπεῖν,
1101 2161 1147 2235 είς
1164 2161 1268 2243 μῆκος

122 2255 183 2326 οὐκ
202 2255 386 2344 ἀναγκαῖον
404 2260 608 2328 ίκτείνεσθαι
628 2260 804 2345 συνέβαινε
825 2261 829 2348 Ι
850 2260 912 2348 τὴν
930 2258 1013 2347 ὅλην
1031 2269 1267 2349 πραγματείαν.
1277 2273 1333 2330 ter

121 2363 233 2453 ἐπειδὴ
257 2371 375 2433 τοίνυν
402 2368 470 2433 τῶν
497 2363 638 2452 προίασιν
665 2363 728 2452 ἤδη
756 2363 1006 2454 ὑπομνημάτων
1030 2370 1268 2456 γεγραμμένων

121 2469 183 2540 οῦκ
211 2469 345 2540 ὤκνουν
376 2470 463 2552 τινες
495 2473 642 2540 ἐπαινεῖν
679 2469 723 2550 ὥς
749 2469 888 2559 ἀληθεῖς
924 2469 983 2552 οῦς
1015 2472 1208 2561 Χρύσιππός
1234 2501 1268 2542 τε

120 2577 174 2644 καὶ
204 2574 300 2645 ἄλλοι
327 2577 416 2658 τινὲς
443 2575 526 2665 ὑπὲρ
554 2577 757 2667 ἡγεμονικοῦ
789 2585 896 2667 ψυχῆς
928 2577 1104 2668 ἠρώτησαν
1136 2579 1267 2666 λόγους,
1283 2597 1308 2636 ¹⁰

158 2775 343 2828 ΓΔΑΗΝΟῬ
356 2777 459 2858 ΠΕΡΙ
468 2776 550 2830 ΤΩΝ
569 2777 846 2832 ΙΠΠΟΚΡΑΤΟΤΣ
863 2779 930 2832 ΚΑΙ
947 2778 1162 2832 ΠΛΑΤΩΝΟΣ
1174 2779 1265 2832 Aor-

120 2845 296 2930 ΜΑΤΙΩΝΛ
317 2839 389 2915 α’ρχη
409 2845 460 2899 τοῦ
481 2841 631 2930 εβδόμομι
643 2829 705 2902 :.‘M
726 2877 757 2888 -

155 2909 366 3000 9ἠγεμονικοῦ
388 2911 454 2969 M
440 2917 610 3002 ηγεμονικῆς
632 2916 772 2982 Ancum
798 2917 832 2974 of.
858 2919 985 2987 Proll.p
988 2925 1123 2974 .99-
1154 2914 1266 2986 ὀλίγους

121 2986 266 3040 ΜΑΒ.-
233 2980 336 3048 -οῦς
356 2984 383 3041 εί
399 2981 521 3042 MAB
504 3007 539 3050 ας
558 2987 585 3043 εί
602 2987 684 3055 ChK
705 2989 739 3044 of.
758 2989 880 3074 Proll.p
882 2995 1003 3044 ..—-49
1029 2985 1151 3074 ὁὲδόκη
1171 2990 1265 3044 MAB.

135 3051 426 3146 -8ῦπομνημῦιοιν
437 3053 490 3113 οῦκ
510 3055 621 3114 ὤκνουν
640 3031 719 3116 codd.
740 3055 835 3114 edd.
822 3081 848 3114 υ.
861 3007 1100 3116 ίκῦοθὲνταν’
1067 3081 1119 3115 ουκ
1135 3057 1165 3116 ui.
1184 3060 1265 3115 Corn

117 3123 144 3182 ῦ.
168 3129 370 3212 γεγραμμένων
393 3125 445 3184 οῦκ
472 3125 501 3183 ni.
526 3147 588 3196 nos;
613 3129 647 3186 cf.
672 3131 755 3186 Proll.
781 3149 808 3200 p.
835 3137 953 3185 109.-
983 3139 1017 3188 10
1039 3127 1211 3202 ἡγεμονικοῦ
1236 3131 1265 3185 Μ

121 3195 289 3270 ι’,γεμονικης
308 3199 446 3256 ΑΒΟῙιΚ.

549 3364 647 3430 Liber
670 3365 838 3449 septimus.

205 3469 281 3537 Non
305 3493 377 3536 meo
408 3471 489 3537 vitio
517 3473 567 3554 fit,
597 3475 632 3536 ut
660 3494 742 3556 opus
770 3472 805 3536 in
831 3473 963 3558 longius
987 3471 1152 3556 trahatur,
1182 3474 1266 3539 sieut

119 3599 215 3659 supre
243 3577 309 3640 iam
336 3577 416 3659 dixi,
447 3577 502 3641 sed
531 3599 657 3662 eorum,
684 3579 739 3662 qui
771 3577 863 3642 falsis
893 3577 1088 3662 rationibus,
1116 3602 1197 3664 ques
1226 3580 1264 3644 de

117 3681 290 3766 principali
315 3683 415 3748 animi
435 3687 527 3766 parte
551 3684 771 3768 instituerunt,
794 3707 859 3750 non
883 3707 1003 3768 paucos
1027 3684 1128 3750 libros
1152 3685 1287 3770 imple,

119 3791 247 3870 verunt,
276 3811 355 3873 quas
380 3790 407 3854 si
431 3789 503 3874 quis
527 3813 592 3856 non
615 3791 837 3877 redargueret,
866 3791 1136 3876 quemadmodum
1161 3813 1221 3878 ego
1245 3815 1264 3857 a
1374 3811 1380 3822 ·

120 3895 279 3979 principio
312 3895 558 3978 constituerem,
590 3921 656 3962 non
693 3897 855 3962 videretur
892 3897 973 3962 setis
1005 3897 1263 3963 demonstratum

120 4025 187 4066 esse
212 4001 258 4085 id,
281 4001 366 4086 quod
390 4024 501 4068 verum
526 4007 588 4088 est,
612 4004 663 4069 sin
687 4027 799 4070 omnes
826 4003 976 4088 deinceps
1001 4003 1184 4070 confutaret
1206 4007 1263 4089 itu,
1307 4062 1311 4071 .

117 4113 152 4173 ut
170 4109 292 4174 nullum
311 4109 595 4194 praetermitteret,
618 4110 819 4196 ultraquam
840 4110 920 4175 sutis
940 4115 990 4175 est
1007 4111 1262 4195 disputationem

119 4219 221 4280 totum
245 4215 445 4299 produceret.
491 4215 652 4292 Quoniam
676 4223 799 4301 autem,
823 4240 894 4283 eum
917 4217 1041 4301 primos
1069 4217 1135 4282 iam
1158 4205 1261 4284 libros

117 4322 341 4404 absolvissem,
368 4322 516 4387 nonnulli
543 4345 609 4388 non
639 4323 835 4390 dubitabant
861 4323 1017 4408 rationes,
1049 4347 1129 4409 quas
1158 4322 1260 4409 Chry·

117 4427 226 4512 sippus
250 4427 370 4514 aliique
394 4427 432 4492 de
459 4428 633 4514 principali
660 4435 752 4516 parte
776 4429 877 4496 animi
900 4435 1152 4514 proposuerim,
1179 4435 1259 4498 tam-
