3296 5150
613 445 768 512 -403
817 482 854 494 -

157 630 190 672 τε
214 604 268 672 καὶ
291 613 434 692 θρηνεῖν
453 601 514 672 ὅσα
533 629 567 671 τε
587 602 671 673 ἄλλα
688 609 836 688 τοιαῦτα,
859 600 922 672 κᾶν
941 609 978 672 αί
993 605 1067 691 περὶ
1086 607 1154 672 τῶν
1171 631 1305 692 γεγενη-

156 712 269 798 μένων
296 708 341 790 ῶς
367 714 479 780 κακῶν
506 709 618 798 ὅμοιαι
646 712 850 799 διαμένωσιν
877 707 1069 798 ὑπολήψεις.
1119 710 1216 779 ἱκανὰ
1244 711 1306 800 μὲν
1367 699 1371 706 ’

158 809 221 886 οὖν
244 815 355 905 ἀμέλει
378 819 433 886 καὶ
457 821 561 886 ταῦτα
579 817 663 905 πρὸς
685 820 828 898 ἔνδειξιν
847 809 896 885 ῶν
920 813 981 886 οὐκ
1005 814 1117 904 ὀρθῶς
1137 819 1140 904 i
1162 823 1369 905 {ypawevffl

157 920 175 991 δ
196 924 389 1012 Χρύσιππος
412 921 495 1012 ὑπέρ
518 951 551 992 τε
575 928 643 992 τῶν
664 928 723 1011 τῆς
741 927 848 1012 ψυχῆς
865 927 986 992 παθῶν
1010 924 1064 990 καὶ
1088 924 1173 992 πολὺ
1192 925 1305 1010 πρότε-

158 1057 220 1118 ρον
244 1036 291 1099 ἔτι
314 1031 389 1120 περὶ
413 1035 481 1100 τῶν
500 1033 729 1119 ἐργαζομένων
748 1027 831 1099 αὐτὰ
856 1029 1043 1117 δυνάμεων·
1068 1028 1109 1099 οὐ
1132 1031 1199 1119 μὴν
1223 1029 1332 1100 cisiis

159 1136 214 1205 διὰ
245 1141 306 1207 ποῖ
339 1139 488 1226 πέμπτου
519 1138 711 1226 γράμματος
748 1143 877 1225 ἔγνωκα
909 1138 983 1224 περὶ
1015 1141 1083 1206 τῶν
1115 1135 1227 1206 αὐτῶν
1259 1143 1305 1206 ἔτι

159 1249 378 1333 διαλεχθῆναι
412 1252 624 1333 παραλείπων
660 1244 722 1331 μὲν
753 1243 793 1312 ιὰ
825 1252 960 1314 πλεῖστα
991 1247 1060 1312 τῶν
1097 1241 1158 1313 οὐκ
1195 1241 1307 1333 ὀρθῶς

159 1353 344 1440 εἰρημένων
376 1349 481 1444 αὐτῷ,
519 1351 632 1440 μόνων
665 1351 701 1419 δὲ
741 1353 878 1421 ἐκείνων
910 1351 1145 1440 μνημονεύων,
1183 1353 1219 1419 έν
1257 1347 1307 1432 οἷς

159 1459 436 1546 ἐναντιολογεῑται
468 1457 551 1546 πρὸς
582 1457 703 1526 ἑαυτὸν
735 1460 870 1526 ἐναντία
897 1486 932 1527 ιε
964 1463 1068 1550 τολμᾷ
1095 1460 1305 1546 φθέγγεσθαι

158 1579 228 1645 τοῖς
251 1567 397 1652 ἐναργῶς
419 1565 649 1653 φαινομένοις·
678 1564 968 1654 ἐπιμνησθήσομαι
998 1565 1035 1633 δὲ
1064 1567 1100 1633 ἐν
1123 1562 1236 1646 αὐτοίς
1259 1571 1306 1634 ἐιι
1321 1589 1344 1631 10

158 1673 211 1739 καὶ
234 1676 302 1742 τῶν
324 1669 390 1742 ὑπὸ
412 1676 473 1742 τοῦ
493 1675 728 1742 Ποσειδωνίου
750 1671 835 1759 πρὸς
856 1671 917 1741 τὸν
936 1673 1133 1760 Χρύσιππον
1156 1669 1305 1761 ἀντειρη-

157 1779 278 1866 μένων.

194 1983 210 2032 2
229 1975 396 2048 διαμένουσι
415 1977 510 2032 ΜΑΒ.
530 2007 562 2016 -

158 2180 259 2244 genus
288 2159 367 2244 alis,
394 2157 512 2242 deponi
541 2158 660 2242 solent,
688 2157 766 2222 lieet
792 2158 923 2223 eaedem
950 2158 989 2224 de
1017 2158 1112 2224 rebus
1136 2161 1302 2245 tamquam

159 2265 255 2329 malis
288 2265 456 2350 opiniones
489 2268 708 2350 permaneant.
763 2263 852 2340 Quae
884 2287 1080 2350 quamquem
1108 2269 1194 2330 cerie
1223 2267 1303 2331 satis

158 2371 267 2436 valent
290 2370 331 2436 ad
358 2371 610 2436 demonstranda
633 2393 684 2455 ea,
711 2393 792 2456 quse
816 2368 1020 2456 Chrysippus
1045 2395 1116 2436 cum
1139 2371 1178 2436 de
1202 2373 1304 2438 animi

157 2478 468 2562 perturbsiionibus,
491 2481 561 2542 tum
581 2477 684 2543 multo
708 2477 814 2564 magis
838 2477 876 2542 de
899 2478 949 2563 iis,
972 2501 1054 2564 quae
1073 2478 1131 2544 hss
1151 2479 1304 2564 efficiunt,

156 2583 369 2650 facultatibus
391 2607 459 2650 non
481 2589 568 2650 recte
587 2583 728 2669 scripsit,
750 2587 861 2650 tamen
880 2585 993 2670 quinio
1016 2587 1100 2651 libro
1124 2586 1163 2650 de
1186 2585 1303 2652 iisdem

157 2689 314 2756 disserere
343 2692 511 2776 constitui,
538 2692 587 2757 ita
616 2693 742 2776 tamen,
769 2696 806 2757 ut
833 2694 994 2779 plerisque
1018 2693 1106 2777 aliis,
1134 2715 1216 2778 quse
1237 2715 1303 2759 non

157 2800 243 2860 reete
268 2797 308 2860 ab
333 2818 371 2862 eo
399 2797 486 2863 dieis
508 2798 672 2882 ridentur,
700 2799 830 2866 omissis
854 2821 892 2864 es
919 2800 1002 2884 sols,
1030 2801 1064 2865 in
1091 2800 1208 2885 quibus
1231 2800 1302 2886 ipse

157 2901 222 2967 sibi
254 2901 444 2969 adversatur
475 2909 509 2970 et
539 2905 595 2990 iis,
634 2926 716 2989 quse
751 2903 914 2971 evidentia
950 2907 1186 2992 manifestaque
1218 2911 1303 2990 suni,

156 3009 334 3076 reclamare
362 3011 472 3096 audet,
495 3035 759 3098 commemorem,
792 3035 855 3097 qua
878 3013 912 3078 in
939 3035 987 3097 re,
1015 3013 1042 3078 si
1067 3035 1148 3098 quae
1172 3035 1192 3078 α
1213 3012 1303 3078 Posi-

157 3116 254 3184 donio
278 3121 392 3183 eontra
416 3117 636 3205 Chrysippum
660 3119 747 3184 dieis
771 3123 859 3202 sunt,
883 3141 1144 3205 eorumquoque
1168 3120 1302 3184 mentio-

157 3246 232 3290 nem
255 3225 383 3290 faeiem.
