3300 5146
649 423 891 494 -301-

200 581 285 676 ζρέου
311 583 423 671 μέλεσι
451 582 672 671 παραγόντων
700 581 872 674 ὀργάνων,
899 582 982 676 άπερ
1009 581 1204 674 ὀνομάζεται
1232 590 1347 679 νεῦρα,

198 689 259 758 τὸν
283 691 467 776 ἐγκέφαλον
489 688 595 778 ἀρχὴν
614 688 775 780 ὑπάρχειν
793 693 1013 780 συμβέβηκεν,
1036 691 1146 780 ὥσπερ
1163 699 1231 764 τῶν
1250 693 1347 784 ἀρτη-

201 801 285 886 ριῶν
311 796 373 885 τὴν
400 801 555 886 καρδίαν·
584 802 694 865 ἔπειτα
722 797 775 883 δέ,
803 796 854 866 ὅτι
883 803 1098 886 carpeneto
1125 801 1187 888 plo
1215 797 1235 890 ἢ
1265 829 1347 890 τροι-

199 907 328 973 θεισοῖν
353 909 422 972 τῶν
445 902 528 972 κατὰ
555 903 615 972 τὸν
639 905 823 991 ἐγκέφαλον
849 908 988 973 κοιλιῶν
1011 903 1092 974 ὅλον
1114 905 1152 976 τὸ
1182 912 1266 1001 ζῷον
1289 906 1348 976 αδ

199 1017 274 1078 τίκα
296 1017 422 1097 γίνεται
445 1014 603 1100 καροῑδες,
626 1008 668 1079 οὐ
690 1010 758 1100 μὴν
776 1009 962 1081 ἀπόλλυταί
981 1039 1017 1099 γε
1041 1011 1118 1081 οὔτε
1141 1012 1161 1102 ἡ
1185 1014 1267 1083 κατὰ
1289 1014 1380 1095 tolet

200 1113 360 1207 ἀρτηρίας
390 1115 467 1186 οὔτε
504 1114 525 1204 ἡ
556 1115 639 1185 κατὰ
676 1116 738 1206 τὴν
772 1119 777 1208 Ι
810 1123 953 1209 καρδίαν
988 1126 1133 1206 κίνησις,
1169 1119 1279 1210 ὥσπερ
1310 1141 1414 1210 yacus

199 1220 363 1292 κάπειδάν
391 1221 514 1311 ὁμοίως
540 1222 602 1311 τὴν
631 1229 774 1314 καρδίαν
805 1230 995 1314 διαθῶμεν,
1027 1231 1065 1294 cl
1094 1227 1156 1314 plo
1181 1228 1263 1298 κατὰ
1290 1229 1348 1310 τάς

201 1325 360 1417 ἀρτηρίας
387 1329 534 1418 κινήσεις
565 1331 871 1420 παραβλάπτονται,
901 1332 939 1401 τὸ
974 1333 1010 1401 δὲ
1044 1332 1126 1402 ὅλον
1159 1339 1243 1428 ζῷον
1272 1335 1348 1405 οὔτε

201 1441 248 1515 είς
271 1445 433 1525 αἴσθησιν
456 1434 618 1525 οὐδεμίαν
647 1436 721 1506 οὔτε
745 1445 878 1526 κίνησιν
905 1436 1007 1508 οὐδὲν
1030 1448 1184 1528 φαίνεται
1207 1442 1348 1528 βλαπτό-

201 1568 313 1628 μενον.
359 1545 569 1632 ἐπεδείξαμεν
592 1544 629 1614 δὲ
652 1551 722 1630 καί,
745 1543 790 1626 cis
817 1542 995 1636 οὐδέτερον
1022 1545 1186 1640 οὐδετέρῳ
1214 1563 1351 1638 χορηγεῖ
1362 1571 1387 1610 1⁰

201 1652 270 1716 τῶν
293 1651 477 1738 εἰρημένων
505 1651 698 1739 δυνάμεων,
725 1649 803 1720 οὔδ’
833 1649 854 1740 ἡ
881 1657 1003 1740 καρδία
1029 1657 1074 1746 τῷ
1099 1655 1269 1746 ἐγκεφάλῳ
1291 1660 1349 1744 τῆς

202 1759 399 1844 αίσδητικῆς
424 1754 545 1826 τεκαὶ
577 1757 658 1827 κατά
685 1765 880 1849 προαίρεσιν
906 1765 1075 1850 κινητικῆς
1102 1759 1181 1831 οὔθ’
1216 1760 1233 1830 δ
1263 1764 1348 1848 ἐγκέ-

204 1869 310 1948 φαλος
336 1865 376 1952 τῇ
403 1869 524 1955 καρδίᾳ
555 1869 614 1953 τῆς
640 1869 842 1953 σφυγμικὴς,
870 1863 954 1936 ἀλλὰ
982 1873 1072 1936 ἔστιν
1100 1869 1256 1956 ἑκάτερον
1281 1873 1350 1938 τῶν

202 1975 332 2058 μορίων
359 1969 471 2060 ἑτέρας
498 1972 672 2059 δυνάμεως
702 1966 777 2041 οἷον
802 1972 891 2060 πηγή
918 2001 977 2055 τις.
1025 1977 1232 2044 ἐνδείκνυται
1265 1977 1302 2044 δὲ
1329 1973 1347 2045 ὁ

203 2074 304 2161 λόγος
325 2074 390 2163 ἤδη
414 2078 469 2145 καὶ
492 2079 554 2166 τὴν
576 2076 641 2148 άπὸ
664 2083 731 2148 τοῖν
754 2079 955 2167 νοσημάτων
977 2089 1179 2172 μαρτυρίαν,
1202 2079 1285 2170 ὑπὲρ
1309 2075 1348 2171 ἧς
1363 2110 1387 2150 ιτ

203 2184 240 2250 ἐν
262 2197 333 2263 τοῖς
356 2183 429 2272 ἑξῆς
451 2185 503 2254 ἐπὶ
525 2187 627 2254 πλέον
646 2187 796 2275 ἐροῦμεν.
832 2186 1017 2274 ἐγκεφάλου
1034 2188 1097 2276 μὲν
1120 2187 1184 2279 γάρ
1205 2190 1349 2277 πάσχον·

202 2316 259 2369 τος
285 2291 420 2378 ἕτοιμον
446 2295 708 2380 παραφρονῆσαί
726 2319 761 2360 τε
787 2294 843 2360 καλ
871 2291 1030 2382 άκίνητον
1056 2297 1112 2364 καί
1139 2293 1348 2383 ἀναίσθητον

203 2453 234 2461 ι-.
247 2456 281 2462 ...-
290 2457 375 2462 ---—.-
382 2456 404 2464 --

239 2547 256 2594 3
282 2542 476 2610 διλιφθειταῖν
508 2541 545 2597 Μ.
581 2573 613 2582 -
642 2549 673 2596 12
698 2539 836 2613 αἰσθητῆς
863 2543 923 2598 AB.
958 2576 992 2585 -
1016 2552 1048 2600 1³
1077 2547 1220 2617 τφυμικῇς
1247 2545 1284 2601 Μ.
1313 2578 1347 2587 -

205 2619 239 2666 14
259 2607 395 2682 ἑκατέρας
417 2613 496 2668 οοδδ.
516 2613 578 2669 εδδ.
599 2610 697 2684 ἑτέρας
715 2632 778 2681 nos3
802 2617 837 2670 cl.
856 2632 940 2686 supra
958 2635 985 2686 p.
1005 2623 1066 2688 223,
1087 2625 1127 2673 10.
1148 2649 1179 2658 -
1201 2624 1234 2672 15
1257 2619 1290 2690 τῇ
1314 2649 1347 2658 —-

204 2685 344 2758 μαρτυρίᾳ
363 2683 444 2739 Corn.
464 2716 498 2726 -

205 2833 417 2840 —-.-——-—-..-

205 2943 388 3004 mentorum
411 2937 573 3022 omnium,
596 2959 678 3022 quae
706 2960 837 3003 sensum
860 2943 1047 3024 motumque
1071 2941 1291 3006 voluntarium
1314 2943 1348 3007 in

205 3046 316 3111 omnia
338 3045 489 3110 animalis
513 3045 659 3110 membra
677 3045 891 3130 traducerent,
914 3047 970 3131 qui
987 3047 1078 3112 nervi
1098 3049 1348 3133 appellarentur,

206 3152 366 3238 originem
390 3173 470 3234 esse,
493 3151 607 3216 deinde
626 3151 749 3216 cerebri
767 3153 956 3218 ventriculis
980 3154 1104 3219 collisis
1127 3155 1179 3219 vel
1201 3155 1348 3220 vulnera·

205 3259 249 3322 tis
276 3261 383 3324 totum
410 3258 531 3324 animal
559 3262 691 3343 repente
719 3259 863 3343 sopitum
891 3261 1011 3326 collabi
1037 3283 1141 3346 neque
1163 3265 1274 3327 tamen
1296 3262 1349 3327 vel

206 3365 399 3430 arteriarum
423 3366 473 3429 vel
497 3365 603 3442 cordis
626 3368 751 3430 motum
774 3366 924 3448 interire,
948 3367 1090 3451 itemque
1118 3369 1212 3432 corde
1235 3369 1349 3433 eodem

206 3471 303 3537 modo
322 3471 438 3536 affecto
458 3473 650 3538 arteriarum
670 3472 799 3558 quidem
817 3477 925 3537 motus
948 3473 1043 3556 laedi,
1065 3473 1168 3538 totius
1186 3497 1262 3540 vero
1282 3475 1349 3540 ani·

206 3578 302 3642 malis
324 3599 428 3662 neque
452 3601 580 3643 sensum
602 3601 707 3664 neque
726 3583 851 3646 motum
873 3579 975 3644 ullum
994 3580 1223 3646 detrimentum
1246 3581 1350 3647 videri

145 3733 151 3742 .
206 3707 330 3770 capere.
366 3686 473 3770 Atque
493 3685 692 3750 ostendimus
711 3687 811 3752 etiam
828 3689 979 3752 neutrum
994 3687 1089 3752 alteri
1108 3709 1278 3772 suggerere
1300 3688 1348 3752 fa·

207 3792 355 3876 cultates,
369 3792 407 3856 de
421 3791 539 3876 quibus
553 3792 702 3876 diximus,
716 3816 817 3879 neque
832 3816 888 3860 cor
898 3795 1029 3859 cerebro
1043 3793 1234 3860 facultatem
1249 3795 1349 3860 sensi·

206 3897 310 3964 feram
323 3920 467 3982 quaeque
481 3901 630 3964 motuum
649 3901 907 3966 voluntariorum
921 3923 1020 3966 causa
1034 3904 1129 3979 essct,
1147 3923 1250 3986 neque
1264 3922 1348 3964 cere·

207 4005 302 4069 brum
326 4005 415 4071 cordi
442 4005 594 4090 pulsuum
621 4006 850 4093 incitatricem3
878 4009 934 4072 sed
961 4008 1042 4072 haee
1066 4009 1192 4073 viscera
1214 4007 1348 4072 alterius

207 4115 379 4196 utrumque
397 4111 564 4178 facultatis
583 4113 676 4198 quasi
693 4113 818 4178 fontem
836 4115 999 4179 exsistere.
1030 4114 1221 4200 Disputatio
1241 4118 1348 4179 autem

206 4219 273 4283 iam
306 4219 493 4284 morborum
525 4242 651 4305 quoque
677 4219 880 4303 testimonio,
912 4221 950 4284 de
980 4244 1044 4306 quo
1077 4223 1112 4286 in
1141 4221 1348 4306 sequentibus

205 4324 311 4389 fusius
335 4325 501 4418 disseram,
524 4327 730 4410 comprobari
753 4329 870 4411 potest.
907 4326 941 4392 Si
965 4329 1052 4393 enim
1071 4329 1236 4394 cerebrum
1258 4329 1348 4392 labo-

206 4435 273 4516 rat,
304 4433 373 4497 fieri
396 4432 493 4497 facile
515 4436 637 4518 potest,
665 4436 702 4497 ut
724 4433 845 4498 animal
869 4433 985 4498 deliret
1012 4438 1046 4498 et
1072 4439 1163 4500 motu
1191 4458 1347 4522 sensuque
