3246 5148
624 459 660 468 ..
711 423 752 488 γη
803 461 842 470 -.

157 577 195 646 τὸ
220 578 412 664 θυμοειδές·
435 579 490 646 καὶ
514 577 578 667 γὰρ
601 577 663 666 τὴν
686 579 790 661 δόξαν
813 581 867 648 καί
890 580 952 667 τὴν
974 584 1180 666 προσδοκίαν
1204 583 1240 650 ἐν
1262 582 1306 672 egi

156 689 303 776 λογικῷ
326 685 419 775 μόνην
438 691 660 754 συνίστασθαι
684 693 818 772 νομίζει.
856 689 1024 774 Sequenda
1048 690 1168 766 codicis
1187 692 1221 756 M
1244 696 1308 756 ἰο-

157 795 321 882 γιστικςό
346 795 518 860 scribentis
542 797 720 861 auotoritas
744 801 802 862 est
838 796 872 860 P.
889 797 954 862 433
974 797 1016 860 in.
1034 818 1100 862 non
1119 819 1218 861 eausa
1235 797 1308 880 fuit,

157 924 217 966 cur
235 903 270 966 in
288 901 484 966 editionibus
504 903 551 977 εἰς
566 898 676 978 πάθος
695 897 862 985 άγεσθαι
882 925 941 986 pro
961 903 1009 978 εἰς
1026 925 1057 966 π.
1076 898 1308 986 ἐσάγεσθαι,

157 1007 245 1094 quod
273 1007 307 1072 in
329 1007 364 1072 M
392 1011 454 1090 est,
483 1008 686 1074 scriberetur.
731 1010 766 1074 P.
790 1011 854 1076 633
882 1013 958 1093 post
985 1010 1067 1074 med.
1095 1009 1217 1073 editum
1245 1013 1335 1074 est:·

158 1120 193 1179 εἰ
212 1137 249 1197 γε
273 1109 421 1178 δυνατὸν
443 1103 486 1198 ἦν
508 1125 578 1191 τοῖς
601 1116 700 1192 ἰδίοις
721 1113 919 1201 παθήμασιν
940 1109 1043 1199 αὐτῆς
1065 1114 1151 1200 (lege
1169 1116 1228 1198 τῆς
1250 1110 1308 1180 αὐ·

158 1218 234 1304 γῆς)
258 1215 351 1286 ἄλλοι
374 1245 406 1286 τι
429 1223 722 1306 συναλίοιωθῆναι
742 1219 830 1306 παρὰ
853 1219 890 1287 τὸ
915 1217 1094 1305 φωτοειδὲς
1117 1217 1264 1304 ὄργανον
1287 1216 1307 1307 ἢ
1417 1218 1425 1234 .

157 1339 231 1404 τοῖς
253 1327 319 1391 τῶν
342 1320 456 1412 ἀτμῶν
478 1325 592 1413 ἕτερόν
619 1353 650 1393 τι
678 1329 738 1394 τοῦ
765 1323 962 1413 άτμοειδοῦς
988 1322 1008 1413 ἢ
1037 1339 1106 1404 τοῖς
1128 1329 1189 1394 τοῦ
1212 1323 1309 1412 ἀέρος

158 1429 242 1498 ἄλλο
266 1458 296 1498 τι
319 1430 408 1516 παρὰ
431 1429 468 1498 τὸ
492 1428 658 1518 άεροειδὲς
681 1428 700 1519 ἢ
723 1447 794 1511 τοῖς
815 1436 883 1501 τῶν
901 1429 1015 1518 ὑγρῶν
1037 1430 1153 1517 ἕτερόν
1170 1458 1201 1500 τι
1219 1430 1309 1516 παρὰ

158 1535 198 1606 τὸ
222 1537 391 1623 γευστόν
412 1565 445 1607 τε
469 1538 524 1606 καί
547 1542 820 1627 πλῆρεςγυμῶν,
849 1535 910 1607 οὐκ
938 1534 980 1606 ἂν
1009 1537 1154 1624 ἐγεγόνει
1177 1536 1217 1604 τά
1241 1541 1308 1605 τόν

158 1648 392 1731 αἰσθητηρίων
423 1643 559 1733 όργανα.
608 1648 683 1715 Νοο
713 1653 800 1714 recte
829 1644 866 1714 τό
897 1650 954 1733 τῆς
985 1644 1129 1731 γεύσεως
1161 1642 1308 1730 ὄργανον

159 1751 206 1838 (p.
229 1753 309 1841 627)
336 1753 455 1820 dieitur
483 1751 638 1838 γευστόν,
667 1755 722 1820 sed
749 1752 939 1838 γευστικόν,
969 1754 1239 1838 quemadmodum
1269 1748 1306 1818 τὸ

159 1860 219 1942 τῆς
241 1854 330 1944 ἁφῆς
352 1883 382 1944 p.
406 1861 470 1926 636
498 1855 637 1926 άπτικόν
665 1865 697 1926 et
724 1857 761 1926 τό
791 1862 849 1945 τῆς
876 1857 983 1938 ὅψεως
1005 1854 1143 1925 όπτικόν
1167 1859 1307 1943 appella-

160 1971 223 2030 tur.
260 1965 374 2050 ltaque
397 1989 470 2032 oum
495 1968 563 2034 eod.
587 1967 621 2032 M
644 1968 877 2033 restituendum
902 1971 952 2032 est
974 1957 1066 2051 Ιπαρὰ
1093 1962 1131 2032 τὸ
1155 1983 1307 2050 γευστι-

159 2069 241 2138 ιιόν.
285 2073 320 2137 P.
345 2073 408 2138 730
436 2079 511 2158 post
539 2074 581 2138 in.
610 2067 670 2138 οὐκ
699 2063 761 2138 οὖν
789 2071 874 2160 (lege
898 2069 1038 2160 οὐκοῦν)
1063 2084 1132 2150 τοῖς
1154 2069 1244 2156 παρὰ
1266 2068 1307 2137 τά

159 2175 243 2246 ὄντα
267 2176 440 2259 δοξάζουσι
463 2179 517 2245 καί
542 2176 812 2265 άπατωμένοις
835 2182 940 2264 δῆλον
962 2175 1007 2258 άς
1024 2176 1061 2246 τὸ
1081 2176 1191 2255 πάθος
1208 2181 1307 2244 τοῦτο

160 2281 207 2352 δι’
233 2281 440 2372 ὁμοιοτήτων
466 2287 570 2354 τινάν
597 2283 759 2372 εἰσερρύη.
804 2287 894 2353 Haeo
922 2287 1069 2352 Platonis
1096 2287 1131 2350 in
1158 2286 1306 2352 Phaedro

160 2391 207 2478 (p.
231 2393 296 2458 262
319 2392 370 2478 Β.)
393 2395 492 2458 verba
515 2398 604 2478 sunt,
633 2417 649 2458 e
676 2395 794 2478 quibus
821 2416 919 2458 unum
943 2392 1154 2458 memorabile
1180 2393 1307 2457 videtur

160 2504 295 2584 propter
318 2500 512 2584 scripturam
536 2501 656 2566 oodicis
679 2500 722 2566 M.
758 2499 791 2565 Is
815 2501 901 2566 enim
920 2523 986 2566 non
1006 2493 1248 2583 άπαιωμένοις,
1271 2503 1309 2563 ut

161 2609 206 2690 A,
229 2607 285 2672 sed
303 2601 554 2692 άπατωμίνοιση
573 2607 682 2691 tradit,
705 2607 725 2672 i.
745 2631 770 2673 e.
789 2601 1042 2691 άπατωμίνοισι.
1080 2605 1230 2671 Servavit
1246 2606 1306 2691 igi·

161 2718 216 2778 tur
232 2713 373 2780 formam
390 2713 503 2779 Dativi
522 2713 617 2797 Plus,
637 2736 701 2798 qua
719 2715 889 2780 Platonem
908 2711 1117 2777 manifestum
1137 2715 1186 2776 eat
1201 2712 1307 2778 'multo

161 2820 291 2904 saepius
314 2843 408 2885 usum
432 2842 515 2904 esse,
538 2843 635 2904 quam
658 2822 783 2887 codices
806 2820 857 2885 vel
881 2819 996 2904 optimi
1015 2815 1201 2904 tradunt⁴¹).
1237 2818 1307 2884 Nos

161 2927 292 3012 quidem
314 2921 558 3011 άπατωμένοισι
583 2928 668 3011 apud
688 2927 845 2992 Galenum
869 2926 1039 2990 restituere
1061 2947 1128 2991 non
1146 2924 1306 2989 dubitavi-

161 3055 244 3098 mus.
280 3033 315 3098 P.
331 3035 393 3098 799
417 3036 492 3098 ante
514 3033 596 3098 med.
615 3034 698 3098 alius
717 3035 807 3100 loeus
826 3034 1013 3098 Platonicus
1033 3029 1085 3116 (de
1103 3052 1169 3113 rep.
1183 3031 1248 3095 436
1263 3029 1307 3116 Ε)

162 3139 316 3204 mendose
343 3140 377 3204 in
406 3139 474 3203 edd.
498 3139 544 3204 sie
572 3139 725 3204 traditur:
758 3136 839 3206 ὅταν
866 3137 903 3208 δὲ
930 3136 992 3223 τὴν
1022 3140 1190 3221 ἰθυωρίαν
1217 3130 1237 3220 ἢ
1261 3139 1308 3215 εἰς

162 3241 255 3324 δεξιὰ
278 3237 298 3330 ἢ
322 3247 369 3322 εἰς
391 3239 546 3331 ἀριστερά
564 3239 584 3330 ἢ
604 3247 652 3323 εἰς
669 3243 705 3312 τὸ
725 3243 875 3332 πρόσθεν
893 3239 913 3331 ἢ
933 3247 980 3323 εἰς
996 3242 1034 3311 τὸ
1050 3241 1191 3316 ὄπισθεν
1206 3250 1308 3316 ἐκκλί-

164 3375 213 3418 νει
237 3347 304 3436 ἅμα
327 3349 592 3438 περιφερόμενον
614 3377 651 3418 τε
675 3347 806 3438 οὐδαμῇ
830 3349 973 3418 ἑστάναι.
1009 3353 1043 3417 Μ
1066 3353 1181 3422 iisdem
1205 3357 1309 3438 vitiis,

161 3459 280 3544 quibus
299 3459 432 3543 Aldina,
455 3461 613 3526 obnoxius
633 3465 760 3526 estune
775 3463 921 3544 except03
939 3483 1006 3526 non
1021 3461 1106 3526 enim
1121 3459 1308 3548 φερόμενόν

162 3589 216 3646 τε,
240 3567 296 3630 sed
315 3563 502 3650 φερόμενον
524 3563 610 3632 τότε
633 3568 775 3651 praebet.
809 3566 878 3633 Neo
901 3568 1034 3632 dubium
1058 3572 1120 3652 est,
1142 3570 1221 3653 quin
1245 3569 1306 3634 Ga-

161 3673 254 3736 lenus
278 3671 325 3737 sie
348 3673 478 3758 legerit:
507 3669 589 3739 όταν
612 3669 649 3738 δὲ
671 3669 733 3756 τὴν
756 3667 950 3756 εὐθυωρίαν
972 3667 992 3757 ἢ
1017 3675 1063 3750 εἰς
1085 3669 1240 3760 ἀριστερά
1264 3712 1306 3724 -

163 3777 297 3864 ἐγκλίνῃ
321 3773 388 3865 ἅμα
411 3777 690 3866 περιφερόμενον,
713 3776 786 3844 τότε
810 3773 941 3866 οὐδαμῇ
965 3782 1056 3846 ἔστιν
1079 3778 1223 3848 ἑστάναι.

251 3887 363 3952 Etiam
389 3889 425 3952 in
451 3887 513 3952 hoo
543 3889 732 3953 mendorum
762 3907 879 3971 genere
908 3887 1119 3972 interpolatio
1149 3890 1307 3974 quaedam

235 4081 268 4150 ⁸¹)
288 4081 392 4138 Nostro
410 4081 473 4137 loeo
490 4084 520 4137 et
538 4080 717 4136 Clarkianum
737 4083 766 4136 et
781 4080 849 4137 Van.
865 4083 895 4136 Π
910 4075 1120 4152 άπατωμένοις,
1140 4084 1237 4137 contra
1254 4081 1307 4136 Po-

162 4169 231 4225 litie.
251 4189 278 4240 p.
293 4175 344 4224 261
359 4171 382 4224 E
400 4170 481 4224 illum
500 4165 531 4225 τὸ
551 4165 721 4240 ζητούμενον
742 4164 773 4224 ἐν
791 4165 957 4232 διπλάσιος
976 4163 1043 4239 ded
1061 4170 1115 4224 νῦν
1133 4170 1150 4223 i.
1166 4187 1189 4224 e.
1210 4171 1308 4222 διπλα-

163 4261 247 4313 σίοιω
265 4259 399 4329 praebere
419 4257 568 4314 Sohanaius
583 4261 708 4314 testatur.
732 4259 773 4314 De
788 4259 895 4314 Dativis
909 4258 984 4328 apud
998 4259 1144 4314 Plutonem
1163 4257 1192 4311 in
1210 4259 1265 4311 οισι
1280 4261 1309 4312 et

163 4365 221 4400 αισι
241 4346 406 4427 exeuntibus
424 4348 458 4404 cs.
478 4347 606 4404 Schneid.
626 4349 661 4404 sd
679 4348 751 4405 Plet.
770 4347 804 4403 de
823 4367 880 4418 rep.
900 4367 925 4417 p.
941 4352 993 4402 389
1012 4347 1047 4415 Β,
1067 4347 1173 4402 Kuebn.
1195 4345 1242 4402 Gr.
1261 4346 1308 4403 Gr.

165 4434 201 4504 1²,
221 4439 283 4492 ιοο.
301 4441 362 4492 301.
