3246 5148
643 367 884 452 ..3-'

167 543 315 610 Actuarii
338 547 487 627 tempora
505 546 692 610 immanitas
711 547 883 612 barbariae
897 547 1073 612 Turcarum
1088 569 1161 611 curn
1180 569 1315 633 regnum

167 651 425 735 Byz'antinorum
440 656 640 736 occupasset,
655 652 833 717 concidisse
849 675 921 718 cum
935 675 1036 738 regno
1049 655 1172 719 cultum
1187 677 1315 720 omnem

167 759 351 823 litterarum
381 763 519 823 constat.
570 757 693 834 Quodsi
722 759 807 843 apud
836 759 1037 843 Byzantinos
1070 761 1146 844 quid
1177 762 1316 826 valuerit

168 863 325 947 Galenus,
348 865 408 928 sub
432 887 494 929 uno
519 865 612 948 quasi
635 865 789 948 adspectu
808 887 924 950 ponas,
947 887 1100 952 regnasse
1124 867 1253 952 quidem
1277 868 1315 932 il-

168 971 235 1036 lum
259 971 361 1054 dicas,
385 970 441 1034 sed
458 975 607 1035 nontam
626 971 748 1054 ipsum,
771 994 868 1055 quam
889 994 947 1055 per
965 973 1121 1037 satellites
1142 995 1315 1058 eorumque

168 1078 336 1142 ministros
363 1077 414 1140 vel
439 1075 579 1143 Graecos
606 1079 657 1142 vel
681 1077 819 1162 Arabes3
847 1100 957 1142 verum
986 1083 1096 1144 tamen
1124 1080 1192 1144 cius
1217 1102 1316 1164 opera

168 1185 195 1246 si
220 1183 326 1248 minus
350 1183 494 1247 studiose
517 1183 679 1269 legerunt,
703 1187 737 1248 at
759 1185 794 1249 in
816 1185 920 1249 multa
942 1185 1187 1251 transcribendo
1212 1208 1315 1250 exeru-

168 1289 273 1372 plaria
296 1309 415 1374 magna
434 1293 584 1374 exparte
608 1289 649 1353 ab
668 1290 801 1354 interitu
821 1291 1078 1374 vindicaverunt,
1102 1313 1182 1374 quae
1202 1315 1222 1356 a
1235 1295 1315 1356 tcm-

168 1395 302 1478 poribus
323 1394 498 1461 Andronici
523 1401 555 1460 et
569 1395 716 1460 Actuarii
740 1395 780 1461 ad
800 1397 1009 1462 occidentalis
1028 1397 1180 1480 Europae
1203 1403 1315 1483 gentes

166 1504 353 1566 transvecta
375 1501 518 1567 medicos
542 1505 575 1565 et
597 1500 784 1586 philologos
808 1503 848 1568 ad
871 1525 991 1568 novum
1018 1505 1085 1568 veri
1110 1503 1226 1568 Galeni
1250 1508 1315 1568 stu·

166 1608 255 1672 dium
292 1609 584 1674 inflammaverunt.
631 1606 681 1670 Ibi
719 1607 804 1671 euim
843 1607 983 1673 Galenus
1021 1614 1215 1694 regnaverat
1249 1633 1315 1676 non

166 1735 298 1798 graeco,
322 1715 378 1779 sed
401 1714 504 1778 latino
527 1713 642 1778 habitu
666 1717 762 1796 atque
786 1735 823 1779 co
847 1715 989 1799 quidem,
1017 1721 1054 1782 ut
1076 1738 1152 1782 cera
1176 1717 1244 1781 eius
1267 1716 1314 1780 fa-

167 1821 232 1884 cies
264 1820 389 1904 adspici
419 1843 486 1885 nou
518 1823 643 1904 posset,
675 1821 867 1903 pracsertim
898 1822 939 1886 ab
970 1822 1028 1886 illo
1058 1825 1219 1906 ternpore,
1251 1844 1314 1907 quc

168 1926 293 1990 Arabes
316 1927 351 1991 in
368 1926 579 2010 philosophia
603 1930 636 2020 et
653 1924 814 1992 medicina
836 1927 1057 2012 principatum
1075 1928 1235 2012 quendam
1259 1929 1314 1992 ob·

166 2033 268 2096 tinere
292 2037 476 2117 coeperant.
533 2091 535 2096 .

254 2137 402 2223 Namque
427 2161 446 2202 a
470 2139 597 2204 sacerdo
619 2163 649 2224 p.
669 2138 726 2205 Ch.
745 2163 775 2204 n.
799 2143 891 2205 sexto
915 2141 950 2204 in
969 2140 1102 2224 Europa
1122 2140 1314 2205 occidentali

167 2267 270 2328 pauca
297 2249 425 2309 tantum
455 2266 554 2328 opera
583 2244 698 2310 Galeni
728 2269 801 2310 cum
829 2247 922 2310 libris
952 2247 1063 2329 paucis
1092 2246 1314 2330 Hippocratis,

165 2349 382 2432 Dioscoridisr,
406 2349 521 2414 Sorani
545 2351 747 2436 aliorumque
770 2352 804 2414 in
827 2374 887 2415 usu
909 2352 1041 2415 fuerunt
1063 2351 1163 2416 latine
1187 2352 1313 2416 reddita

166 2461 296 2521 auctore
316 2455 524 2540 Cassiodoro,
548 2458 602 2540 qui
621 2479 695 2521 curn
714 2457 779 2520 alia
797 2457 1002 2540 antiquitatis
1021 2463 1230 2522 monumenta
1244 2462 1313 2521 tum

167 2563 307 2628 Graecos
334 2563 476 2627 medicos
504 2564 538 2627 in
566 2563 703 2628 latinum
732 2563 907 2627 translatos
936 2563 1105 2628 monachis
1135 2562 1256 2627 ordinis
1288 2585 1312 2626 s.

166 2667 335 2736 benedicti
358 2673 506 2733 suaserat
528 2673 566 2733 ut
588 2666 777 2754 legerentl),
805 2668 860 2752 qui
889 2668 1018 2752 quidem
1045 2669 1122 2733 libri
1145 2669 1180 2733 in
1202 2691 1313 2733 mona·

166 2775 274 2840 storiis
304 2774 446 2839 eiusdem
474 2775 597 2838 ordinis
625 2797 683 2858 per
705 2773 848 2858 Italiam,
875 2774 1095 2858 Britanniam,
1116 2775 1313 2859 Franccgal·

166 2883 258 2964 liam,
282 2881 489 2946 Germaniam
507 2881 668 2965 divulgati
687 2883 808 2944 suntet
822 2878 961 2944 adhibiti
982 2881 1022 2944 ad
1036 2884 1140 2944 artem
1154 2879 1312 2944 medicam

166 2991 199 3052 et
220 2987 405 3052 discendam
424 2991 457 3050 et
475 2986 693 3052 exercendam.
729 2985 774 3049 Et
792 2989 964 3069 postquam
980 2985 1092 3051 schola
1107 2985 1312 3050 Salernitana

166 3093 280 3157 florere
305 3093 426 3176 coepit,
450 3093 639 3176 neutiquam
662 3092 708 3156 ibi
731 3113 816 3156 nova
839 3089 987 3155 medendi
1011 3093 1096 3157 ratio
1120 3093 1313 3177 excogitata,

166 3199 222 3262 sed
250 3199 329 3264 solis
357 3198 491 3263 medicis
519 3198 697 3280 veteribus,
724 3197 873 3280 inprimis
896 3197 1091 3281 Hippocrati
1120 3202 1153 3262 et
1181 3197 1312 3280 Galen⁰‚

167 3329 293 3370 seminia
315 3305 440 3370 tributa
463 3303 640 3369 auctoritas
664 3307 726 3385 est,
749 3301 954 3387 quodetiam
978 3307 1093 3386 postea
1115 3303 1186 3388 lege
1210 3303 1311 3385 impc-

171 3483 383 3490 ——.-.-—

251 3587 443 3658 acesiodor.
463 3586 496 3641 de
516 3583 580 3640 inst.
599 3584 653 3640 div.
673 3585 727 3639 litt.
747 3589 794 3638 31:
824 3581 940 3648 ‘Quodsi
962 3582 1041 3637 vobis
1060 3599 1115 3636 non
1132 3581 1217 3638 luerit
1234 3599 1312 3654 grac·

166 3693 260 3731 carum
278 3675 436 3732 litterarum
449 3677 517 3729 uota
530 3673 674 3740 facundia,
691 3671 819 3742 inprimis
831 3669 941 3726 habetis
954 3670 1119 3725 Herbarium
1133 3671 1311 3740 Dioscorida,

166 3766 213 3834 qni
226 3765 329 3820 herbas
340 3781 471 3834 agrorum
488 3795 517 3802 -
529 3757 667 3832 depinxit3
686 3761 832 3830 posthaec
846 3759 933 3830 legite
947 3757 1145 3828 Hippocratem
1159 3762 1243 3829 atque
1258 3759 1312 3814 Ga-

167 3851 259 3906 lennm
281 3852 372 3907 latina
394 3851 492 3921 lingua
514 3867 671 3918 couversos,
694 3849 712 3905 i.
736 3867 759 3905 c.
783 3847 987 3917 'therapeutica
1012 3845 1112 3902 (taleni
1133 3847 1170 3902 ad
1191 3847 1312 3917 philoso-

166 3940 252 4010 phum
277 3939 450 3996 Glauconem
474 3939 614 3994 destinata
639 3943 668 3993 et
691 3953 860 4005 anonymum
887 3935 1039 4005 quendam,
1066 3935 1115 4005 qui
1141 3953 1174 3990 ex
1198 3936 1313 3990 diversis

166 4028 326 4084 auctoribus
344 4028 479 4098 probatur
501 4043 561 4082 csse
581 4027 722 4081 collectus.
757 4017 864 4078 Deinde
883 4023 989 4078 Aurelii
1009 4023 1096 4079 Caelii
1119 4024 1153 4078 de
1174 4021 1313 4077 medicina

106 4143 110 4150 ·
166 4121 195 4172 et
212 4117 390 4188 Hippocratis
408 4117 443 4172 de
461 4115 555 4170 herbis
573 4118 602 4169 et
620 4113 692 4169 ouria
710 4112 790 4182 (cibis
808 4129 842 4166 ex
860 4112 968 4167 emend.
983 4112 1016 4168 V.
1032 4112 1115 4180 Rosa)
1134 4112 1312 4179 diversosque

167 4207 235 4262 alios
256 4207 292 4262 dc
310 4205 442 4260 medendi
464 4207 523 4259 arte
543 4202 721 4273 compositos,
745 4218 813 4271 quos
836 4200 915 4256 vobis
938 4201 968 4255 in
986 4199 1181 4269 bybliothecae
1202 4200 1312 4252 nostrae

167 4295 270 4350 ciuibus
288 4293 447 4349 reconditos
466 4323 498 4332 -
517 4290 673 4360 dereliqui.’
704 4288 745 4346 cf.
760 4288 927 4344 Gcschichte
940 4289 991 4342 der
1003 4287 1159 4342 rdmischen
1172 4286 1313 4344 Literatnr

168 4400 220 4438 ron
239 4381 347 4438 Teuffel
365 4387 396 4447 ξς
414 4387 480 4448 lae,
501 4387 528 4446 13
547 4385 609 4447 457,
628 4384 679 4433 489
699 4378 753 4447 (ed.
772 4379 845 4446 sco).

1060 4481 1097 4535 1*
