3212 5146
561 477 600 486 —-
649 441 802 506 603-

39 627 40 632 *
98 589 167 664 οὖν
192 593 375 682 ὑπολαβεῖν
398 597 435 664 ἐν
462 593 550 688 αὐτῷ
579 595 641 682 μὲν
662 601 707 688 τῷ
735 597 861 684 σώματι
890 602 951 668 τοῦ
978 597 1163 684 ἐγκεφάλου
1189 597 1252 685 τὴν

100 701 218 791 ψυχὴν
246 709 364 790 οίκείν,
392 701 462 790 ἥτις
489 701 567 770 ποτὲ
590 697 634 768 ἀν
661 693 682 790 ἦ
709 703 791 771 κατὰ
819 701 881 791 τὴν
905 701 1036 774 οὐσίαν·
1066 703 1158 772 οὔπω
1187 703 1251 792 γὰρ

38 845 39 848 “
98 811 179 896 περὶ
208 809 330 878 τούτου
360 810 474 888 σκέυις
503 807 583 896 ἥκει·
612 807 649 876 τὸ
678 813 810 896 πρῶτον
838 809 875 877 δὲ
903 807 1005 897 αὐτῆς
1031 808 1178 898 ὄργανον
1206 820 1252 891 είς

99 943 136 983 τε
172 915 232 996 τάς
263 915 437 1004 αἰσθήσεις
468 911 598 995 ἁπάσας
628 918 689 982 τοῦ
722 915 807 1006 {uico
828 917 882 984 καλ
916 917 1049 1004 προσέτι
1081 915 1140 996 τὰς
1170 913 1249 984 καθ’

38 1061 39 1068 1
100 1021 216 1110 ὁρμὴν
247 1023 394 1112 κινήσεις
424 1026 523 1090 τοῦτο
556 1019 640 1091 εέναι
669 1021 706 1090 τὸ
739 1026 884 1109 πνεῦμα,
917 1021 969 1090 ded
1003 1023 1057 1090 καὶ
1090 1025 1278 1108 κενωθε’ν,ο

37 1201 38 1204 ς
101 1127 200 1216 ἀχρις
227 1125 270 1196 ἀν
297 1121 399 1208 αὖθις
427 1127 616 1217 ἀθροισθῇ,
648 1125 710 1216 τὴν
738 1127 799 1214 μὲν
831 1127 917 1216 ζωὴν
944 1125 1006 1197 οὐκ
1033 1127 1252 1218 ἀφαιρεῖσθαι

101 1233 141 1302 τὸ
169 1239 265 1327 ζῷον,
288 1233 496 1322 ἀναίσθητον
520 1233 556 1302 δέ
579 1235 633 1302 καλ
657 1231 816 1322 ἀκίνητον
834 1235 1039 1322 ἐργάζεσθαι.
1075 1243 1180 1306 καίτοι
1205 1263 1253 1322 γε,

103 1351 198 1430 είπερ
221 1333 264 1429 ἦν
287 1339 368 1410 αὐτὸ
395 1339 412 1428 ἡ
441 1345 499 1428 τῆς
524 1345 629 1428 ψυχῆς
651 1337 766 1425 οὐσία,
794 1345 1070 1430 συνδιεφθείρετο
1097 1339 1140 1412 ἀν
1163 1341 1251 1435 αὐτῷ

36 1497 37 1514 ι
103 1449 297 1538 πονουμένῳ
320 1453 517 1536 παραχρῆμα
540 1448 577 1516 τὸ
603 1451 695 1538 ζῷον.
732 1445 873 1534 εὔλογον
897 1440 960 1516 οὖν
983 1453 1168 1534 γεννᾶσθαι
1191 1449 1253 1536 μὲν

36 1607 38 1616 ,
103 1555 198 1622 τουτλ
227 1552 264 1622 τὸ
292 1559 421 1642 πνεῦμα
449 1553 531 1622 κατὰ
565 1552 624 1633 τὰς
650 1560 777 1633 κοιλίας
807 1557 868 1621 τοῦ
895 1553 1080 1640 ἐγκεφάλου
1108 1557 1162 1623 καλ
1196 1555 1252 1624 διὰ
1270 1579 1292 1616 ¹⁰

36 1739 37 1746 η
105 1663 207 1728 τοῦτο
236 1661 338 1730 ἐκεῖσε
365 1665 521 1730 τελευτᾶν
547 1657 714 1748 ἀρτηριῶν
741 1685 775 1728 τε
802 1661 856 1727 καλ
885 1664 1019 1746 φλεβῶν
1047 1658 1108 1729 οὐκ
1135 1658 1252 1748 ὀλίγον

105 1771 252 1854 πλῆθος,
286 1769 318 1848 ἐξ
350 1761 392 1836 οὗ
417 1767 457 1836 τὰ
485 1767 674 1852 καλούμενα
707 1767 883 1856 χολριοειθῆ
911 1767 1077 1854 πλέγματα
1105 1769 1253 1853 γέγονεν,
1263 1787 1317 1842 ουτ

35 1935 37 1940 ,
106 1872 256 1961 ὄργανον
279 1875 327 1958 δέ,
350 1871 395 1954 ὡς
418 1880 515 1962 ἔφην,
538 1871 624 1943 εέναι
647 1871 684 1940 τὸ
708 1876 842 1960 πρῶτον
865 1871 946 1942 αὐτὸ
970 1876 1028 1960 τῆς
1051 1877 1164 1961 ψυχῆς.
1206 1879 1252 1940 ἐτι

107 1979 144 2047 θλ
166 1975 209 2047 ἀν
227 1984 355 2067 μᾶλλον
375 1983 522 2060 ἐλπίσαις
536 1987 690 2067 γίνεσθαι
710 1979 747 2048 τὸ
762 1985 892 2068 πνεῦμα
911 1984 1010 2050 τοῦτο
1029 1985 1097 2048 τῶν
1110 1977 1254 2066 ἀγγείων

107 2083 346 2154 ἀναπνεόντων
369 2083 449 2156 αὐτὸ
470 2087 523 2153 καλ
547 2085 688 2173 μάλιστα
707 2089 774 2154 τῶν
792 2083 960 2174 ἀρτηριῶν
983 2091 1030 2166 είς
1047 2086 1106 2166 τὰς
1127 2093 1254 2166 κοιλίας
1269 2111 1293 2152 ιε

108 2195 170 2260 τοῦ
188 2191 384 2278 ἐγκεφάλου,
407 2189 444 2258 τὸ
464 2191 666 2272 θικτυοειθές
685 2191 769 2260 todo
787 2195 914 2280 πλέγμα
933 2191 1113 2281 γινόμενον
1133 2195 1254 2262 ἐκτῶν

109 2301 299 2386 ἐρχομένων
321 2303 368 2378 είς
390 2296 452 2386 τὴν
474 2299 624 2385 κεφαλὴν
646 2295 830 2387 ἀρτηριῶν,
853 2296 935 2366 ὅταν
958 2303 1090 2386 πρῶτον
1112 2297 1254 2388 ὑπερβᾶ-

146 2491 221 2551 tdr’
242 2489 257 2551 ὃ
277 2495 307 2550 Ρ.
328 2525 360 2536 -
387 2487 582 2562 ’ίάναίθητον
601 2494 629 2548 Ρ.
652 2525 682 2534 -
709 2487 821 2560 9καρά
841 2493 933 2563 χρῆμα
951 2493 982 2549 P.
1008 2525 1039 2534 —
1067 2501 1098 2548 12
1123 2495 1253 2562 γοροεισῆ

33 2579 34 2588 ’
110 2567 188 2622 codd.
209 2567 271 2622 edd.
291 2565 431 2636 ηοριοεισῆ
451 2581 509 2620 nos.
535 2595 566 2605 -
593 2559 853 2634 reportantem
872 2565 1005 2622 omissum
1025 2560 1156 2620 ἐνταῦθα
1175 2565 1253 2621 vide·

33 2649 34 2652 ’
110 2643 164 2693 tur.
185 2669 216 2678 —-
239 2644 271 2693 16
290 2633 446 2700 descendis
464 2635 501 2692 Μ.
522 2667 553 2675 -

113 2839 185 2923 ipso
209 2835 337 2922 quidem
360 2833 484 2932 cerebri
508 2855 642 2919 corpore
667 2835 811 2900 animum
834 2835 998 2920 habiture,
1024 2837 1254 2921 qualiscunque

113 2943 295 3010 substantia
318 2941 387 3007 eius
412 2945 461 3004 cst
484 2939 640 3027 (nondum
664 2941 750 3006 enim
777 2941 838 3007 hac
862 2941 900 3006 de
928 2964 962 3006 re
990 2941 1255 3028 consideramus),

112 3052 251 3138 primum
272 3053 380 3115 autem
404 3049 474 3114 eius
497 3049 748 3114 instrumentum
773 3047 813 3113 sd
837 3071 948 3114 sensns
968 3071 1079 3114 omnes
1104 3049 1254 3114 animalis

113 3160 245 3224 etitem
270 3157 310 3222 sd
334 3159 441 3222 motus
470 3155 670 3221 voluntarios
701 3155 785 3220 hunc
815 3179 884 3220 esse
912 3156 1064 3240 spiritum
1093 3160 1189 3240 atque
1213 3155 1254 3222 ob

113 3289 182 3332 cum
206 3287 337 3330 causam
362 3262 575 3344 exinanitum,
598 3262 674 3328 dnm
698 3279 808 3329 rursus
833 3263 1019 3348 colligatur,
1041 3262 1111 3326 rita
1134 3261 1254 3327 ammai

112 3395 173 3436 non
198 3371 340 3456 privare,
365 3369 420 3434 sed
444 3389 574 3434 sensum
598 3373 630 3432 et
654 3371 779 3434 motum
803 3369 832 3432 ei
861 3367 993 3454 eripere.
1040 3369 1085 3432 At
1112 3367 1139 3432 si
1170 3373 1256 3432 esset

114 3477 210 3542 animi
243 3475 442 3556 substantia,
478 3473 574 3538 simul
608 3479 704 3560 atque
737 3475 807 3559 ipse
841 3475 1065 3556 evacuaretur,
1101 3473 1255 3539 continuo

115 3583 232 3648 animal
257 3601 383 3666 quoque
407 3580 564 3644 interiret.
609 3577 870 3646 Consentaneum
898 3581 1074 3668 igiturest
1104 3581 1255 3665 spiritum

114 3690 195 3754 hunc
220 3689 253 3751 in
276 3685 398 3751 cerebri
424 3685 611 3750 ventriculis
635 3685 712 3752 oriri
737 3691 833 3772 etque
857 3687 976 3753 idcirco
1001 3709 1039 3750 eo
1063 3687 1149 3752 coire
1173 3691 1255 3752 arte-

115 3795 232 3860 riarum
247 3798 281 3856 et
298 3813 452 3856 venarum
467 3812 531 3856 non
546 3813 681 3876 parvam
695 3793 945 3876 multitudinem,
963 3793 1047 3858 unde
1062 3793 1256 3878 complexio·

114 3925 167 3968 nes
186 3901 272 3983 illae,
294 3921 375 3985 quse
395 3898 577 3964 chorioides
596 3898 810 3984 appellantur,
834 3900 1003 3984 exsistunt,
1027 3903 1123 3984 atquc
1147 3901 1255 3984 ipsum

115 4031 179 4072 esse
207 4007 348 4091 primum
377 4005 492 4088 animi,
520 4009 557 4068 ut
584 4003 665 4088 diri,
693 4005 953 4072 instrumentum.
998 4005 1106 4091 Magi·
1129 4027 1255 4090 qnoque

115 4112 279 4179 adducaris
311 4115 349 4176 ut
380 4111 466 4177 hunc
505 4111 655 4195 spiritum
689 4111 736 4174 ibi
770 4113 918 4198 generari
951 4113 1063 4178 credas
1096 4111 1184 4176 vasis
1217 4134 1255 4176 ao

115 4219 282 4305 praecipue
311 4217 440 4284 arteriis
464 4239 536 4282 eum
560 4217 594 4282 in
624 4217 748 4283 cerebri
777 4217 974 4283 ventriculos
1005 4217 1255 4304 exspirantibus,

115 4328 140 4390 ei
159 4325 363 4391 reticulcrem
382 4327 569 4390 contextum
588 4323 856 4388 animadverteris
875 4345 913 4387 ex
932 4323 983 4406 iis,
1002 4345 1084 4410 quae
1104 4323 1138 4388 in
1158 4327 1255 4408 caput

116 4430 295 4514 escendunt,
319 4429 447 4496 arteriis
466 4429 590 4514 confici,
613 4451 687 4496 cum
709 4431 850 4514 primum
874 4429 1050 4496 calonnam
1074 4433 1252 4516 transgres-
