<?xml version="1.0" encoding="UTF-8"?>
<!DOCTYPE html PUBLIC "-//W3C//DTD XHTML 1.0 Transitional//EN"
    "http://www.w3.org/TR/xhtml1/DTD/xhtml1-transitional.dtd">
<html xmlns="http://www.w3.org/1999/xhtml" xml:lang="en" lang="en">
 <head>
  <title>
</title>
<meta http-equiv="Content-Type" content="text/html;charset=utf-8" />
  <meta name='ocr-system' content='tesseract 3.04.00' />
  <meta name='ocr-capabilities' content='ocr_page ocr_carea ocr_par ocr_line ocrx_word'/>
</head>
<body>
  <div class='ocr_page' id='page_1' title='image "./claudiigalenide02mlgoog/claudiigalenide02mlgoog_0046.png"; bbox 0 0 3246 5148; ppageno 0'>
   <div class='ocr_carea' id='block_1_1' title="bbox 621 435 842 500">
    <p class='ocr_par' dir='ltr' id='par_1_1' title="bbox 621 435 842 500">
     <span class='ocr_line' id='line_1_1' title="bbox 621 435 842 500; baseline 0.009 -20"><span class='ocrx_word' id='word_1_1' title='bbox 621 435 842 500; x_wconf 72' lang='grc'>,29-</span> 
     </span>
    </p>
   </div>
   <div class='ocr_carea' id='block_1_2' title="bbox 156 592 1316 4512">
    <p class='ocr_par' dir='ltr' id='par_1_2' title="bbox 156 592 1316 4512">
     <span class='ocr_line' id='line_1_2' title="bbox 156 592 1307 680; baseline -0.001 -22"><span class='ocrx_word' id='word_1_2' title='bbox 156 599 209 660; x_wconf 80' lang='lat' dir='ltr'>est</span> <span class='ocrx_word' id='word_1_3' title='bbox 231 615 384 680; x_wconf 82' lang='lat' dir='ltr'>perversa</span> <span class='ocrx_word' id='word_1_4' title='bbox 406 594 580 659; x_wconf 81' lang='lat' dir='ltr'>verborum</span> <span class='ocrx_word' id='word_1_5' title='bbox 603 598 660 658; x_wconf 90' lang='lat' dir='ltr'>aut</span> <span class='ocrx_word' id='word_1_6' title='bbox 678 595 923 660; x_wconf 73' lang='lat' dir='ltr'>continuatione</span> <span class='ocrx_word' id='word_1_7' title='bbox 947 597 1005 658; x_wconf 89' lang='lat' dir='ltr'>aut</span> <span class='ocrx_word' id='word_1_8' title='bbox 1023 593 1236 679; x_wconf 77' lang='lat' dir='ltr'>separatione.</span> <span class='ocrx_word' id='word_1_9' title='bbox 1268 592 1307 657; x_wconf 89' lang='lat' dir='ltr'>ln</span> 
     </span>
     <span class='ocr_line' id='line_1_3' title="bbox 158 700 1307 787; baseline -0.002 -21"><span class='ocrx_word' id='word_1_10' title='bbox 158 703 281 766; x_wconf 80' lang='lat' dir='ltr'>Aldina</span> <span class='ocrx_word' id='word_1_11' title='bbox 303 700 433 786; x_wconf 87' lang='lat' dir='ltr'>quidem</span> <span class='ocrx_word' id='word_1_12' title='bbox 457 701 694 787; x_wconf 80' lang='lat' dir='ltr'>quinquaginta</span> <span class='ocrx_word' id='word_1_13' title='bbox 716 701 783 765; x_wconf 89' lang='lat' dir='ltr'>fere</span> <span class='ocrx_word' id='word_1_14' title='bbox 807 701 903 765; x_wconf 92' lang='lat' dir='ltr'>huius</span> <span class='ocrx_word' id='word_1_15' title='bbox 929 700 1002 765; x_wconf 89' lang='lat' dir='ltr'>vitii</span> <span class='ocrx_word' id='word_1_16' title='bbox 1026 701 1175 785; x_wconf 85' lang='lat' dir='ltr'>exempla</span> <span class='ocrx_word' id='word_1_17' title='bbox 1197 701 1307 786; x_wconf 87' lang='lat' dir='ltr'>depre-</span> 
     </span>
     <span class='ocr_line' id='line_1_4' title="bbox 156 806 1308 894; baseline 0.001 -23"><span class='ocrx_word' id='word_1_18' title='bbox 156 808 357 891; x_wconf 85' lang='lat' dir='ltr'>henduntur,</span> <span class='ocrx_word' id='word_1_19' title='bbox 380 830 517 894; x_wconf 91' lang='lat' dir='ltr'>quorum</span> <span class='ocrx_word' id='word_1_20' title='bbox 540 807 678 894; x_wconf 84' lang='lat' dir='ltr'>triginta</span> <span class='ocrx_word' id='word_1_21' title='bbox 700 807 767 872; x_wconf 79' lang='lat' dir='ltr'>fere</span> <span class='ocrx_word' id='word_1_22' title='bbox 787 809 817 872; x_wconf 88' lang='lat' dir='ltr'>ei</span> <span class='ocrx_word' id='word_1_23' title='bbox 840 829 913 872; x_wconf 87' lang='lat' dir='ltr'>oum</span> <span class='ocrx_word' id='word_1_24' title='bbox 937 807 1046 872; x_wconf 86' lang='lat' dir='ltr'>oodice</span> <span class='ocrx_word' id='word_1_25' title='bbox 1064 806 1099 872; x_wconf 90' lang='lat' dir='ltr'>M</span> <span class='ocrx_word' id='word_1_26' title='bbox 1123 809 1308 873; x_wconf 87' lang='lat' dir='ltr'>eommunia</span> 
     </span>
     <span class='ocr_line' id='line_1_5' title="bbox 158 913 1308 999; baseline -0.002 -19"><span class='ocrx_word' id='word_1_27' title='bbox 158 919 249 998; x_wconf 84' lang='lat' dir='ltr'>sunt,</span> <span class='ocrx_word' id='word_1_28' title='bbox 268 917 375 980; x_wconf 83' lang='lat' dir='ltr'>cetera</span> <span class='ocrx_word' id='word_1_29' title='bbox 393 916 535 999; x_wconf 88' lang='lat' dir='ltr'>propria.</span> <span class='ocrx_word' id='word_1_30' title='bbox 568 915 613 980; x_wconf 82' lang='lat' dir='ltr'>Et</span> <span class='ocrx_word' id='word_1_31' title='bbox 629 914 785 999; x_wconf 88' lang='lat' dir='ltr'>quoniam</span> <span class='ocrx_word' id='word_1_32' title='bbox 803 914 838 978; x_wconf 90' lang='lat' dir='ltr'>in</span> <span class='ocrx_word' id='word_1_33' title='bbox 855 914 918 979; x_wconf 91' lang='lat' dir='ltr'>hao</span> <span class='ocrx_word' id='word_1_34' title='bbox 932 913 1163 999; x_wconf 80' lang='lat' dir='ltr'>disputationis</span> <span class='ocrx_word' id='word_1_35' title='bbox 1176 919 1308 980; x_wconf 90' lang='lat' dir='ltr'>nostrae</span> 
     </span>
     <span class='ocr_line' id='line_1_6' title="bbox 158 1019 1308 1107; baseline 0.001 -23"><span class='ocrx_word' id='word_1_36' title='bbox 158 1023 253 1105; x_wconf 82' lang='lat' dir='ltr'>parte</span> <span class='ocrx_word' id='word_1_37' title='bbox 276 1020 315 1084; x_wconf 92' lang='lat' dir='ltr'>de</span> <span class='ocrx_word' id='word_1_38' title='bbox 339 1019 379 1084; x_wconf 91' lang='lat' dir='ltr'>iis</span> <span class='ocrx_word' id='word_1_39' title='bbox 402 1020 611 1104; x_wconf 88' lang='lat' dir='ltr'>potissimum</span> <span class='ocrx_word' id='word_1_40' title='bbox 635 1021 725 1085; x_wconf 87' lang='lat' dir='ltr'>vitiis</span> <span class='ocrx_word' id='word_1_41' title='bbox 750 1020 871 1105; x_wconf 82' lang='lat' dir='ltr'>agitur,</span> <span class='ocrx_word' id='word_1_42' title='bbox 894 1041 1031 1104; x_wconf 89' lang='lat' dir='ltr'>quorum</span> <span class='ocrx_word' id='word_1_43' title='bbox 1054 1021 1089 1086; x_wconf 88' lang='lat' dir='ltr'>M</span> <span class='ocrx_word' id='word_1_44' title='bbox 1113 1043 1226 1107; x_wconf 83' lang='lat' dir='ltr'>expers</span> <span class='ocrx_word' id='word_1_45' title='bbox 1250 1025 1308 1105; x_wconf 87' lang='lat' dir='ltr'>est,</span> 
     </span>
     <span class='ocr_line' id='line_1_7' title="bbox 158 1125 1308 1213; baseline 0.002 -23"><span class='ocrx_word' id='word_1_46' title='bbox 158 1128 260 1192; x_wconf 87' lang='lat' dir='ltr'>etiam</span> <span class='ocrx_word' id='word_1_47' title='bbox 283 1127 346 1192; x_wconf 89' lang='lat' dir='ltr'>hoo</span> <span class='ocrx_word' id='word_1_48' title='bbox 373 1125 446 1192; x_wconf 86' lang='lat' dir='ltr'>loeo</span> <span class='ocrx_word' id='word_1_49' title='bbox 474 1126 522 1190; x_wconf 90' lang='lat' dir='ltr'>sio</span> <span class='ocrx_word' id='word_1_50' title='bbox 544 1125 728 1192; x_wconf 81' lang='lat' dir='ltr'>laciendum</span> <span class='ocrx_word' id='word_1_51' title='bbox 757 1149 826 1191; x_wconf 90' lang='lat' dir='ltr'>esse</span> <span class='ocrx_word' id='word_1_52' title='bbox 854 1127 1042 1212; x_wconf 83' lang='lat' dir='ltr'>statuimus,</span> <span class='ocrx_word' id='word_1_53' title='bbox 1070 1131 1119 1211; x_wconf 83' lang='lat' dir='ltr'>ut,</span> <span class='ocrx_word' id='word_1_54' title='bbox 1147 1150 1229 1213; x_wconf 87' lang='lat' dir='ltr'>quae</span> <span class='ocrx_word' id='word_1_55' title='bbox 1252 1129 1308 1193; x_wconf 82' lang='lat' dir='ltr'>Al-</span> 
     </span>
     <span class='ocr_line' id='line_1_8' title="bbox 158 1233 1308 1319; baseline 0 -21"><span class='ocrx_word' id='word_1_56' title='bbox 158 1233 256 1299; x_wconf 87' lang='lat' dir='ltr'>dinae</span> <span class='ocrx_word' id='word_1_57' title='bbox 279 1233 412 1318; x_wconf 89' lang='lat' dir='ltr'>propria</span> <span class='ocrx_word' id='word_1_58' title='bbox 435 1237 522 1317; x_wconf 86' lang='lat' dir='ltr'>sunt,</span> <span class='ocrx_word' id='word_1_59' title='bbox 546 1235 642 1317; x_wconf 86' lang='lat' dir='ltr'>atque</span> <span class='ocrx_word' id='word_1_60' title='bbox 662 1255 700 1298; x_wconf 92' lang='lat' dir='ltr'>ea</span> <span class='ocrx_word' id='word_1_61' title='bbox 718 1233 848 1317; x_wconf 89' lang='lat' dir='ltr'>quidem</span> <span class='ocrx_word' id='word_1_62' title='bbox 867 1233 1040 1319; x_wconf 81' lang='lat' dir='ltr'>eligamus,</span> <span class='ocrx_word' id='word_1_63' title='bbox 1063 1256 1146 1319; x_wconf 88' lang='lat' dir='ltr'>quae</span> <span class='ocrx_word' id='word_1_64' title='bbox 1169 1235 1203 1300; x_wconf 93' lang='lat' dir='ltr'>in</span> <span class='ocrx_word' id='word_1_65' title='bbox 1226 1239 1308 1299; x_wconf 87' lang='lat' dir='ltr'>oete·</span> 
     </span>
     <span class='ocr_line' id='line_1_9' title="bbox 158 1340 1309 1406; baseline 0.002 -2"><span class='ocrx_word' id='word_1_66' title='bbox 158 1341 207 1405; x_wconf 88' lang='lat' dir='ltr'>ris</span> <span class='ocrx_word' id='word_1_67' title='bbox 231 1341 299 1405; x_wconf 87' lang='lat' dir='ltr'>edd.</span> <span class='ocrx_word' id='word_1_68' title='bbox 323 1343 380 1404; x_wconf 88' lang='lat' dir='ltr'>aut</span> <span class='ocrx_word' id='word_1_69' title='bbox 402 1340 487 1404; x_wconf 91' lang='lat' dir='ltr'>male</span> <span class='ocrx_word' id='word_1_70' title='bbox 512 1343 568 1404; x_wconf 87' lang='lat' dir='ltr'>aut</span> <span class='ocrx_word' id='word_1_71' title='bbox 590 1341 720 1406; x_wconf 90' lang='lat' dir='ltr'>omniuo</span> <span class='ocrx_word' id='word_1_72' title='bbox 740 1363 805 1406; x_wconf 91' lang='lat' dir='ltr'>nou</span> <span class='ocrx_word' id='word_1_73' title='bbox 824 1344 969 1406; x_wconf 82' lang='lat' dir='ltr'>correcta</span> <span class='ocrx_word' id='word_1_74' title='bbox 988 1345 1071 1404; x_wconf 54' lang='lat' dir='ltr'>sunta</span> <span class='ocrx_word' id='word_1_75' title='bbox 1098 1340 1133 1406; x_wconf 91' lang='lat' dir='ltr'>P.</span> <span class='ocrx_word' id='word_1_76' title='bbox 1149 1341 1210 1404; x_wconf 89' lang='grc'>731</span> <span class='ocrx_word' id='word_1_77' title='bbox 1228 1341 1309 1406; x_wconf 92' lang='lat' dir='ltr'>med.</span> 
     </span>
     <span class='ocr_line' id='line_1_10' title="bbox 159 1441 1309 1532; baseline -0.001 -21"><span class='ocrx_word' id='word_1_78' title='bbox 159 1442 318 1530; x_wconf 75' lang='grc' dir='ltr'><strong><em>δηλονότι</em></strong></span> <span class='ocrx_word' id='word_1_79' title='bbox 349 1468 408 1530; x_wconf 90' lang='lat' dir='ltr'>pro</span> <span class='ocrx_word' id='word_1_80' title='bbox 439 1447 544 1531; x_wconf 77' lang='grc' dir='ltr'><strong><em>δῆλον</em></strong></span> <span class='ocrx_word' id='word_1_81' title='bbox 573 1441 639 1527; x_wconf 85' lang='grc' dir='ltr'><strong><em>ὅτι,</em></strong></span> <span class='ocrx_word' id='word_1_82' title='bbox 671 1470 701 1532; x_wconf 93' lang='lat' dir='ltr'>p.</span> <span class='ocrx_word' id='word_1_83' title='bbox 727 1447 789 1512; x_wconf 85' lang='grc'>739</span> <span class='ocrx_word' id='word_1_84' title='bbox 821 1447 881 1511; x_wconf 92' lang='lat' dir='ltr'>sub</span> <span class='ocrx_word' id='word_1_85' title='bbox 912 1447 965 1510; x_wconf 89' lang='lat' dir='ltr'>fin.</span> <span class='ocrx_word' id='word_1_86' title='bbox 995 1442 1134 1511; x_wconf 82' lang='grc' dir='ltr'><strong><em>ἐπιπολό</em></strong></span> <span class='ocrx_word' id='word_1_87' title='bbox 1164 1469 1224 1531; x_wconf 89' lang='lat' dir='ltr'>pro</span> <span class='ocrx_word' id='word_1_88' title='bbox 1257 1443 1309 1510; x_wconf 80' lang='grc' dir='ltr'>ἐπὶ</span> 
     </span>
     <span class='ocr_line' id='line_1_11' title="bbox 158 1547 1310 1638; baseline 0.001 -21"><span class='ocrx_word' id='word_1_89' title='bbox 158 1548 263 1632; x_wconf 77' lang='grc' dir='ltr'><strong><em>πολύ,</em></strong></span> <span class='ocrx_word' id='word_1_90' title='bbox 287 1574 317 1637; x_wconf 91' lang='lat' dir='ltr'>p.</span> <span class='ocrx_word' id='word_1_91' title='bbox 338 1554 402 1618; x_wconf 85' lang='grc'>740</span> <span class='ocrx_word' id='word_1_92' title='bbox 421 1554 502 1618; x_wconf 92' lang='lat' dir='ltr'>med.</span> <span class='ocrx_word' id='word_1_93' title='bbox 525 1557 776 1637; x_wconf 76' lang='grc' dir='ltr'><strong><em>πολυκρατεῑται</em></strong></span> <span class='ocrx_word' id='word_1_94' title='bbox 800 1575 860 1637; x_wconf 86' lang='lat' dir='ltr'>pro</span> <span class='ocrx_word' id='word_1_95' title='bbox 883 1547 969 1618; x_wconf 79' lang='grc' dir='ltr'><strong><em>πολὺ</em></strong></span> <span class='ocrx_word' id='word_1_96' title='bbox 992 1564 1172 1638; x_wconf 82' lang='grc' dir='ltr'><strong><em>κρατεῖται,</em></strong></span> <span class='ocrx_word' id='word_1_97' title='bbox 1194 1577 1225 1638; x_wconf 92' lang='lat' dir='ltr'>p.</span> <span class='ocrx_word' id='word_1_98' title='bbox 1246 1554 1310 1618; x_wconf 89' lang='grc'>730</span> 
     </span>
     <span class='ocr_line' id='line_1_12' title="bbox 160 1647 1312 1744; baseline 0 -20"><span class='ocrx_word' id='word_1_99' title='bbox 160 1663 238 1744; x_wconf 85' lang='lat' dir='ltr'>post</span> <span class='ocrx_word' id='word_1_100' title='bbox 262 1660 305 1724; x_wconf 90' lang='lat' dir='ltr'>in.</span> <span class='ocrx_word' id='word_1_101' title='bbox 329 1663 362 1724; x_wconf 88' lang='lat' dir='ltr'>et</span> <span class='ocrx_word' id='word_1_102' title='bbox 385 1660 449 1724; x_wconf 84' lang='grc'>736</span> <span class='ocrx_word' id='word_1_103' title='bbox 473 1663 552 1724; x_wconf 83' lang='lat' dir='ltr'>extr.</span> <span class='ocrx_word' id='word_1_104' title='bbox 576 1652 638 1722; x_wconf 76' lang='grc' dir='ltr'>οὐκ</span> <span class='ocrx_word' id='word_1_105' title='bbox 662 1647 725 1723; x_wconf 85' lang='grc' dir='ltr'>οὖν</span> <span class='ocrx_word' id='word_1_106' title='bbox 748 1682 807 1743; x_wconf 90' lang='lat' dir='ltr'>pro</span> <span class='ocrx_word' id='word_1_107' title='bbox 832 1652 973 1741; x_wconf 82' lang='grc' dir='ltr'><strong><em>οὐκοῦν,</em></strong></span> <span class='ocrx_word' id='word_1_108' title='bbox 997 1683 1026 1744; x_wconf 94' lang='lat' dir='ltr'>p.</span> <span class='ocrx_word' id='word_1_109' title='bbox 1050 1661 1113 1725; x_wconf 80' lang='lat'>401</span> <span class='ocrx_word' id='word_1_110' title='bbox 1135 1663 1210 1728; x_wconf 86' lang='lat' dir='ltr'>ante</span> <span class='ocrx_word' id='word_1_111' title='bbox 1230 1660 1312 1725; x_wconf 90' lang='lat' dir='ltr'>med.</span> 
     </span>
     <span class='ocr_line' id='line_1_13' title="bbox 160 1762 1312 1851; baseline 0.001 -21"><span class='ocrx_word' id='word_1_112' title='bbox 160 1767 312 1831; x_wconf 76' lang='grc' dir='ltr'><strong><em>Δαναῶν</em></strong></span> <span class='ocrx_word' id='word_1_113' title='bbox 335 1765 520 1850; x_wconf 78' lang='grc' dir='ltr'><strong><em>περιδείδια</em></strong></span> <span class='ocrx_word' id='word_1_114' title='bbox 543 1787 603 1850; x_wconf 87' lang='lat' dir='ltr'>pro</span> <span class='ocrx_word' id='word_1_115' title='bbox 628 1770 670 1830; x_wconf 88' lang='grc' dir='ltr'>Δ.</span> <span class='ocrx_word' id='word_1_116' title='bbox 692 1763 765 1848; x_wconf 81' lang='grc' dir='ltr'><strong><em>πέρι</em></strong></span> <span class='ocrx_word' id='word_1_117' title='bbox 790 1766 913 1847; x_wconf 90' lang='grc' dir='ltr'><strong><em>δείδια,</em></strong></span> <span class='ocrx_word' id='word_1_118' title='bbox 941 1789 972 1850; x_wconf 92' lang='lat' dir='ltr'>p.</span> <span class='ocrx_word' id='word_1_119' title='bbox 996 1767 1060 1832; x_wconf 84' lang='lat'>363</span> <span class='ocrx_word' id='word_1_120' title='bbox 1083 1771 1158 1851; x_wconf 91' lang='lat' dir='ltr'>post</span> <span class='ocrx_word' id='word_1_121' title='bbox 1180 1767 1223 1832; x_wconf 91' lang='lat' dir='ltr'>in.</span> <span class='ocrx_word' id='word_1_122' title='bbox 1246 1762 1312 1832; x_wconf 83' lang='grc' dir='ltr'><strong><em>πτό-</em></strong></span> 
     </span>
     <span class='ocr_line' id='line_1_14' title="bbox 159 1859 1313 1958; baseline -0.001 -22"><span class='ocrx_word' id='word_1_123' title='bbox 159 1867 234 1936; x_wconf 87' lang='grc' dir='ltr'><strong><em>ποτ’</em></strong></span> <span class='ocrx_word' id='word_1_124' title='bbox 260 1866 310 1956; x_wconf 82' lang='grc' dir='ltr'>ἔμ’</span> <span class='ocrx_word' id='word_1_125' title='bbox 336 1860 402 1937; x_wconf 79' lang='grc' dir='ltr'>ὦδε</span> <span class='ocrx_word' id='word_1_126' title='bbox 429 1895 489 1956; x_wconf 90' lang='lat' dir='ltr'>pro</span> <span class='ocrx_word' id='word_1_127' title='bbox 512 1868 646 1938; x_wconf 84' lang='grc' dir='ltr'><strong><em>πιόποτί</em></strong></span> <span class='ocrx_word' id='word_1_128' title='bbox 670 1864 704 1955; x_wconf 91' lang='grc' dir='ltr'>μ’</span> <span class='ocrx_word' id='word_1_129' title='bbox 730 1859 796 1936; x_wconf 75' lang='grc' dir='ltr'>ὁδε</span> <span class='ocrx_word' id='word_1_130' title='bbox 825 1873 982 1956; x_wconf 87' lang='lat' dir='ltr'>scriptum</span> <span class='ocrx_word' id='word_1_131' title='bbox 1006 1877 1066 1958; x_wconf 81' lang='lat' dir='ltr'>est3</span> <span class='ocrx_word' id='word_1_132' title='bbox 1094 1895 1124 1958; x_wconf 93' lang='lat' dir='ltr'>p.</span> <span class='ocrx_word' id='word_1_133' title='bbox 1148 1873 1213 1938; x_wconf 79' lang='lat'>452</span> <span class='ocrx_word' id='word_1_134' title='bbox 1236 1876 1313 1956; x_wconf 87' lang='lat' dir='ltr'>post</span> 
     </span>
     <span class='ocr_line' id='line_1_15' title="bbox 161 1975 1311 2064; baseline 0.001 -22"><span class='ocrx_word' id='word_1_135' title='bbox 161 1979 244 2044; x_wconf 84' lang='lat' dir='ltr'>med.</span> <span class='ocrx_word' id='word_1_136' title='bbox 272 1980 379 2044; x_wconf 87' lang='lat' dir='ltr'>locum</span> <span class='ocrx_word' id='word_1_137' title='bbox 412 2001 429 2043; x_wconf 98' lang='lat' dir='ltr'>e</span> <span class='ocrx_word' id='word_1_138' title='bbox 456 1978 603 2044; x_wconf 88' lang='lat' dir='ltr'>Platonis</span> <span class='ocrx_word' id='word_1_139' title='bbox 632 1975 776 2062; x_wconf 81' lang='lat' dir='ltr'>Sophist.</span> <span class='ocrx_word' id='word_1_140' title='bbox 806 2001 837 2062; x_wconf 92' lang='lat' dir='ltr'>p.</span> <span class='ocrx_word' id='word_1_141' title='bbox 864 1979 929 2044; x_wconf 77' lang='lat'>228</span> <span class='ocrx_word' id='word_1_142' title='bbox 956 1979 985 2043; x_wconf 93' lang='grc' dir='ltr'>Β</span> <span class='ocrx_word' id='word_1_143' title='bbox 1014 1979 1211 2064; x_wconf 85' lang='lat' dir='ltr'>exscriptum</span> <span class='ocrx_word' id='word_1_144' title='bbox 1238 1979 1311 2044; x_wconf 82' lang='lat' dir='ltr'>Ald.</span> 
     </span>
     <span class='ocr_line' id='line_1_16' title="bbox 160 2079 1311 2170; baseline 0.001 -22"><span class='ocrx_word' id='word_1_145' title='bbox 160 2086 209 2150; x_wconf 87' lang='lat' dir='ltr'>sie</span> <span class='ocrx_word' id='word_1_146' title='bbox 233 2084 349 2150; x_wconf 85' lang='lat' dir='ltr'>edidit:</span> <span class='ocrx_word' id='word_1_147' title='bbox 376 2079 466 2150; x_wconf 88' lang='grc' dir='ltr'><strong><em>τόδε</em></strong></span> <span class='ocrx_word' id='word_1_148' title='bbox 495 2083 532 2148; x_wconf 77' lang='grc' dir='ltr'>ἐν</span> <span class='ocrx_word' id='word_1_149' title='bbox 559 2085 647 2170; x_wconf 78' lang='grc' dir='ltr'><strong><em>ψυχῇ</em></strong></span> <span class='ocrx_word' id='word_1_150' title='bbox 676 2080 775 2164; x_wconf 79' lang='grc' dir='ltr'><strong><em>δόξας</em></strong></span> <span class='ocrx_word' id='word_1_151' title='bbox 802 2083 993 2170; x_wconf 77' lang='grc' dir='ltr'><strong><em>ἐπιθυμίαις</em></strong></span> <span class='ocrx_word' id='word_1_152' title='bbox 1019 2083 1074 2150; x_wconf 84' lang='grc' dir='ltr'>καὶ</span> <span class='ocrx_word' id='word_1_153' title='bbox 1097 2081 1212 2170; x_wconf 83' lang='grc' dir='ltr'><strong><em>θυμὸν</em></strong></span> <span class='ocrx_word' id='word_1_154' title='bbox 1233 2079 1311 2169; x_wconf 82' lang='grc' dir='ltr'><strong><em>ἡδο-</em></strong></span> 
     </span>
     <span class='ocr_line' id='line_1_17' title="bbox 161 2186 1312 2272; baseline -0.003 -15"><span class='ocrx_word' id='word_1_155' title='bbox 161 2203 237 2268; x_wconf 76' lang='grc' dir='ltr'><strong><em>ναῖς</em></strong></span> <span class='ocrx_word' id='word_1_156' title='bbox 259 2215 287 2256; x_wconf 85' lang='grc' dir='ltr'>ιι.</span> <span class='ocrx_word' id='word_1_157' title='bbox 306 2215 332 2256; x_wconf 90' lang='grc' dir='ltr'>τ.</span> <span class='ocrx_word' id='word_1_158' title='bbox 351 2195 394 2267; x_wconf 60' lang='grc' dir='ltr'>λη</span> <span class='ocrx_word' id='word_1_159' title='bbox 418 2191 622 2256; x_wconf 76' lang='grc' dir='ltr'><strong><em>ΒοειἹεεοεεε</em></strong></span> <span class='ocrx_word' id='word_1_160' title='bbox 647 2196 866 2260; x_wconf 82' lang='lat' dir='ltr'>correxerunt:</span> <span class='ocrx_word' id='word_1_161' title='bbox 889 2186 931 2256; x_wconf 88' lang='grc' dir='ltr'>τὸ</span> <span class='ocrx_word' id='word_1_162' title='bbox 956 2186 997 2255; x_wconf 72' lang='grc' dir='ltr'>δὲ</span> <span class='ocrx_word' id='word_1_163' title='bbox 1021 2189 1057 2255; x_wconf 84' lang='grc' dir='ltr'>ἐν</span> <span class='ocrx_word' id='word_1_164' title='bbox 1076 2203 1121 2272; x_wconf 70' lang='grc' dir='ltr'><strong><em>σε,</em></strong></span> <span class='ocrx_word' id='word_1_165' title='bbox 1145 2189 1255 2258; x_wconf 84' lang='lat' dir='ltr'>Ohart</span> <span class='ocrx_word' id='word_1_166' title='bbox 1279 2195 1312 2255; x_wconf 90' lang='lat' dir='ltr'>et</span> 
     </span>
     <span class='ocr_line' id='line_1_18' title="bbox 161 2295 1315 2382; baseline -0.001 -20"><span class='ocrx_word' id='word_1_167' title='bbox 161 2298 288 2363; x_wconf 87' lang='lat' dir='ltr'>Kuehn.</span> <span class='ocrx_word' id='word_1_168' title='bbox 311 2301 352 2363; x_wconf 83' lang='grc' dir='ltr'>τί</span> <span class='ocrx_word' id='word_1_169' title='bbox 371 2299 452 2371; x_wconf 73' lang='grc' dir='ltr'><strong><em>δαίς</em></strong></span> <span class='ocrx_word' id='word_1_170' title='bbox 480 2295 517 2361; x_wconf 78' lang='grc' dir='ltr'>ἐν</span> <span class='ocrx_word' id='word_1_171' title='bbox 540 2299 629 2382; x_wconf 72' lang='grc' dir='ltr'>ψυχῇ</span> <span class='ocrx_word' id='word_1_172' title='bbox 652 2321 681 2362; x_wconf 87' lang='grc' dir='ltr'>ιι.</span> <span class='ocrx_word' id='word_1_173' title='bbox 704 2321 730 2362; x_wconf 92' lang='grc' dir='ltr'>τ.</span> <span class='ocrx_word' id='word_1_174' title='bbox 754 2303 796 2374; x_wconf 64' lang='grc' dir='ltr'>λη</span> <span class='ocrx_word' id='word_1_175' title='bbox 826 2301 860 2362; x_wconf 88' lang='lat' dir='ltr'>at</span> <span class='ocrx_word' id='word_1_176' title='bbox 884 2298 1088 2363; x_wconf 83' lang='lat' dir='ltr'>scribendum</span> <span class='ocrx_word' id='word_1_177' title='bbox 1116 2298 1180 2362; x_wconf 86' lang='lat' dir='ltr'>fuit</span> <span class='ocrx_word' id='word_1_178' title='bbox 1206 2301 1245 2362; x_wconf 93' lang='grc' dir='ltr'>τί</span> <span class='ocrx_word' id='word_1_179' title='bbox 1270 2297 1315 2363; x_wconf 78' lang='grc' dir='ltr'>δέ</span> 
     </span>
     <span class='ocr_line' id='line_1_19' title="bbox 160 2397 1309 2490; baseline 0 -22"><span class='ocrx_word' id='word_1_180' title='bbox 160 2402 233 2490; x_wconf 86' lang='grc' dir='ltr'>(Μ).</span> <span class='ocrx_word' id='word_1_181' title='bbox 279 2403 313 2468; x_wconf 93' lang='lat' dir='ltr'>P.</span> <span class='ocrx_word' id='word_1_182' title='bbox 337 2405 402 2468; x_wconf 77' lang='lat'>402</span> <span class='ocrx_word' id='word_1_183' title='bbox 427 2407 501 2468; x_wconf 83' lang='lat' dir='ltr'>aute</span> <span class='ocrx_word' id='word_1_184' title='bbox 525 2404 577 2468; x_wconf 82' lang='lat' dir='ltr'>fin.</span> <span class='ocrx_word' id='word_1_185' title='bbox 602 2399 666 2486; x_wconf 77' lang='grc' dir='ltr'>ἐγὼ</span> <span class='ocrx_word' id='word_1_186' title='bbox 689 2400 752 2488; x_wconf 69' lang='grc' dir='ltr'>μὲν</span> <span class='ocrx_word' id='word_1_187' title='bbox 779 2397 840 2468; x_wconf 84' lang='grc' dir='ltr'>οὐκ</span> <span class='ocrx_word' id='word_1_188' title='bbox 868 2406 931 2487; x_wconf 81' lang='grc' dir='ltr'>ἔχω</span> <span class='ocrx_word' id='word_1_189' title='bbox 959 2399 1042 2487; x_wconf 87' lang='grc' dir='ltr'><strong><em>πρὸς</em></strong></span> <span class='ocrx_word' id='word_1_190' title='bbox 1063 2404 1166 2468; x_wconf 83' lang='grc' dir='ltr'><strong><em>ταῦτα</em></strong></span> <span class='ocrx_word' id='word_1_191' title='bbox 1194 2397 1240 2468; x_wconf 84' lang='grc' dir='ltr'>οὐ</span> <span class='ocrx_word' id='word_1_192' title='bbox 1263 2400 1309 2488; x_wconf 82' lang='grc' dir='ltr'>δὴ</span> 
     </span>
     <span class='ocr_line' id='line_1_20' title="bbox 161 2504 1311 2604; baseline -0.001 -29"><span class='ocrx_word' id='word_1_193' title='bbox 161 2505 409 2594; x_wconf 79' lang='grc' dir='ltr'><strong><em>ἀποκρίνασθαι</em></strong></span> <span class='ocrx_word' id='word_1_194' title='bbox 436 2509 481 2597; x_wconf 78' lang='grc' dir='ltr'>τῷ</span> <span class='ocrx_word' id='word_1_195' title='bbox 506 2510 734 2598; x_wconf 81' lang='grc' dir='ltr'><strong><em>Ποσειδωνίῳ.</em></strong></span> <span class='ocrx_word' id='word_1_196' title='bbox 780 2508 834 2575; x_wconf 78' lang='lat' dir='ltr'>Sic</span> <span class='ocrx_word' id='word_1_197' title='bbox 857 2511 940 2604; x_wconf 81' lang='lat' dir='ltr'>edd,</span> <span class='ocrx_word' id='word_1_198' title='bbox 969 2513 1003 2574; x_wconf 88' lang='lat' dir='ltr'>at</span> <span class='ocrx_word' id='word_1_199' title='bbox 1025 2509 1060 2574; x_wconf 93' lang='lat' dir='ltr'><strong>M</strong></span> <span class='ocrx_word' id='word_1_200' title='bbox 1083 2511 1164 2575; x_wconf 88' lang='lat' dir='ltr'>bene</span> <span class='ocrx_word' id='word_1_201' title='bbox 1193 2504 1311 2574; x_wconf 71' lang='grc' dir='ltr'><strong><em>οὐδὲν</em></strong></span> 
     </span>
     <span class='ocr_line' id='line_1_21' title="bbox 161 2611 1310 2702; baseline 0.001 -21"><span class='ocrx_word' id='word_1_202' title='bbox 161 2639 222 2702; x_wconf 90' lang='lat' dir='ltr'>pro</span> <span class='ocrx_word' id='word_1_203' title='bbox 246 2611 288 2682; x_wconf 81' lang='grc' dir='ltr'>οὐ</span> <span class='ocrx_word' id='word_1_204' title='bbox 312 2613 354 2701; x_wconf 85' lang='grc' dir='ltr'>δή</span> <span class='ocrx_word' id='word_1_205' title='bbox 382 2617 526 2700; x_wconf 87' lang='lat' dir='ltr'>praebet.</span> <span class='ocrx_word' id='word_1_206' title='bbox 571 2615 606 2680; x_wconf 93' lang='lat' dir='ltr'>P.</span> <span class='ocrx_word' id='word_1_207' title='bbox 629 2615 695 2680; x_wconf 83' lang='grc'>645</span> <span class='ocrx_word' id='word_1_208' title='bbox 721 2621 796 2680; x_wconf 88' lang='lat' dir='ltr'>ante</span> <span class='ocrx_word' id='word_1_209' title='bbox 819 2617 901 2682; x_wconf 93' lang='lat' dir='ltr'>med.</span> <span class='ocrx_word' id='word_1_210' title='bbox 928 2619 1000 2682; x_wconf 88' lang='lat' dir='ltr'>tota</span> <span class='ocrx_word' id='word_1_211' title='bbox 1026 2617 1076 2682; x_wconf 86' lang='lat' dir='ltr'>vis</span> <span class='ocrx_word' id='word_1_212' title='bbox 1105 2619 1310 2701; x_wconf 80' lang='lat' dir='ltr'>argumenta·</span> 
     </span>
     <span class='ocr_line' id='line_1_22' title="bbox 161 2721 1310 2806; baseline 0.003 -20"><span class='ocrx_word' id='word_1_213' title='bbox 161 2723 276 2806; x_wconf 83' lang='lat' dir='ltr'>tionis,</span> <span class='ocrx_word' id='word_1_214' title='bbox 304 2745 368 2806; x_wconf 87' lang='lat' dir='ltr'>qua</span> <span class='ocrx_word' id='word_1_215' title='bbox 383 2721 532 2790; x_wconf 82' lang='lat' dir='ltr'>,Galenus</span> <span class='ocrx_word' id='word_1_216' title='bbox 556 2722 596 2786; x_wconf 92' lang='lat' dir='ltr'>ad</span> <span class='ocrx_word' id='word_1_217' title='bbox 621 2723 875 2788; x_wconf 78' lang='lat' dir='ltr'>confirmandam</span> <span class='ocrx_word' id='word_1_218' title='bbox 899 2724 1093 2788; x_wconf 88' lang='lat' dir='ltr'>sententiam</span> <span class='ocrx_word' id='word_1_219' title='bbox 1116 2723 1154 2787; x_wconf 93' lang='lat' dir='ltr'>de</span> <span class='ocrx_word' id='word_1_220' title='bbox 1179 2725 1310 2790; x_wconf 86' lang='lat' dir='ltr'>cerebro</span> 
     </span>
     <span class='ocr_line' id='line_1_23' title="bbox 161 2813 1310 2914; baseline 0.002 -22"><span class='ocrx_word' id='word_1_221' title='bbox 161 2835 319 2913; x_wconf 84' lang='lat' dir='ltr'>tanquam</span> <span class='ocrx_word' id='word_1_222' title='bbox 346 2849 498 2892; x_wconf 87' lang='lat' dir='ltr'>sensuum</span> <span class='ocrx_word' id='word_1_223' title='bbox 526 2831 695 2912; x_wconf 88' lang='lat' dir='ltr'>motusque</span> <span class='ocrx_word' id='word_1_224' title='bbox 726 2813 902 2895; x_wconf 86' lang='lat' dir='ltr'>voluntarii</span> <span class='ocrx_word' id='word_1_225' title='bbox 932 2830 1093 2914; x_wconf 80' lang='lat' dir='ltr'>principio</span> <span class='ocrx_word' id='word_1_226' title='bbox 1122 2828 1238 2912; x_wconf 84' lang='lat' dir='ltr'>utitur,</span> <span class='ocrx_word' id='word_1_227' title='bbox 1269 2829 1310 2894; x_wconf 91' lang='lat' dir='ltr'>ab</span> 
     </span>
     <span class='ocr_line' id='line_1_24' title="bbox 161 2935 1310 3023; baseline 0.003 -24"><span class='ocrx_word' id='word_1_228' title='bbox 161 2935 341 3000; x_wconf 84' lang='lat' dir='ltr'>editoribus</span> <span class='ocrx_word' id='word_1_229' title='bbox 369 2936 529 3000; x_wconf 82' lang='lat' dir='ltr'>exstincta</span> <span class='ocrx_word' id='word_1_230' title='bbox 556 2939 618 3019; x_wconf 84' lang='lat' dir='ltr'>est,</span> <span class='ocrx_word' id='word_1_231' title='bbox 645 2935 722 3018; x_wconf 90' lang='lat' dir='ltr'>quia</span> <span class='ocrx_word' id='word_1_232' title='bbox 749 2937 856 3000; x_wconf 90' lang='lat' dir='ltr'>mendi</span> <span class='ocrx_word' id='word_1_233' title='bbox 884 2957 998 3022; x_wconf 81' lang='lat' dir='ltr'>genus,</span> <span class='ocrx_word' id='word_1_234' title='bbox 1028 2937 1067 3000; x_wconf 91' lang='lat' dir='ltr'>de</span> <span class='ocrx_word' id='word_1_235' title='bbox 1094 2959 1157 3023; x_wconf 92' lang='lat' dir='ltr'>quo</span> <span class='ocrx_word' id='word_1_236' title='bbox 1186 2938 1310 3021; x_wconf 88' lang='lat' dir='ltr'>quaeri·</span> 
     </span>
     <span class='ocr_line' id='line_1_25' title="bbox 163 3041 1310 3127; baseline 0 -21"><span class='ocrx_word' id='word_1_237' title='bbox 163 3065 248 3124; x_wconf 87' lang='lat' dir='ltr'>mus,</span> <span class='ocrx_word' id='word_1_238' title='bbox 270 3041 306 3105; x_wconf 92' lang='lat' dir='ltr'>in</span> <span class='ocrx_word' id='word_1_239' title='bbox 326 3043 485 3108; x_wconf 81' lang='lat' dir='ltr'>vocabulo</span> <span class='ocrx_word' id='word_1_240' title='bbox 504 3041 644 3127; x_wconf 90' lang='lat' dir='ltr'>quodam</span> <span class='ocrx_word' id='word_1_241' title='bbox 662 3042 764 3105; x_wconf 86' lang='lat' dir='ltr'>latere</span> <span class='ocrx_word' id='word_1_242' title='bbox 782 3043 989 3127; x_wconf 83' lang='lat' dir='ltr'>ignorabant.</span> <span class='ocrx_word' id='word_1_243' title='bbox 1025 3043 1205 3108; x_wconf 83' lang='lat' dir='ltr'>Edidaruut</span> <span class='ocrx_word' id='word_1_244' title='bbox 1224 3043 1310 3107; x_wconf 86' lang='lat' dir='ltr'>enim</span> 
     </span>
     <span class='ocr_line' id='line_1_26' title="bbox 161 3145 1310 3233; baseline 0 -22"><span class='ocrx_word' id='word_1_245' title='bbox 161 3148 270 3212; x_wconf 87' lang='lat' dir='ltr'>looum</span> <span class='ocrx_word' id='word_1_246' title='bbox 289 3147 375 3212; x_wconf 86' lang='lat' dir='ltr'>hune</span> <span class='ocrx_word' id='word_1_247' title='bbox 394 3148 428 3212; x_wconf 91' lang='lat' dir='ltr'>in</span> <span class='ocrx_word' id='word_1_248' title='bbox 449 3147 594 3213; x_wconf 89' lang='lat' dir='ltr'>modum:</span> <span class='ocrx_word' id='word_1_249' title='bbox 614 3185 655 3194; x_wconf 82' lang='lat'>--</span> <span class='ocrx_word' id='word_1_250' title='bbox 671 3160 884 3233; x_wconf 78' lang='grc' dir='ltr'><strong><em>μαρτυρεῖται</em></strong></span> <span class='ocrx_word' id='word_1_251' title='bbox 903 3145 1137 3233; x_wconf 78' lang='grc' dir='ltr'><strong><em>προσηκόντως</em></strong></span> <span class='ocrx_word' id='word_1_252' title='bbox 1155 3148 1310 3232; x_wconf 79' lang='grc' dir='ltr'><strong><em>εἰρῆσθαι</em></strong></span> 
     </span>
     <span class='ocr_line' id='line_1_27' title="bbox 161 3247 1311 3340; baseline -0.002 -22"><span class='ocrx_word' id='word_1_253' title='bbox 161 3250 223 3320; x_wconf 89' lang='grc' dir='ltr'>τὸν</span> <span class='ocrx_word' id='word_1_254' title='bbox 247 3251 431 3336; x_wconf 71' lang='grc' dir='ltr'><strong><em>ἐγκέφαλον</em></strong></span> <span class='ocrx_word' id='word_1_255' title='bbox 453 3247 561 3338; x_wconf 77' lang='grc' dir='ltr'><strong><em>ἀρχὴν</em></strong></span> <span class='ocrx_word' id='word_1_256' title='bbox 584 3248 786 3319; x_wconf 81' lang='grc' dir='ltr'><strong><em>εἶναιτοῦτο</em></strong></span> <span class='ocrx_word' id='word_1_257' title='bbox 809 3251 872 3338; x_wconf 70' lang='grc' dir='ltr'>μὲν</span> <span class='ocrx_word' id='word_1_258' title='bbox 890 3251 1078 3340; x_wconf 81' lang='grc' dir='ltr'><strong><em>αἰσθήσεως</em></strong></span> <span class='ocrx_word' id='word_1_259' title='bbox 1096 3248 1225 3337; x_wconf 83' lang='grc' dir='ltr'><strong><em>ἁπάσης</em></strong></span> <span class='ocrx_word' id='word_1_260' title='bbox 1241 3263 1311 3328; x_wconf 82' lang='grc' dir='ltr'><strong><em>τοῖς</em></strong></span> 
     </span>
     <span class='ocr_line' id='line_1_28' title="bbox 163 3354 1316 3447; baseline 0.003 -23"><span class='ocrx_word' id='word_1_261' title='bbox 163 3355 274 3447; x_wconf 70' lang='grc' dir='ltr'><strong><em>ζῴοις,</em></strong></span> <span class='ocrx_word' id='word_1_262' title='bbox 300 3359 400 3425; x_wconf 81' lang='grc' dir='ltr'><strong><em>τοῦτο</em></strong></span> <span class='ocrx_word' id='word_1_263' title='bbox 425 3355 461 3424; x_wconf 68' lang='grc' dir='ltr'>δὲ</span> <span class='ocrx_word' id='word_1_264' title='bbox 483 3361 542 3444; x_wconf 82' lang='grc' dir='ltr'>τῆς</span> <span class='ocrx_word' id='word_1_265' title='bbox 564 3354 643 3424; x_wconf 82' lang='grc' dir='ltr'><strong><em>καθ’</em></strong></span> <span class='ocrx_word' id='word_1_266' title='bbox 668 3356 778 3445; x_wconf 80' lang='grc' dir='ltr'><strong><em>ὁρμὴν</em></strong></span> <span class='ocrx_word' id='word_1_267' title='bbox 800 3357 969 3444; x_wconf 83' lang='grc' dir='ltr'><strong><em>κινήσεως.</em></strong></span> <span class='ocrx_word' id='word_1_268' title='bbox 1014 3362 1045 3424; x_wconf 90' lang='grc' dir='ltr'>εί</span> <span class='ocrx_word' id='word_1_269' title='bbox 1066 3359 1107 3424; x_wconf 79' lang='grc' dir='ltr'>δέ</span> <span class='ocrx_word' id='word_1_270' title='bbox 1127 3383 1162 3444; x_wconf 85' lang='grc' dir='ltr'>γε</span> <span class='ocrx_word' id='word_1_271' title='bbox 1185 3355 1230 3443; x_wconf 77' lang='grc' dir='ltr'>μὴ</span> <span class='ocrx_word' id='word_1_272' title='bbox 1254 3355 1316 3428; x_wconf 80' lang='grc' dir='ltr'><strong><em>διὰ,</em></strong></span> 
     </span>
     <span class='ocr_line' id='line_1_29' title="bbox 161 3460 1311 3551; baseline -0.001 -21"><span class='ocrx_word' id='word_1_273' title='bbox 161 3467 282 3543; x_wconf 82' lang='grc' dir='ltr'><strong><em>ταῦτα,</em></strong></span> <span class='ocrx_word' id='word_1_274' title='bbox 311 3468 403 3541; x_wconf 87' lang='grc' dir='ltr'><strong><em>τίνος</em></strong></span> <span class='ocrx_word' id='word_1_275' title='bbox 432 3464 527 3530; x_wconf 80' lang='grc' dir='ltr'><strong><em>ἕνεκα</em></strong></span> <span class='ocrx_word' id='word_1_276' title='bbox 558 3461 662 3532; x_wconf 77' lang='grc' dir='ltr'><strong><em>ἄλλον</em></strong></span> <span class='ocrx_word' id='word_1_277' title='bbox 691 3464 842 3551; x_wconf 78' lang='grc' dir='ltr'><strong><em>με’γονεν;</em></strong></span> <span class='ocrx_word' id='word_1_278' title='bbox 873 3460 895 3551; x_wconf 80' lang='grc' dir='ltr'><em>ἢ</em></span> <span class='ocrx_word' id='word_1_279' title='bbox 928 3465 1032 3533; x_wconf 87' lang='grc' dir='ltr'><strong><em>διότι</em></strong></span> <span class='ocrx_word' id='word_1_280' title='bbox 1060 3462 1119 3543; x_wconf 80' lang='grc' dir='ltr'>τὰς</span> <span class='ocrx_word' id='word_1_281' title='bbox 1147 3461 1311 3550; x_wconf 84' lang='grc' dir='ltr'><strong><em>μήνιγγας</em></strong></span> 
     </span>
     <span class='ocr_line' id='line_1_30' title="bbox 163 3567 1311 3660; baseline 0.002 -24"><span class='ocrx_word' id='word_1_282' title='bbox 163 3571 290 3650; x_wconf 76' lang='grc' dir='ltr'><strong><em>ἔξωθεν</em></strong></span> <span class='ocrx_word' id='word_1_283' title='bbox 313 3567 402 3660; x_wconf 78' lang='grc' dir='ltr'><strong><em>αὐτῷ</em></strong></span> <span class='ocrx_word' id='word_1_284' title='bbox 421 3571 621 3657; x_wconf 82' lang='grc' dir='ltr'><strong><em>περιέτεινεν</em></strong></span> <span class='ocrx_word' id='word_1_285' title='bbox 639 3567 659 3658; x_wconf 77' lang='grc' dir='ltr'><em>ἡ</em></span> <span class='ocrx_word' id='word_1_286' title='bbox 678 3570 789 3656; x_wconf 83' lang='grc' dir='ltr'><strong><em>φύσις,</em></strong></span> <span class='ocrx_word' id='word_1_287' title='bbox 813 3579 903 3659; x_wconf 86' lang='grc' dir='ltr'><strong><em>είπερ</em></strong></span> <span class='ocrx_word' id='word_1_288' title='bbox 926 3573 964 3641; x_wconf 81' lang='grc' dir='ltr'>ἐν</span> <span class='ocrx_word' id='word_1_289' title='bbox 983 3572 1123 3650; x_wconf 80' lang='grc' dir='ltr'><strong><em>ἐκείναις</em></strong></span> <span class='ocrx_word' id='word_1_290' title='bbox 1141 3571 1203 3657; x_wconf 79' lang='grc' dir='ltr'>μέν</span> <span class='ocrx_word' id='word_1_291' title='bbox 1221 3571 1311 3638; x_wconf 83' lang='grc' dir='ltr'><strong><em>ἐστιν</em></strong></span> 
     </span>
     <span class='ocr_line' id='line_1_31' title="bbox 162 3672 1312 3764; baseline 0.002 -22"><span class='ocrx_word' id='word_1_292' title='bbox 162 3673 184 3762; x_wconf 83' lang='grc' dir='ltr'><em>ἡ</em></span> <span class='ocrx_word' id='word_1_293' title='bbox 211 3679 269 3762; x_wconf 79' lang='grc' dir='ltr'>της</span> <span class='ocrx_word' id='word_1_294' title='bbox 296 3679 403 3762; x_wconf 69' lang='grc' dir='ltr'><strong><em>ψυχῆς</em></strong></span> <span class='ocrx_word' id='word_1_295' title='bbox 429 3672 530 3764; x_wconf 79' lang='grc' dir='ltr'><strong><em>ἀρχή,</em></strong></span> <span class='ocrx_word' id='word_1_296' title='bbox 559 3676 667 3764; x_wconf 79' lang='grc' dir='ltr'><strong><em>μάτην</em></strong></span> <span class='ocrx_word' id='word_1_297' title='bbox 696 3679 875 3764; x_wconf 76' lang='grc' dir='ltr'><strong><em>ἐγκέφαλος</em></strong></span> <span class='ocrx_word' id='word_1_298' title='bbox 903 3679 1047 3764; x_wconf 71' lang='grc' dir='ltr'><strong><em>ἕγένετος</em></strong></span> <span class='ocrx_word' id='word_1_299' title='bbox 1076 3681 1208 3764; x_wconf 88' lang='lat' dir='ltr'>insuper</span> <span class='ocrx_word' id='word_1_300' title='bbox 1237 3684 1312 3764; x_wconf 92' lang='lat' dir='ltr'>post</span> 
     </span>
     <span class='ocr_line' id='line_1_32' title="bbox 161 3781 1311 3872; baseline 0.002 -24"><span class='ocrx_word' id='word_1_301' title='bbox 161 3781 272 3868; x_wconf 79' lang='grc' dir='ltr'><strong><em>μάτην</em></strong></span> <span class='ocrx_word' id='word_1_302' title='bbox 294 3784 461 3850; x_wconf 79' lang='lat' dir='ltr'>Particula</span> <span class='ocrx_word' id='word_1_303' title='bbox 483 3783 523 3850; x_wconf 84' lang='grc' dir='ltr'><em>δέ</em></span> <span class='ocrx_word' id='word_1_304' title='bbox 543 3809 563 3850; x_wconf 89' lang='lat' dir='ltr'>a</span> <span class='ocrx_word' id='word_1_305' title='bbox 582 3783 752 3852; x_wconf 86' lang='lat' dir='ltr'>Charterio</span> <span class='ocrx_word' id='word_1_306' title='bbox 777 3791 810 3850; x_wconf 88' lang='lat' dir='ltr'>et</span> <span class='ocrx_word' id='word_1_307' title='bbox 828 3787 978 3854; x_wconf 87' lang='lat' dir='ltr'>Kuehnio</span> <span class='ocrx_word' id='word_1_308' title='bbox 998 3789 1101 3852; x_wconf 87' lang='lat' dir='ltr'>eieota</span> <span class='ocrx_word' id='word_1_309' title='bbox 1119 3787 1311 3872; x_wconf 84' lang='lat' dir='ltr'>pravissime</span> 
     </span>
     <span class='ocr_line' id='line_1_33' title="bbox 163 3879 1311 3980; baseline 0.003 -26"><span class='ocrx_word' id='word_1_310' title='bbox 163 3891 202 3954; x_wconf 93' lang='lat' dir='ltr'>de</span> <span class='ocrx_word' id='word_1_311' title='bbox 220 3891 285 3956; x_wconf 87' lang='lat' dir='ltr'>loei</span> <span class='ocrx_word' id='word_1_312' title='bbox 303 3879 464 3956; x_wconf 87' lang='lat' dir='ltr'>sententia</span> <span class='ocrx_word' id='word_1_313' title='bbox 483 3891 705 3957; x_wconf 78' lang='lat' dir='ltr'>sentientibus.</span> <span class='ocrx_word' id='word_1_314' title='bbox 741 3891 828 3978; x_wconf 81' lang='lat' dir='ltr'>Lege</span> <span class='ocrx_word' id='word_1_315' title='bbox 852 3888 908 3958; x_wconf 84' lang='grc' dir='ltr'><strong><em>διδι</em></strong></span> <span class='ocrx_word' id='word_1_316' title='bbox 930 3897 966 3959; x_wconf 91' lang='grc' dir='ltr'>τί</span> <span class='ocrx_word' id='word_1_317' title='bbox 985 3890 1033 3980; x_wconf 85' lang='grc' dir='ltr'>(Μ</span> <span class='ocrx_word' id='word_1_318' title='bbox 1057 3889 1169 3960; x_wconf 82' lang='grc' dir='ltr'><strong><em>διὰτὸ</em></strong></span> <span class='ocrx_word' id='word_1_319' title='bbox 1189 3895 1311 3958; x_wconf 86' lang='lat' dir='ltr'>usitata</span> 
     </span>
     <span class='ocr_line' id='line_1_34' title="bbox 164 3995 1311 4084; baseline 0 -22"><span class='ocrx_word' id='word_1_320' title='bbox 164 3996 433 4084; x_wconf 83' lang='lat' dir='ltr'>commutatione)</span> <span class='ocrx_word' id='word_1_321' title='bbox 462 3999 495 4060; x_wconf 89' lang='lat' dir='ltr'>et</span> <span class='ocrx_word' id='word_1_322' title='bbox 521 4003 597 4082; x_wconf 86' lang='lat' dir='ltr'>post</span> <span class='ocrx_word' id='word_1_323' title='bbox 622 3995 731 4083; x_wconf 82' lang='grc' dir='ltr'><strong><em>μάτην</em></strong></span> <span class='ocrx_word' id='word_1_324' title='bbox 757 3999 838 4064; x_wconf 85' lang='grc' dir='ltr'><strong><em>εδδε</em></strong></span> <span class='ocrx_word' id='word_1_325' title='bbox 861 3999 911 4066; x_wconf 75' lang='grc' dir='ltr'><strong><em>δίε</em></strong></span> <span class='ocrx_word' id='word_1_326' title='bbox 938 4001 1006 4066; x_wconf 91' lang='lat' dir='ltr'>iam</span> <span class='ocrx_word' id='word_1_327' title='bbox 1034 4001 1144 4066; x_wconf 90' lang='lat' dir='ltr'>omnia</span> <span class='ocrx_word' id='word_1_328' title='bbox 1167 4001 1248 4064; x_wconf 85' lang='lat' dir='ltr'>bene</span> <span class='ocrx_word' id='word_1_329' title='bbox 1276 4021 1311 4062; x_wconf 90' lang='lat' dir='ltr'>se</span> 
     </span>
     <span class='ocr_line' id='line_1_35' title="bbox 163 4101 1310 4188; baseline 0 -20"><span class='ocrx_word' id='word_1_330' title='bbox 163 4103 340 4171; x_wconf 85' lang='lat' dir='ltr'>habebunt.</span> <span class='ocrx_word' id='word_1_331' title='bbox 377 4101 455 4168; x_wconf 81' lang='lat' dir='ltr'>‘Cur</span> <span class='ocrx_word' id='word_1_332' title='bbox 477 4105 676 4169; x_wconf 88' lang='lat' dir='ltr'>membranis</span> <span class='ocrx_word' id='word_1_333' title='bbox 695 4107 860 4171; x_wconf 83' lang='lat' dir='ltr'>cerebrum</span> <span class='ocrx_word' id='word_1_334' title='bbox 880 4109 1077 4173; x_wconf 81' lang='lat' dir='ltr'>extrinsecus</span> <span class='ocrx_word' id='word_1_335' title='bbox 1099 4110 1218 4171; x_wconf 87' lang='lat' dir='ltr'>natura</span> <span class='ocrx_word' id='word_1_336' title='bbox 1237 4127 1310 4188; x_wconf 86' lang='lat' dir='ltr'>ope·</span> 
     </span>
     <span class='ocr_line' id='line_1_36' title="bbox 164 4208 1312 4298; baseline 0 -24"><span class='ocrx_word' id='word_1_337' title='bbox 164 4211 243 4296; x_wconf 82' lang='lat' dir='ltr'>ruit,</span> <span class='ocrx_word' id='word_1_338' title='bbox 266 4212 294 4276; x_wconf 87' lang='lat' dir='ltr'>si</span> <span class='ocrx_word' id='word_1_339' title='bbox 318 4209 449 4296; x_wconf 90' lang='lat' dir='ltr'>quidem</span> <span class='ocrx_word' id='word_1_340' title='bbox 469 4210 588 4277; x_wconf 90' lang='lat' dir='ltr'>inillis</span> <span class='ocrx_word' id='word_1_341' title='bbox 607 4208 891 4297; x_wconf 83' lang='lat' dir='ltr'>(quemadmodum</span> <span class='ocrx_word' id='word_1_342' title='bbox 911 4214 1104 4298; x_wconf 89' lang='lat' dir='ltr'>quibusdam</span> <span class='ocrx_word' id='word_1_343' title='bbox 1123 4209 1244 4297; x_wconf 82' lang='lat' dir='ltr'>placet)</span> <span class='ocrx_word' id='word_1_344' title='bbox 1263 4216 1312 4276; x_wconf 85' lang='lat' dir='ltr'>est</span> 
     </span>
     <span class='ocr_line' id='line_1_37' title="bbox 165 4317 1311 4404; baseline 0 -22"><span class='ocrx_word' id='word_1_345' title='bbox 165 4319 293 4382; x_wconf 85' lang='lat' dir='ltr'>animae</span> <span class='ocrx_word' id='word_1_346' title='bbox 312 4317 519 4402; x_wconf 85' lang='lat' dir='ltr'>principium,</span> <span class='ocrx_word' id='word_1_347' title='bbox 538 4319 755 4404; x_wconf 86' lang='lat' dir='ltr'>nequidquam</span> <span class='ocrx_word' id='word_1_348' title='bbox 770 4323 878 4384; x_wconf 85' lang='lat' dir='ltr'>autem</span> <span class='ocrx_word' id='word_1_349' title='bbox 898 4319 1022 4384; x_wconf 83' lang='lat' dir='ltr'>factum</span> <span class='ocrx_word' id='word_1_350' title='bbox 1042 4319 1209 4383; x_wconf 80' lang='lat' dir='ltr'>cerebrum</span> <span class='ocrx_word' id='word_1_351' title='bbox 1228 4317 1311 4382; x_wconf 83' lang='lat' dir='ltr'>est?&#39;</span> 
     </span>
     <span class='ocr_line' id='line_1_38' title="bbox 164 4422 1312 4512; baseline 0.002 -24"><span class='ocrx_word' id='word_1_352' title='bbox 164 4423 199 4488; x_wconf 90' lang='lat' dir='ltr'>P.</span> <span class='ocrx_word' id='word_1_353' title='bbox 214 4425 276 4489; x_wconf 85' lang='lat'>631</span> <span class='ocrx_word' id='word_1_354' title='bbox 294 4428 373 4489; x_wconf 84' lang='lat' dir='ltr'>extr.</span> <span class='ocrx_word' id='word_1_355' title='bbox 396 4425 535 4508; x_wconf 66' lang='lat' dir='ltr'>miretur,</span> <span class='ocrx_word' id='word_1_356' title='bbox 557 4424 642 4508; x_wconf 90' lang='lat' dir='ltr'>quod</span> <span class='ocrx_word' id='word_1_357' title='bbox 666 4424 787 4489; x_wconf 87' lang='lat' dir='ltr'>Aldina</span> <span class='ocrx_word' id='word_1_358' title='bbox 811 4426 919 4491; x_wconf 88' lang='lat' dir='ltr'>looum</span> <span class='ocrx_word' id='word_1_359' title='bbox 938 4425 1144 4490; x_wconf 84' lang='lat' dir='ltr'>Platonicum</span> <span class='ocrx_word' id='word_1_360' title='bbox 1168 4422 1312 4512; x_wconf 80' lang='lat' dir='ltr'>(Theaet.</span> 
     </span>
    </p>
   </div>
   <div class='ocr_carea' id='block_1_3' title="bbox 0 0 1634 5148">
    <p class='ocr_par' dir='ltr' id='par_1_3' title="bbox 0 0 1634 5148">
     <span class='ocr_line' id='line_1_39' title="bbox 0 0 1634 5148; baseline 0 0"><span class='ocrx_word' id='word_1_361' title='bbox 0 0 1634 5148; x_wconf 95' lang='lat' dir='ltr'> </span> 
     </span>
    </p>
   </div>
  </div>
 </body>
</html>
