3296 5150
635 356 879 421 „407-

178 507 221 581 άν
244 516 449 601 αίδεσθῆναί
472 512 510 582 τί
529 541 605 582 τινα
627 514 682 582 καί
706 517 906 602 μεταστῆναι
935 512 1019 601 πρὸς
1040 513 1080 581 τά
1109 520 1242 600 βελτίω,
1270 543 1325 584 κα-

178 618 287 707 θάπερ
315 620 370 686 καὶ
401 617 418 689 ὁ
443 621 673 700 Ποσειδώνιος
701 621 855 708 ἐποίησεν
883 621 1052 701 αἰδεσθείς
1081 628 1325 712 συναγορεῦσαι

178 731 297 806 ψευδεῖ
312 731 466 815 φανερός
484 727 623 817 δόγματι
646 731 691 821 τῷ
710 725 905 796 τῶνᾶλλων
924 732 1096 814 Στωϊκῶν,
1120 733 1155 797 οῗ
1175 757 1212 816 γε
1231 731 1324 820 μέχρι

177 832 341 902 τοσούτου
359 841 565 922 φιλονεικίας
583 834 733 923 ῆκουσιν,
752 833 846 920 ὥστε,
866 833 977 923 ἐπειδὴ
996 840 1054 923 τῆς
1072 841 1205 924 λογικῆς
1223 836 1325 905 δυνά-

177 965 264 1027 μεως
286 943 417 1026 ἔφασαν
439 939 525 1009 εἶναι
548 940 588 1010 τὰ
611 941 716 1028 πάθη,
738 955 808 1020 τοῖς
831 938 966 1029 ἀλόγοις
994 941 1088 1034 ζῴοις
1110 942 1154 1030 μῆ
1178 945 1325 1032 μετέχειν
1346 967 1358 1006 ι

177 1042 290 1114 αὐτῶν
321 1063 522 1136 συγχωρεῖν,
556 1053 592 1116 ol
619 1057 765 1116 πλεῖστοι
799 1047 835 1116 δὲ
868 1046 948 1116 οὐδὲ
979 1063 1050 1129 τοῖς
1080 1055 1241 1136 παιδίοις,
1274 1049 1324 1120 ότι

179 1152 306 1240 δηλαδὴ
329 1155 383 1222 καὶ
407 1152 510 1224 τάυτα
534 1153 664 1224 οὐδέπω
692 1153 818 1242 λογικά.
862 1154 899 1222 τὸ
927 1155 989 1243 μὲν
1018 1147 1081 1224 οὖν
1105 1155 1209 1236 οὕτως
1232 1154 1325 1225 άναι-

178 1275 333 1348 σχυντεῑν
358 1260 441 1350 πρὸς
467 1261 507 1330 τὰ
534 1267 636 1330 πᾶσιν
664 1259 856 1349 ἀνθρώποις
884 1263 1031 1350 ἐναργῶς
1057 1264 1246 1351 φαινόμενα
1269 1285 1324 1333 σο-

178 1371 307 1454 φιστιόν
340 1373 439 1456 ἔργον
472 1369 555 1454 ἐστί,
591 1367 627 1437 τὸ
662 1368 698 1436 δὲ
725 1366 810 1456 μηδὲ
842 1365 925 1456 άπερ
957 1366 1121 1438 ὑπέθεντο
1154 1370 1324 1440 δύνασθαι

179 1473 425 1562 διαφυλάττειν,
448 1472 531 1545 ἀλλὰ
555 1477 690 1544 ἐναντία
709 1474 852 1563 γράφειν
874 1471 988 1555 αὐτοῖς
1005 1473 1227 1564 ἀγυμνάστων
1250 1481 1324 1567 περὶ
1340 1501 1364 1538 ¹0

178 1580 281 1667 λόγον
304 1578 516 1670 ἀνθρώπων,
545 1576 681 1670 οἷόσπερ
710 1582 765 1649 καὶ
789 1579 807 1650 ό
831 1582 1109 1671 θαυμασιώτατος
1131 1585 1325 1672 Χρύσιππος

177 1689 214 1756 ἐν
237 1688 444 1776 παμπόλλαις
467 1685 653 1777 εὑρίσκεται
676 1696 920 1777 πραγματείαις.
965 1687 1049 1758 άλλὰ
1072 1692 1146 1780 περὶ
1173 1691 1234 1779 μὲν
1257 1696 1324 1760 τῶν

176 1791 287 1864 άλλων
310 1796 459 1884 ἑτέρωθι.
479 1797 483 1886 Ι

265 1903 350 1990 Περὶ
374 1902 410 1970 δὲ
433 1907 501 1972 τῶν
523 1907 581 1992 τῆς
603 1907 711 1991 ψυχῆς
732 1907 869 1988 παθῶν,
897 1901 943 1983 ὡς
965 1901 1027 1972 οὐκ
1055 1909 1123 1973 ἔστι
1150 1909 1208 1992 τῆς
1235 1913 1388 1992 loys-saa

175 2013 235 2096 κῆς
262 2009 450 2097 δυνάμεως,
477 2007 541 2097 ῆδη
569 2011 631 2097 μέν
654 2037 711 2097 μοι
739 2010 793 2076 καί
821 2007 857 2076 τὸ
882 2010 946 2098 πρὸ
969 2010 1092 2078 τούτου
1114 2010 1322 2099 πεπλίρωται
1337 2035 1362 2074 15

175 2119 309 2199 βιβλίον
340 2105 389 2183 ὧν
421 2113 521 2196 αὐτος
553 2114 644 2188 άκων,
671 2113 842 2204 ὁμολογεῖ,
873 2117 1128 2205 πληρωθίσεται
1156 2117 1192 2184 δὲ
1221 2115 1322 2187 οὐδὲν

176 2211 276 2309 ῆττον
297 2223 352 2290 καὶ
374 2227 472 2292 τοῦτο
500 2221 562 2311 τῆν
586 2220 692 2311 ἀρχὴν
719 2223 859 2290 ἐνθένδε
886 2224 1108 2315 ποιησαμένῳ.
1151 2224 1189 2291 τὸ
1212 2223 1323 2305 πάθος

213 2427 246 2478 10
264 2417 359 2476 odada
378 2421 458 2476 codd.
478 2420 541 2475 edd.
560 2413 658 2481 αὐτοῖς
671 2435 729 2476 nos.
746 2449 778 2458 -
800 2425 831 2472 13
853 2413 995 2486 ἑτέρωθεν
1010 2419 1045 2474 Μ.
1062 2451 1093 2460 -
1115 2427 1147 2474 14
1167 2423 1197 2474 λο
1217 2421 1322 2488 ιοτικῆς

175 2494 233 2548 MA
256 2493 368 2562 λογικῆς
397 2491 504 2547 BOhK.
531 2523 563 2532 -
594 2497 626 2546 ld
647 2485 762 2544 άιιοόων
790 2489 869 2546 codd.
894 2490 955 2545 edd.
987 2486 1065 2545 άιιων
1083 2491 1150 2558 ¹nos3
1178 2439 1215 2545 ci.
1236 2492 1320 2550 Proll.

176 2584 203 2636 p.
218 2571 260 2620 93.
281 2597 314 2604 -

175 2786 310 2848 eumque
343 2763 383 2828 ad
420 2763 557 2829 meliora
589 2765 780 2826 revocatura
811 2783 920 2846 spero,
958 2762 990 2828 id
1027 2761 1111 2847 quod
1144 2761 1319 2828 Posidonio

174 2872 322 2958 contigit,
346 2870 401 2956 qui
421 2870 550 2934 erubuit
567 2873 748 2934 ceterorum
769 2867 951 2934 Stoicorum
971 2869 1126 2954 placitum
1146 2869 1319 2936 manifesto

173 2980 293 3045 falsum
317 2979 495 3062 defendere,
517 2978 573 3061 qui
596 2975 725 3066 quidem
745 2976 824 3041 adeo
849 2976 1044 3040 contentiosi
1068 2979 1152 3059 sunt,
1174 2979 1219 3058 ut,
1242 2998 1318 3060 quo·

173 3089 262 3154 niam
281 3085 451 3153 rationalis
471 3084 638 3150 facultatis
658 3106 727 3148 essa
746 3083 1008 3168 perturbationes
1027 3082 1185 3164 dixerunt,
1209 3104 1319 3146 earum

174 3197 269 3261 bruta
293 3193 456 3276 animalia,
477 3192 623 3276 plerique
647 3191 746 3254 eliam
769 3189 933 3275 parvulos,
956 3189 1076 3274 quippe
1099 3189 1153 3274 qui
1176 3190 1319 3254 nondum

177 3303 313 3367 rationis
342 3303 509 3385 compotes
537 3299 616 3384 sint,
643 3297 819 3382 participes
847 3319 917 3361 esse
944 3317 1010 3360 non
1040 3297 1225 3362 concedant.
1274 3297 1321 3361 At

174 3430 250 3472 vero
278 3409 325 3471 ita
351 3405 557 3491 impudenter
583 3405 748 3488 disputare
772 3409 885 3470 contra
910 3425 961 3487 ea,
988 3425 1070 3487 quae
1099 3403 1140 3466 ab
1169 3403 1319 3468 omnibus

174 3513 362 3578 hominibus
390 3511 565 3578 manifesta
593 3515 769 3596 apertaque
793 3509 968 3595 habentur,
995 3509 1230 3593 sophistarum,
1252 3532 1318 3574 non

175 3640 270 3702 posse
293 3623 400 3684 autem
423 3623 541 3702 tenere,
564 3639 647 3702 quae
666 3621 913 3702 proposuerunt,
936 3616 991 3680 sed
1014 3616 1129 3680 iisdem
1154 3616 1318 3680 adversari

174 3726 208 3790 in
232 3725 360 3809 scriptis
384 3729 434 3789 est
455 3725 624 3790 hominum
648 3725 682 3788 in
705 3724 900 3809 disputando
923 3725 1217 3806 inexercitatorum,
1240 3745 1317 3807 qua·

173 3833 215 3898 lis
239 3831 338 3897 etiam
357 3829 571 3917 Chrysippus,
594 3831 649 3896 ille
672 3831 771 3897 homo
794 3831 932 3914 divinus,
954 3831 989 3895 in
1007 3830 1118 3894 multis
1144 3828 1317 3895 admodum

172 3939 266 4004 libris
290 3938 548 4022 deprehenditur.
593 3939 641 4002 Ac
665 3938 703 4002 de
727 3937 799 4002 aliis
823 3937 951 4022 quidem
976 3937 1063 4002 alibi.

261 4043 311 4110 De
334 4045 434 4110 animi
459 4048 567 4110 autem
590 4044 899 4130 perturbationibus,
921 4045 1007 4129 quod
1026 4043 1196 4110 rationalis
1214 4042 1317 4107 facul·

172 4153 251 4219 tatis
273 4175 339 4217 non
362 4151 442 4236 sint,
470 4151 618 4237 superior
645 4151 775 4236 quidem
801 4151 994 4216 libertatus
1022 4149 1103 4213 mihi
1127 4151 1315 4214 consumtus

173 4263 224 4324 est
245 4259 279 4323 in
301 4258 353 4342 iis,
375 4280 457 4342 quae
480 4259 549 4343 ipse
567 4259 690 4324 invitus
708 4259 889 4340 confitetur,
911 4256 1014 4320 nihilo
1038 4255 1141 4320 secius
1166 4255 1219 4319 hic
1238 4277 1315 4339 quo-

173 4389 234 4453 que
270 4369 479 4432 consumetur
514 4366 675 4454 principio
715 4365 792 4432 hine
827 4363 975 4450 repetito.
1032 4361 1314 4429 Perturbationem
