3212 5146
599 435 839 496 -615-

144 588 263 674 ἐλέχθη
288 587 365 676 γάρ,
393 587 444 656 ὅτι
467 593 565 658 τοῦτο
591 593 631 676 δη
656 588 692 656 τὸ
721 589 930 676 καλούμενον
958 588 1022 658 ὑπὸ
1051 593 1118 658 τῶν
1146 596 1290 676 πολλῶν,

145 694 296 774 διάδοσις
316 693 499 781 δυνάμεως,
522 691 730 775 ἆλλοιιόσειός
748 697 815 764 έστι
839 695 1026 782 μετάδοσις,
1051 701 1105 766 οἵα
1129 699 1184 766 καὶ
1207 698 1289 766 κατὰ

143 800 203 870 τὸν
226 797 307 890 ἀέρα
330 808 456 887 γίνεται
480 800 562 890 πρὸς
585 805 642 889 τῆς
665 800 802 889 ἡλιακῆς
826 799 938 890 αὐγῆς.
985 801 1071 872 οὕτω
1095 808 1180 890 γοῦν
1203 805 1290 885 εἰκός

143 910 212 975 ἐστι
235 909 290 974 καὶ
313 906 350 976 τὸ
374 907 645 997 παραγινόμενον
669 913 716 988 εἰς
739 905 938 996 ὀφθαλμοὺς
965 914 1095 996 πνεῦμα
1122 909 1205 978 κατὰ
1229 910 1290 996 μὲν

142 1012 204 1102 τὴν
225 1014 362 1103 πρώτην
385 1021 551 1101 ἔμπτωσιν
575 1016 741 1083 ένοῦσθαί
760 1043 794 1083 τε
817 1019 862 1106 τῷ
885 1018 1069 1104 περιέχοντι
1093 1015 1147 1084 καὶ
1168 1024 1316 1084 συναλ-ε

141 1126 259 1190 λοιοῦν
282 1119 363 1190 αὐτὸ
388 1119 471 1208 πρὸς
494 1119 556 1207 τὴν
584 1120 733 1208 ἰδιότητα
756 1126 814 1210 τῆς
841 1122 963 1190 ἑαυτοῦ
986 1122 1133 1209 φύσεως,
1157 1119 1199 1190 οὐ
1222 1123 1289 1210 μὴν

141 1228 193 1296 ἐπὶ
216 1228 372 1297 πλεῖστόν
395 1253 431 1313 γε
455 1228 670 1296 έκτείνεσθαι.
700 1229 705 1314 l

229 1332 384 1402 Μάλιστα
423 1333 458 1400 δέ
491 1329 534 1400 ἂν
566 1340 719 1421 πεισθείη
756 1361 805 1414 τις
836 1339 935 1404 τοῦτο
968 1341 1123 1420 γίνεσθαι
1155 1335 1355 1423 pabulam

140 1438 229 1520 ὅπως
264 1438 407 1526 εὔλογόν
435 1441 525 1508 έστιν
557 1437 642 1528 ὁρᾶν
675 1439 768 1528 ἡμᾶς.
820 1439 904 1530 ἀρχὴ
939 1441 975 1509 δέ
1007 1443 1062 1510 καὶ
1096 1446 1195 1510 τοῦδε
1227 1447 1288 1512 τοῦ

140 1545 244 1632 λόγου
265 1545 395 1614 τοιάδε·
418 1545 456 1616 τὸ
480 1546 687 1634 βλεπόμενον
710 1551 804 1634 σῶμα
828 1553 927 1616 δυοῖν
945 1547 1090 1636 θάτερον
1113 1545 1133 1635 ἢ
1158 1550 1327 1636 πέμποντα

139 1681 170 1720 τι
192 1653 276 1742 πρὸς
298 1651 384 1740 ἡμᾶς
401 1650 460 1740 ἀφ’
488 1653 608 1722 ἑαυτοῦ
626 1651 691 1722 σὺν
711 1653 825 1744 ἐκείνῳ
849 1656 903 1722 καὶ
927 1653 989 1742 τὴν
1008 1659 1100 1722 ἰδίαν
1120 1657 1287 1723 ἐνδείκνυ-

139 1787 192 1827 ται
216 1759 401 1846 διάγνωσιν
424 1758 461 1846 ἥ,
492 1769 582 1846 εἴπερ
611 1755 691 1827 αὐτὸ
720 1759 827 1846 μηδέν
854 1762 987 1848 πέμπει,
1015 1762 1183 1849 περιμένει
1211 1761 1286 1830 τινὰ

138 1865 227 1954 παρὰ
250 1863 344 1953 ἡμῶν
368 1864 549 1954 ἀφικέσθαι
573 1866 720 1952 δύναμιν
742 1866 943 1962 αἰσθητικὴν
967 1865 1018 1953 ἐφ’
1046 1867 1153 1936 ἑαυτό.
1194 1867 1286 1938 πότε-

139 1998 201 2060 ρον
225 1965 287 2040 οὖν
310 1971 422 2042 αὐτῶν
446 1976 536 2042 ἐστιν
559 1971 799 2061 ἀληθέστερον,
827 1966 893 2042 ὦδε
916 1969 960 2041 ἂν
981 1972 1122 2061 μάλιστα
1144 1983 1287 2063 κριθείη.

139 2077 195 2146 διδ
218 2083 279 2148 τοῦ
301 2079 382 2148 κατὰ
405 2080 467 2168 τὴν
486 2079 591 2168 κόρην
610 2078 774 2167 τρήματος
793 2077 935 2168 δρῶμεν,
959 2078 1039 2168 ὅπερ
1063 2086 1094 2147 εἰ
1115 2083 1285 2167 περιέμενε
1301 2107 1326 2146 15

138 2185 222 2274 πρὸς
244 2185 341 2254 ἑαυτὸ
365 2188 613 2273 παραγενέσθαι
640 2185 715 2253 τινὰ
738 2201 861 2274 μοῖραν
883 2182 904 2273 ἢ
930 2185 1077 2273 δύναμιν
1100 2183 1119 2273 ἢ
1143 2191 1285 2256 εἰδωλον

138 2288 159 2379 ἢ
186 2291 344 2379 ποιότητα
370 2297 438 2362 τῶν
471 2291 562 2372 ἐκτὸς
594 2287 822 2378 ὑποκειμένων
854 2292 1031 2380 σωμάτων,
1064 2291 1125 2361 οὐκ
1153 2289 1196 2361 ἂν
1223 2298 1285 2364 τοῦ

174 2497 189 2544 3
209 2486 263 2558 πρὸ
283 2491 333 2558 τῆς
346 2492 378 2546 Δ.
395 2521 427 2529 -
449 2496 481 2544 10
500 2487 628 2559 πέμπτον
643 2505 697 2613 μου
716 2486 828 2558 πέμπον
847 2489 884 2543 Μ.
906 2521 935 2530 -
959 2496 990 2542 13
1011 2484 1061 2558 ἐφ’
1083 2485 1212 2544 inutili
1231 2485 1281 2560 ἐφ’

138 2578 192 2616 orn.
211 2561 264 2616 ΑΒ
285 2557 376 2634 ἑαυτῷ
395 2559 455 2615 sine
470 2555 520 2629 ἐφ’
537 2560 608 2614 (le
628 2579 640 2614 ε
655 2580 668 2621 ς
683 2560 727 2614 vel
746 2555 817 2628 πρὸς
832 2554 917 2616 tucci
933 2559 1028 2628 Corn.;
1047 2561 1181 2616 ο1.Ρ1011.
1196 2580 1224 2632 p.
1239 2569 1281 2616 35.

139 2663 171 2672 —
193 2639 225 2687 15
244 2627 403 2718 τρήμματος
421 2632 450 2686 Μ
468 2627 628 2701 τραύματος
646 2631 709 2686 AB.
729 2662 761 2670 -

137 2832 307 2898 damtenus
332 2853 405 2896 cum
429 2831 461 2894 ri
480 2833 513 2894 et
535 2830 602 2894 ictu
625 2830 785 2895 immissio
809 2831 856 2914 fit,
879 2830 1052 2915 augebitur
1074 2831 1282 2896 immutatio?

136 2939 269 3004 Dictum
292 2942 343 3004 est
365 2937 451 3002 enim
475 2959 557 3020 eam,
579 2957 661 3020 quae
681 2959 700 3001 a
722 2937 884 3021 plerisque
903 2937 1070 3002 facultatis
1094 2937 1281 3004 distributio

136 3050 349 3131 nuncupatur,
372 3043 609 3110 immutationis
634 3064 703 3107 esse
731 3042 983 3128 traductionem,
1011 3043 1117 3128 qualis
1147 3043 1181 3107 in
1209 3048 1281 3108 ubre

137 3153 236 3217 etiam
261 3175 280 3217 a
303 3151 403 3218 solari
426 3150 595 3235 splendore
619 3149 688 3214 fieri
712 3149 881 3235 contingit.
927 3149 980 3216 Sic
1004 3171 1082 3216 sane
1105 3149 1281 3214 verisimile

136 3265 186 3324 est
209 3260 308 3324 etiam
331 3259 494 3344 spiritum,
517 3257 572 3342 qui
592 3257 632 3321 ad
655 3256 766 3322 oculos
790 3256 902 3340 fertur,
924 3257 1031 3342 primo
1055 3257 1184 3321 meursu
1208 3279 1280 3320 cum

136 3367 298 3432 ambiente
323 3370 395 3430 abre
420 3364 572 3450 coniungi
597 3367 693 3447 atque
717 3385 790 3427 eum
814 3364 855 3428 ad
876 3367 1012 3428 naturae
1036 3385 1112 3428 suae
1136 3363 1280 3447 proprie·

136 3475 239 3536 tatem
261 3473 445 3556 immutare,
468 3493 534 3537 non
557 3477 666 3536 tumen
690 3491 786 3554 quam
810 3470 969 3534 latissime
993 3469 1130 3534 extendi.

224 3577 365 3642 Maxime
385 3581 492 3642 autem
513 3577 692 3656 adducaris,
716 3580 753 3642 ut
770 3577 833 3642 hoc
851 3576 921 3640 fieri
945 3575 1065 3658 credas,
1090 3577 1125 3658 si,
1148 3597 1213 3661 qua
1231 3599 1280 3641 ra·

135 3685 224 3750 tione
243 3685 349 3749 visum
371 3687 520 3750 nostrum
539 3685 624 3748 effici
642 3686 893 3748 consentaneum
913 3682 966 3766 sit,
984 3681 1144 3748 didiceris.
1181 3681 1279 3748 Cuius

135 3791 366 3875 disputationis
390 3791 521 3856 initium
549 3791 615 3856 tale
639 3790 716 3856 erit:
763 3788 902 3874 Corpus,
929 3789 1014 3874 quod
1038 3790 1192 3868 cernitur,
1223 3795 1280 3854 aut

135 3919 173 3962 ex
192 3920 226 3962 se
244 3897 317 3981 ipso
337 3897 377 3962 ad
395 3919 456 3964 nos
471 3897 593 3982 aliquid
612 3897 715 3961 mittit
730 3901 825 3981 utque
845 3896 941 3961 simul
961 3918 1034 3961 cum
1054 3919 1091 3960 eo
1111 3896 1278 3980 propriam

135 4003 185 4067 sui
208 4003 451 4070 distinctionem
475 4005 597 4069 indicat
620 4009 690 4086 aut,
713 4003 741 4068 si
765 4003 871 4088 ipsum
895 4003 978 4067 nihil
1002 4003 1119 4086 mittit,
1141 4001 1277 4066 faculta-

134 4113 200 4174 tem
224 4109 366 4195 aliquam
390 4133 503 4176 sensus
527 4110 722 4196 participem
746 4109 883 4175 anobis
908 4109 947 4174 ad
976 4131 1010 4174 se
1034 4109 1201 4194 pervenire
1226 4129 1277 4172 ex-

134 4219 269 4301 spectat.
305 4216 424 4282 Utrum
447 4219 554 4283 verius
579 4219 631 4302 sit,
653 4218 702 4282 ita
724 4217 929 4301 potissimum
954 4215 1180 4281 iudicabimus.
1216 4215 1278 4278 Per

133 4323 278 4406 pupillae
297 4322 445 4390 foramen
464 4325 635 4408 cernimus,
654 4324 739 4408 quod
754 4324 783 4388 si
798 4325 1007 4407 exspectaret,
1026 4322 1102 4386 dum
1117 4322 1206 4386 adse
1226 4343 1276 4386 ac·

133 4429 244 4494 cedere
267 4453 342 4514 pers
367 4431 476 4516 aliqua
503 4431 553 4496 vel
581 4430 720 4494 facultas
745 4431 795 4495 rel
819 4430 1027 4496 simulacrum
1055 4429 1106 4494 vel
1134 4428 1276 4516 qualitas
1352 4414 1360 4424 ⁸
