3300 5146
757 415 1001 478 ...300-

306 573 436 660 μοειδές
472 573 619 657 ἐναργῶς
657 573 878 640 ἐπιδείκνυται
920 571 976 639 διὰ
1013 561 1118 640 ὑνὺ
1156 569 1350 658 Χρύσιππος
1387 571 1451 660 ήδη

305 678 463 757 πολλάκις
485 687 594 765 εἴρηκε
617 677 728 764 λόγων
746 677 982 766 περιεχόμενον
1004 680 1041 746 έν
1063 682 1102 768 'l
1126 683 1258 767 καρδίᾳ,
1281 675 1375 765 ἡμεῖς
1397 680 1452 746 καί

305 787 380 873 περὶ
398 789 460 854 τοῦ
478 785 693 870 λογιζομένου
711 793 941 872 παραπλησίας
958 785 1093 865 ταύταις
1111 782 1131 873 ἦ
1151 787 1206 853 καὶ
1225 787 1454 874 σφοδροτέρας

306 900 353 961 έτι
381 899 608 980 προσθείημεν
635 887 818 973 ἀποδείξεις
844 890 928 979 ὑπὲρ
955 897 1016 960 τοῦ
1043 890 1126 960 κατὰ
1153 889 1215 978 τήν
1242 892 1391 978 κεφαλήν
1418 919 1453 960 τε

280 1001 360 1068 ὑπαί
388 999 449 1068 τὸν
476 1000 660 1085 ἐγκέφαλον
687 996 848 1086 ὑπάρχειν
875 997 973 1078 αὑτό,
1000 1006 1035 1066 τί
1055 997 1137 1066 ἄλλο
1161 993 1180 1085 ἢ
1208 997 1245 1065 τὸ
1271 998 1454 1079 Πλάτωνός

240 1121 296 1178 833
306 1135 340 1175 τε
367 1109 422 1175 καὶ
448 1104 709 1194 ΙἹπποκρὺτοος
736 1103 1013 1193 ἀποδειχθήσεται
1043 1107 1151 1193 δόγμα
1183 1101 1241 1184 τὰς
1270 1102 1454 1187 ἀποδείξει-ς

305 1213 494 1302 ἀμφοτέρας
517 1210 612 1300 ήμῶν
635 1215 845 1300 συνθέντων;

385 1319 484 1400 Ἴσως
503 1312 566 1387 οὑν
585 1318 735 1406 ἄμεινον,
759 1317 870 1407 ἐπειδὴ
891 1347 971 1387 κατα
991 1324 1089 1386 τοῦτο
1108 1323 1169 1386 τοῦ
1192 1318 1296 1406 λόγον
1314 1320 1452 1406 γεγὺνα

306 1455 382 1516 μιν,
419 1425 608 1514 ἀναμνῆσαι
640 1455 708 1495 των
740 1429 1004 1513 έπιστημονικῶν
1035 1423 1330 1510 ἀποδείξεων,ὑπ
1284 1426 1368 1513 υπέρ
1403 1419 1453 1496 civ

269 1556 293 1594 10
308 1537 359 1604 ἐπὶ
383 1536 484 1603 πλέον
508 1536 545 1602 έν
571 1538 615 1626 τῷ
639 1533 702 1662 πρὸ
727 1534 849 1602 τοὺτου
876 1531 1093 1620 διελέχθην
1076 1534 1287 1662 ὑπομνήματι
1310 1532 1350 1601 τὰ
1373 1533 1454 1662 λήμ-

307 1670 392 1731 ματα
421 1640 569 1726 δεικνύς,
598 1633 683 1721 έξ
658 1669 707 1708 ων
730 1641 773 1709 ἄν
799 1669 849 1720 τις
871 1638 1107 1722 ἀποδείξειε
1076 1668 1113 1708 το
1137 1648 1366 1728 προκείμενον.
1411 1634 1455 1728 ἦν

308 1749 343 1816 δὲ
372 1745 454 1816 αὑτὸ
484 1746 521 1816 τὸ
550 1747 733 1834 κεφάλαιον
760 1750 796 1816 έιι
822 1752 891 1816 τῶν
920 1745 1141 1836 ὑπαρχόντων
1166 1749 1221 1815 καὶ
1250 1747 1453 1836 συμβεβηκό-

306 1883 375 1924 των
394 1856 534 1946 έκατέρςο
552 1859 620 1922 τῶν
639 1855 838 1942 σπλάγχνων
856 1854 938 1923 κατὰ
956 1853 1018 1942 τήν
1033 1852 1154 1922 οὑσιάν
1172 1859 1233 1922 τοῦ
1252 1857 1455 1941 ζητουμένου

307 1963 498 2050 πράγματος
530 1961 691 2051 ἄρχεσθαι
724 1967 856 2050 χρῆναι·
891 1963 945 2030 καὶ
974 1961 1015 2050 δή
1047 1961 1088 2029 τὰ
1116 1960 1306 2049 ὑπὺρχοπὺ
1337 1988 1372 2030 τε
1399 1962 1453 2029 καὶ

272 2087 296 2127 ¹⁵
311 2075 539 2157 συμβαίνοντα
557 2066 636 2137 καθ’
662 2070 818 2157 ἑκάτερον
836 2074 906 2158 ἰδίᾳ
925 2068 1032 2137 πάντα
1052 2070 1237 2157 διήλθομεν
1255 2075 1456 2156 ἔμπροσθεν.

308 2170 351 2265 ἦν
383 2177 418 2245 δὲ
453 2179 507 2244 καί
539 2177 668 2246 τούτων
704 2176 866 2263 κεφάλαια
898 2183 1005 2243 ταυτί·
1037 2180 1170 2263 πρῶτον
1200 2177 1280 2263 μέν,
1312 2173 1357 2254 ὡς
1387 2180 1456 2243 τῶν

309 2291 470 2371 αἴσθησίν
492 2311 527 2352 τε
549 2286 603 2353 καί
627 2292 761 2373 κίνησιν
782 2283 845 2372 τὴν
864 2283 945 2352 κατὰ
968 2291 1164 2372 προαίρεσιν
1183 2283 1283 2352 ἅπασι
1301 2299 1372 2363 τοῖς
1393 2288 1455 2352 τοῦ

345 2508 463 2597 δήμοις
486 2511 517 2568 δέ
537 2513 586 2567 καί
605 2509 711 2580 ΜΑή.
731 2508 762 2565 δὲ
784 2509 811 2565 εἰ
828 2508 938 2576 BChK·
959 2511 993 2565 cf.
1013 2509 1108 2578 Progr.
1129 2509 1160 2572 ΙΙ,
1182 2515 1222 2562 18.
1242 2508 1326 2562 Proll.
1346 2527 1373 2578 p.
1395 2515 1453 2562 115.

310 2617 342 2626 κ-
367 2593 382 2638 3
402 2607 455 2638 ται
458 2606 507 2646 τας
527 2583 658 2639 MABCh
682 2579 908 2644 ταὺταιςΚ.-·
935 2589 949 2636 7
971 2581 1117 2636 συνθέτων
1137 2552 1226 2635 M.—
1257 2587 1287 2633 11
1308 2573 1455 2644 ὑποδειξει

309 2658 402 2710 Μ-
428 2649 463 2724 ήν
486 2651 514 2710 δ’
539 2650 577 2710 ἂν
599 2651 631 2710 τδ
656 2651 687 2711 τὸ
708 2656 797 2709 Μ.-
828 2661 861 2710 13
886 2648 1021 2720 έκὺτερον
1040 2653 1129 2707 Μ.-
1122 2655 1192 2707 ’16
1217 2652 1306 2705 ταῦτα
1325 2649 1454 2704 ABChK

309 2730 392 2782 ταυτί
407 2727 443 2782 Μ.
461 2758 496 2768 -

310 2861 419 2868 ——
423 2859 486 2866 -u-u-
491 2859 521 2866 ---

309 2963 330 3004 a
357 2935 543 3023 Chrysippo
572 2939 637 3002 iarn
667 2961 762 3021 saepe
790 2936 930 3020 repetita
958 2935 1046 3016 sunt,
1071 2933 1247 3017 'perspicue
1275 2931 1455 2997 ostenditur

309 3047 512 3111 iracundiam
536 3046 569 3109 in
597 3045 693 3108 corde
717 3043 888 3126 contineri,
920 3043 966 3106 sic
992 3063 1052 3105 nos
1081 3062 1207 3124 quoque
1236 3038 1358 3103 similes
1387 3039 1454 3104 illis

310 3157 361 3219 vel
384 3155 485 3218 etiam
508 3154 666 3216 firmiores
690 3152 900 3235 probationes
925 3147 1143 3230 attulerimus,
1171 3145 1287 3230 quibus
1311 3145 1454 3210 rationa-

309 3264 374 3326 lem
398 3263 525 3344 partem
552 3259 587 3322 in
611 3259 717 3341 capite
745 3261 777 3321 et
801 3258 932 3321 cerebro
961 3254 1154 3320 collocatam
1178 3275 1249 3316 esse
1273 3252 1454 3334 doceamus,

310 3368 387 3453 quid
406 3367 493 3431 aliud
512 3364 576 3430 nisi
591 3364 738 3429 Platonis
758 3369 790 3428 et
805 3364 1017 3447 Hippocratis
1036 3362 1199 3424 decretum
1220 3359 1454 3423 demonstrabi-

312 3479 365 3539 tur
387 3475 523 3558 utraquc
547 3472 823 3535 demonstratione
847 3494 867 3534 a
889 3469 983 3534 nobis
1003 3469 1196 3533 coniuncta?

399 3581 551 3644 Praestat
578 3579 678 3663 igitur
704 3579 857 3660 fortasse,
884 3575 1142 3661 quandoquidem
1166 3574 1199 3638 in
1226 3573 1311 3638 hunc
1335 3595 1454 3638 sermo-

310 3712 384 3754 nem
409 3689 594 3768 incidimus,
617 3707 869 3750 commemorare
893 3681 1185 3748 demonstrationes
1209 3681 1388 3765 elegantes,
1415 3681 1484 3743 de·

311 3796 428 3879 quibus
452 3795 484 3857 in
510 3794 676 3876 superiore
699 3794 783 3858 libro
807 3791 912 3855 fusius
935 3790 1155 3872 disseruimus,
1179 3810 1252 3852 cum
1275 3787 1454 3852 sumtiones

312 3902 492 3982 docuimus,
516 3923 536 3964 a
559 3901 675 3984 quibus
699 3901 767 3983 peti
790 3901 902 3983 posset
925 3897 1077 3980 cuiusque
1100 3896 1148 3960 rei
1171 3895 1358 3979 propositae
1381 3915 1454 3978 pro·

311 4007 412 4074 bati0.
463 4006 597 4072 Summa
624 4007 705 4072 haec
733 4009 816 4090 erat,
844 4006 885 4070 ab
913 4006 968 4088 iis,
996 4026 1078 4089 quae
1106 4003 1250 4068 inessent
1277 4005 1310 4066 et
1333 4001 1454 4066 accide-

311 4119 385 4180 rent
417 4115 543 4198 utrique
576 4115 709 4196 visceri,
741 4114 916 4179 secundum
949 4112 996 4176 rei
1031 4112 1197 4196 quaesitae
1223 4112 1375 4173 naturam
1407 4108 1454 4172 iu-

312 4223 377 4306 cipi
414 4226 576 4306 oportere,
618 4245 699 4305 quae
735 4242 812 4285 vero
844 4219 972 4303 utrique
1009 4217 1217 4303 singulariter
1248 4216 1392 4281 inessent
1423 4219 1456 4278 et

312 4329 503 4412 acciderent,
526 4328 635 4393 omnia
659 4332 755 4393 antea
777 4347 1036 4409 exposueramus.
1076 4324 1220 4400 Quorum
1244 4322 1353 4406 capita
1375 4321 1455 4385 haec

314 4438 418 4520 erant,
446 4435 603 4521 primum,
637 4435 721 4500 sicut
748 4433 941 4499 arteriarum
969 4453 1037 4515 cor,
1067 4431 1115 4496 ita
1142 4431 1309 4496 cerebrum
1337 4428 1455 4493 instru-
