3228 5148
600 403 820 468 497.-

134 563 282 648 aliquam
305 563 372 628 vim
395 562 555 647 probandi
579 585 595 627 a
615 561 793 648 Chrysippi
817 563 978 628 sententia
1000 564 1109 630 habet.
1142 561 1284 650 Scriptu-

133 691 207 734 ram
229 663 314 734 αὐτό
337 673 471 754 propter
492 665 537 734 τὰ
560 664 642 734 κατὰ
665 693 692 736 τ.
716 668 740 734 ἐ.
763 693 798 753 φ.
820 673 933 735 natam
957 693 1026 736 esse
1052 677 1201 756 apertum
1225 677 1283 738 est.

133 775 171 841 Ρ.
194 775 262 842 390
289 776 370 840 med.
399 776 605 842 scribendum
631 776 695 840 fuit
722 769 756 862 (δ
787 772 1030 863 Ποσειδώνιος)
1062 771 1191 863 ᾐδέσθη
1223 776 1286 864 τήν

132 905 168 947 τε
196 879 280 966 πρὸς
308 877 349 947 τὰ
379 884 493 965 σαφῶς
521 878 710 967 φαινόμενα
739 879 849 966 μάχην
879 879 933 946 καὶ
962 878 1026 966 τὴν
1053 877 1176 950 αὐτοῦ
1202 881 1285 971 πρὸς

134 984 241 1054 αὑτὸν
264 987 517 1071 ε’ναντιολογίαν
539 989 600 1052 τοῦ
618 991 831 1074 Χρυσίππου,
853 985 1000 1073 νοητὴν
1018 983 1144 1074 αὐτὴν
1161 1014 1190 1056 κ.
1203 1015 1230 1056 τ.
1245 996 1284 1073 λ.,

133 1093 408 1180 quemadmodum
430 1095 466 1160 in
488 1096 577 1160 codd.
602 1097 635 1159 et
653 1094 721 1158 edd.
740 1096 898 1178 seriptum
922 1099 984 1182 est;
1012 1119 1042 1182 p.
1065 1097 1132 1160 414
1159 1121 1190 1181 p.
1212 1097 1283 1162 init

133 1225 201 1268 non
223 1199 278 1266 καὶ
296 1197 342 1286 μὴ
361 1212 494 1286 κρατεῖν
513 1199 634 1267 ἑαυτοῦ
656 1199 880 1284 νικωμένου
903 1195 968 1266 ὑπὸ
983 1202 1051 1266 τῶν
1068 1203 1205 1286 παθῶν,
1228 1203 1285 1270 sed

135 1305 373 1394 vrxoipevov3
401 1331 431 1392 p.
454 1308 519 1373 438
547 1311 624 1392 post
651 1307 732 1371 med.
755 1329 821 1372 non
845 1303 942 1372 ‘nard
969 1303 1030 1374 τὸν
1058 1302 1178 1374 αὐτόν’
1202 1313 1288 1394 φησί

135 1411 278 1499 ’τρόπον
307 1409 505 1498 ἀνάλογόν
536 1437 611 1479 τινα
638 1413 718 1478 πᾶσι
746 1409 877 1490 τούτοις
907 1412 963 1480 καλ
986 1413 1024 1479 ἐν
1051 1417 1139 1502 ψυχῇ
1167 1416 1283 1503 λογικῇ

135 1523 347 1602 συνίσταται,
371 1521 428 1586 sed
450 1513 626 1603 ἀνάλογα
649 1543 737 1606 τινα;
761 1544 791 1605 p.
815 1521 880 1586 506
903 1517 1034 1587 insnon
1052 1520 1144 1600 ἔδοξε
1166 1523 1285 1607 χρῆναι

133 1623 198 1711 τὴν
219 1623 343 1692 τούτου
366 1625 554 1712 προτέραν
582 1623 685 1705 δόξαν
712 1624 995 1710 ἐπισκεψομένους
1022 1623 1129 1705 οὕτως
1151 1626 1285 1714 ἐπανέρ-

133 1739 254 1817 χεσθαι
276 1730 379 1798 πάλιν
401 1730 452 1798 ἐπὶ
479 1729 517 1798 τὸ
545 1735 766 1818 προκείμενον
789 1732 822 1812 ἐξ
849 1727 967 1819 ἀρχῆς,
995 1733 1050 1798 sed
1077 1729 1284 1819 πρότερονι

135 1839 328 1924 ‘antequam
352 1840 393 1904 ad
414 1840 619 1925 propositam
643 1840 841 1926 aprinoipio
865 1840 1088 1927 quaestionem
1110 1845 1284 1907 revertere·

135 1969 222 2030 mur,
250 1943 427 2032 Chrysippi
455 1947 650 2012 sententiam
678 1947 713 2010 in
740 1945 895 2011 iudicium
919 1947 1098 2014 vocandam
1121 1947 1285 2013 existima·

135 2051 264 2118 vimus?
308 2053 343 2118 P.
362 2052 428 2118 545
450 2077 482 2138 p.
505 2054 548 2118 in.
572 2047 760 2136 ἐπιτήδειόν
783 2051 1185 2130 {naturamnaturaim
1208 2058 1285 2138 φλε-

135 2159 210 2242 βῶν
241 2153 409 2243 ἆνατομίς
440 2153 524 2244 ἀρχὴ
555 2159 600 2247 τῷ
633 2155 721 2247 λόγῳ
753 2158 911 2243 γενέσθαι
943 2156 980 2226 τὸ
1012 2148 1100 2246 ἧπαρ
1133 2160 1222 2227 codd.
1255 2165 1288 2224 et

136 2265 206 2330 edd.
234 2264 357 2330 habent
386 2265 544 2349 seriptum
574 2269 670 2350 atque
700 2266 833 2350 insuper
861 2267 969 2332 looum
998 2269 1105 2332 totum
1134 2289 1287 2351 perversa

135 2370 410 2455 interpunctione,
440 2376 477 2436 ut
504 2371 625 2436 multos
650 2371 745 2456 alios,
768 2395 900 2456 prorsus
924 2372 1187 2438 obscuravenmt.
1232 2371 1286 2438 An

136 2475 314 2563 quidquam
346 2477 418 2542 sani
449 2477 555 2543 inesse
592 2478 719 2543 videtur
755 2478 827 2544 loeo
865 2501 885 2543 a
918 2477 1069 2544 Kuehnio
1106 2480 1152 2544 sie
1188 2479 1285 2544 inter·

136 2589 272 2670 puncto:
291 2587 326 2648 τί
341 2578 403 2650 οὐκ
422 2577 528 2648 αὐτοῦ
545 2580 666 2649 τούτου
683 2581 817 2669 πρώτου
832 2573 873 2650 οὗ
891 2583 1047 2668 λέγουσιν
1065 2582 1285 2663 &arnapam

136 2687 200 2775 τὴν
224 2693 350 2774 αἰτίαν,
376 2685 564 2775 ἐπιτήδειόν
587 2689 677 2756 ἐστιν
699 2692 746 2768 είς
769 2693 989 2756 διδασκαλίαν
1011 2693 1146 2776 φλεβῶν
1168 2686 1287 2759 ἄνατο-

135 2800 201 2884 μῆς
224 2792 308 2882 ἀρχὴ
331 2799 377 2885 τῷ
402 2794 490 2885 λόγῳ
509 2793 667 2880 γενέσθαι
685 2792 722 2861 τὸ
742 2785 829 2882 ἧπαρ
851 2791 1017 2879 ἀναιτίως,
1040 2787 1066 2863 ai
1086 2795 1286 2887 σοφτότατοις

138 2897 159 2988 ἢ
175 2900 225 2970 ὅτι
240 2901 372 2980 πάντας
385 2905 424 2990 τῇ
439 2899 539 2987 φύσει
549 2908 746 2986 πλεονεκτεῖ,
759 2901 814 2968 καὶ
829 2899 911 2990 πρὸς
924 2927 987 2988 την
1000 2905 1057 2988 τῆς
1071 2906 1287 2983 διδασκαλίας

137 3005 245 3097 ἀρχὴν
268 3007 533 3096 ἐπιτηδειότερόν
557 3008 641 3091 ἐστι,
668 3013 718 3086 τίς
740 3003 760 3094 ἡ
788 3008 960 3088 πλεονεξία
986 3011 1119 3094 ζητῆσαι
1143 3012 1286 3094 δίκαιον,

138 3111 200 3182 οὐκ
231 3111 341 3202 ἀργῶς
373 3111 452 3182 οὐδὲ
488 3112 651 3204 ῥᾳθύμως
682 3111 890 3201 ὑπερβῆναιῖ
943 3117 1235 3202 Reprehenduntur
1267 3142 1287 3184 a

138 3225 264 3290 Galeno
291 3224 330 3308 ii,
362 3223 417 3308 qui
445 3245 518 3288 oum
546 3245 566 3288 a
597 3223 703 3288 iecore
731 3224 896 3288 fateantur
923 3223 1128 3288 commodum
1155 3223 1286 3290 initium

137 3333 305 3400 doetrinae
328 3331 367 3395 de
392 3329 481 3396 venis
505 3329 722 3396 instituendae
746 3329 844 3414 sumi,
865 3333 977 3394 tamen
994 3330 1082 3395 ieeur
1104 3351 1174 3394 esse
1197 3332 1285 3414 priu-

137 3441 261 3524 oipium
283 3438 431 3504 naturale
455 3459 564 3502 earum
587 3441 723 3524 negant,
750 3435 943 3521 praesertim
970 3436 998 3499 si
1020 3436 1084 3521 ipsi
1108 3437 1286 3502 concedant

137 3568 205 3610 non
227 3545 324 3610 modo
347 3544 431 3609 nihil
453 3533 489 3609 in
511 3567 620 3612 rerum
641 3546 760 3609 natura
782 3541 851 3607 sine
874 3564 973 3610 eausa
995 3542 1065 3606 fieri
1088 3542 1139 3606 vel
1161 3543 1286 3610 fautum

138 3673 224 3736 esse,
253 3650 309 3716 sed
336 3649 435 3716 etiam
463 3673 595 3716 oausam
617 3651 724 3735 ipsam
747 3648 909 3734 explorari
935 3670 1041 3733 posse.
1087 3647 1211 3725 Quodsi
1237 3650 1286 3716 ita

138 3765 203 3842 est,
226 3757 334 3842 inquit
356 3755 513 3840 Galenus,
542 3756 669 3843 ‘quidni
691 3757 833 3842 primum
856 3755 1001 3822 omnium
1024 3777 1156 3822 eausam
1179 3759 1287 3844 explo-

137 3869 294 3931 raverunt
316 3864 385 3928 eius
408 3862 511 3946 ipsius
534 3863 727 3946 sententiae,
750 3885 847 3947 quam
870 3862 984 3928 inore
1007 3863 1143 3948 habant,
1170 3887 1284 3930 eonve-

136 3973 232 4038 niens
252 3993 322 4034 esse
340 3970 381 4034 ad
399 3967 576 4036 docendam
594 3991 749 4034 venarum
769 3969 969 4035 anatomiam
986 3969 1183 4056 principium
1197 3971 1287 4036 ieeur
1347 4030 1354 4046 ,

139 4077 360 4146 constituere?
411 4075 529 4141 Utrum
559 4075 629 4140 sine
658 4099 769 4158 eausa,
802 4097 844 4140 an
874 4075 964 4141 iocur
995 4077 1071 4161 quia
1101 4077 1286 4141 naturalem

138 4184 303 4270 quandam
326 4183 537 4249 eminentiam
556 4183 670 4266 habet,
692 4181 812 4247 idcirco
832 4182 931 4249 etiam
950 4183 992 4247 ad
1010 4181 1175 4248 doctrinae
1197 4183 1284 4265 prin·

138 4291 263 4376 oipium
290 4290 532 4356 convenientius
561 4289 631 4354 est?
677 4287 766 4365 Quae
793 4288 895 4375 igitur
926 4286 1102 4353 eminentia
1134 4288 1202 4352 eius
1232 4288 1286 4374 sit,

138 4399 358 4485 quaerendum
383 4396 451 4462 est?
495 4397 609 4480 Itaque
635 4396 726 4460 loeus
754 4395 800 4460 sie
828 4393 1045 4460 restituendus
1071 4392 1149 4479 fuit,
1176 4417 1284 4480 quem·

194 4521 275 4562 Galenl
290 4521 317 4561 de
331 4521 391 4561 Plan.
406 4521 462 4561 Plnt.
476 4523 499 4560 ei
512 4520 620 4568 Hippoor.
634 4519 692 4558 libri.
1056 4521 1071 4574 ρ
