3300 5146
647 393 894 457 -271-

238 545 386 636 ’ἐξάγαγ
413 549 445 629 ἐξ
471 546 608 633 ἄντροιο
632 545 791 635 ὀιόμενον
813 549 1010 616 θανέεσθαι.

238 651 299 735 ‘dir
321 652 416 742 ἔφατ’
443 655 480 722 ἐν
501 653 661 741 στήθεσσι
684 654 938 742 καθαπτόμενος
960 659 1062 740 φίλον
1084 644 1187 739 ἦτορ.’

193 766 224 830 εί
249 759 294 849 μή
327 765 443 848 σαφεῖς
475 762 512 829 ἐν
537 759 670 842 τούτοις
688 759 833 850 Ὅμηρος
865 762 1062 847 ἐκδιηγεῖται
1090 757 1201 846 μάχην
1227 761 1345 845 θυμοῦ

193 866 277 955 πρὸς
294 865 457 955 λογισμὸν
476 869 514 936 ἐν
531 865 631 956 ἀνδρὶ
650 875 805 960 φρονίμῳ
823 869 879 936 καὶ
893 874 993 954 νίκην
1006 865 1074 962 μὲν
1091 867 1153 932 τοῦ
1170 867 1345 952 λογισμοῦ,

193 978 255 1042 τοῦ
276 977 392 1062 θυμοῦ
420 974 457 1042 δὲ
482 973 675 1044 εὐπείθειαν
700 974 784 1062 πρὸς
806 971 926 1060 αὐτόν,
954 971 1034 1044 οὐδὲ
1062 969 1144 1040 ἀλλο
1172 967 1274 1040 οὐδὲν
1301 969 1372 1038 ἀνε

193 1107 243 1160 τις
274 1079 356 1168 ήμῑν
387 1081 611 1170 συγχωρήσειε
647 1082 838 1170 μανθάνειν
873 1086 935 1151 τοῦ
971 1083 1121 1167 ποιητοῦ.
1180 1081 1249 1146 τάν
1281 1077 1345 1166 γὰρ

195 1186 300 1267 οὕτως
332 1189 480 1275 ἐναργῶς
510 1191 702 1277 λεγομένων
734 1193 781 1268 είς
812 1186 1019 1276 ἀμφιβολίαν
1056 1184 1231 1274 ἀχθέντων
1266 1181 1345 1254 οὐδὲ

194 1309 264 1374 τοῖς
287 1293 400 1374 ἀλλοις
423 1291 466 1364 ἀν
494 1301 562 1383 ἔχοι
586 1323 636 1376 τις
659 1294 678 1364 d
699 1323 731 1364 τι
754 1294 923 1384 χρήσαιτο.
966 1293 1026 1374 τάς
1052 1292 1117 1381 γάρ
1138 1297 1347 1380 θεραπαίνας

195 1399 452 1490 ἁμαρτανούσας
484 1399 575 1490 ὁρῶν
600 1400 776 1483 Ὀδυσσεὺς
807 1400 873 1472 ὑπὸ
901 1401 963 1490 μὲν
995 1405 1056 1469 τοῦ
1082 1403 1198 1487 θυμοῦ
1229 1404 1347 1486 βιαίως

196 1512 320 1577 εἵλκετο
352 1507 435 1597 πρὸς
465 1508 528 1596 τήν
559 1517 723 1598 τιμωρίαν
754 1507 886 1596 αὐτῶν,
922 1507 988 1578 ὑπὸ
1021 1507 1058 1575 θλ
1089 1511 1152 1576 τοῦ
1183 1509 1346 1594 λογισμοῦ
1361 1529 1386 1568 10

199 1621 363 1703 κατείχετο
386 1614 449 1703 τήν
472 1614 629 1705 ἀκαιρίαν
653 1616 918 1698 ἐκδιδάσκοντος.
959 1613 1088 1696 insidi
1112 1610 1174 1682 cdx
1196 1609 1344 1700 ήδύνατο
1452 1669 1455 1676 .

196 1723 319 1812 ῥᾳδίως
351 1730 483 1792 πείθειν
514 1721 532 1793 ὁ
566 1723 726 1811 λογισμὸς
756 1723 817 1792 τὸν
847 1722 963 1812 θυμὸν
994 1719 1252 1813 ἀναΙβάλλεσθαι
1283 1718 1413 1807 τήνελλα

198 1835 361 1917 τιμωρίαν
380 1835 427 1909 είς
446 1831 710 1918 ἐστιτηὸειθτερον
728 1831 859 1920 καιρόν,
883 1829 1114 1919 σφοδρότερον
1136 1825 1225 1920 αὐτῷ
1244 1847 1347 1916 προσ-

196 1937 347 2023 φέρεται,
388 1936 542 2025 καθάπερ
583 1941 686 2006 ἵππον
732 1937 958 2026 ἐκφερόμενον
999 1935 1135 2024 ἡνίοχος
1175 1933 1346 2004 ἀντισπὸν

196 2049 313 2129 βιαίως
335 2047 459 2136 ἰσχυρῷ
483 2047 623 2137 χαλινῷ,
650 2045 705 2112 καὶ
729 2043 771 2132 δή
795 2046 851 2113 καὶ
873 2043 977 2114 ταῦτά
1000 2064 1083 2131 φησι
1106 2042 1189 2132 πρὸς
1209 2042 1333 2116 ,ἑαυτόν
1361 2063 1386 2104 1⁵

197 2151 356 2239 ‘napta'pac
383 2149 466 2219 κατὰ
493 2149 531 2219 τὸ
560 2150 685 2239 παρόν,
718 2144 744 2219 ci
777 2150 1008 2246 γενναιοτάτη
1023 2155 1159 2238 καρδία,
1193 2150 1345 2238 καθάπερ

199 2289 408 2296 --u-——a-

236 2341 356 2416 ldficy'
320 2341 420 2418 γάγετ
444 2342 497 2400 άντ
483 2347 668 2416 τιροοΙι.-
691 2355 707 2402 2
733 2343 836 2434 ἔφαν’
860 2347 955 2402 Μ.-
980 2353 997 2402 4
1021 2342 1052 2401 ἒν
1077 2339 1180 2432 ἀνδρί
1184 2345 1205 2399 L
1232 2341 1264 2400 ἐν
1289 2363 1343 2401 om.

197 2417 720 2503 MABchK·ef.Pro11p.1or.-
745 2415 992 2474 tdvomL-
1017 2411 1345 2504 6σνγχωρήσειίκμαν

196 2484 302 2544 θάνειν
324 2460 457 2544 Minor
486 2437 691 2559 συγχωρήσεων
717 2485 777 2560 λαμ.
801 2489 826 2544 Κ
850 2485 1037 2580 συγχωρήσειε
1067 2483 1229 2560 μανθάνειν
1251 2488 1286 2552 L;
1310 2487 1345 2542 ci.

197 2560 280 2615 Proll
304 2579 331 2631 p
357 2567 456 2616 63.-
487 2560 710 2647 λφαινομὲνων
719 2578 783 2646 pro
805 2559 1083 2688 λεχομενωνῐμ-
1047 2558 1270 2628 -λεχθίντων
1293 2575 1345 2644 pro

197 2626 446 2757 {giz'ffi—
468 2626 639 2689 adreh-
603 2627 747 2702 -8γάρ
766 2649 820 2748 orm
943 2625 1202 2702 cteovn’u-
1167 2636 1255 2684 -15
1274 2625 1346 2699 πρὸς

216 2833 306 2840 —-·--.

288 2903 426 2988 durasti,
450 2925 489 2967 ex
514 2903 600 2968 antri
624 2903 725 2970 donee
747 2908 780 2968 te
803 2903 916 2968 limine
939 2903 1079 2988 prudens

288 3011 461 3077 consilium
484 3011 618 3095 eripuit,
642 3033 715 3076 oum
738 3011 805 3076 iam
828 3009 992 3076 interiisse
1016 3013 1156 3094 putares.

289 3115 342 3182 Sic
366 3118 414 3181 ait
435 3117 489 3182 his
512 3139 568 3184 cor
591 3116 757 3204 castigans
781 3117 840 3182 sub
863 3120 995 3200 pectore
1018 3114 1137 3182 dictis?

199 3223 259 3288 His
290 3224 437 3288 versibus
464 3225 529 3289 nisi
556 3225 714 3289 Homerus
742 3223 879 3290 rationis
908 3227 941 3288 et
968 3223 1154 3289 iracundiae
1182 3226 1346 3288 certamen

200 3333 234 3396 in
265 3332 336 3396 viro
368 3331 526 3415 prudente
559 3335 670 3416 aperte
703 3331 845 3415 explicat
876 3331 1077 3415 rationisque
1110 3330 1282 3396 victoriam
1314 3333 1347 3392 et

201 3438 336 3504 alteriue
360 3438 610 3522 oboedientiam,
632 3438 716 3503 nihil
739 3438 886 3522 profecto
911 3437 999 3502 eliud
1023 3438 1100 3520 erit,
1123 3436 1209 3520 quod
1232 3437 1304 3520 quis
1329 3459 1345 3500 e

199 3549 297 3630 poeta
314 3544 410 3610 nobis
429 3545 551 3610 discere
566 3547 729 3612 concedat.
761 3545 847 3612 Nam
866 3545 894 3609 si
913 3549 983 3609 tam
1002 3547 1115 3628 aperta
1132 3543 1167 3608 in
1186 3543 1345 3628 ambigui-

201 3657 302 3718 tatem
326 3652 513 3736 trahmrtur,
541 3675 582 3717 ne
607 3652 681 3718 aliis
699 3653 828 3738 quidem
852 3651 1013 3737 quomodo
1040 3653 1152 3714 utatur
1174 3649 1346 3736 quisquam

199 3759 343 3825 habebit.
383 3757 549 3824 Nimirum
571 3758 698 3844 flagitia
721 3760 913 3825 ancillarum
936 3759 1047 3824 Ulixes
1072 3757 1184 3822 videns
1208 3779 1280 3822 cum
1304 3757 1345 3820 ab

200 3867 369 3932 iracundia
392 3867 433 3931 ad
459 3866 639 3950 puniendas
668 3888 723 3932 eas
750 3867 910 3932 violenter
931 3864 1130 3948 traheretur,
1159 3863 1245 3929 ratio
1273 3885 1346 3928 eum

201 3973 248 4038 rei
280 3974 528 4058 importunitate
560 3973 784 4039 demonstrata
815 3972 998 4039 cohibebat.
1049 3971 1210 4048 Quoniam
1238 3974 1347 4035 autern

201 4103 240 4145 ea
261 4102 327 4146 non
349 4081 446 4146 facile
469 4083 599 4165 poterat
617 4080 817 4146 iracundiam
841 4101 1029 4164 permovere
1052 4077 1094 4142 ed
1112 4077 1288 4144 vindictam
1312 4077 1347 4142 in

200 4193 330 4272 tempus
362 4188 467 4274 magis
506 4193 726 4272 opportunum
763 4186 986 4270 differendam,
1018 4185 1241 4250 vehementius
1274 4206 1346 4248 eam

202 4294 351 4379 corripit,
389 4295 659 4381 quemadmodum
697 4315 815 4378 equum
852 4294 1043 4360 effrenatum
1076 4315 1186 4358 sessor
1219 4291 1345 4356 validus

201 4402 322 4467 iniecto
354 4402 445 4468 freno
474 4404 633 4469 violenter
656 4401 809 4484 retrahit,
840 4405 936 4486 atque
963 4400 1044 4465 haec
1072 4423 1195 4466 secum:
1236 4397 1345 4463 ‘dura’
