3376 5144
644 312 885 376 -825-

164 469 297 558 αὐτὴν
321 470 468 558 δύναμιν
492 469 542 538 ἑνὶ
565 468 674 562 χρόνῳ
698 469 780 558 πρὸς
809 469 845 536 ἔν
867 496 898 536 τι
926 472 1060 557 πρᾶγμα
1088 471 1133 556 ’μη
1166 473 1337 538 δύνασθαι

165 577 351 650 τάναντία
383 593 493 648 ποιεῖν
525 573 545 665 ἢ
577 575 731 665 πάσχειν,
770 573 849 645 οὐδὲ
886 579 985 645 τοῦτο
1018 575 1254 664 ἐννοήσαυτες,
1287 577 1338 647 ὅτι

164 686 219 756 τὸ
261 685 324 775 μὲν
355 699 464 756 ποιεῖν
492 686 543 754 ἐπὶ
570 687 629 772 τῆς
657 683 831 773 δυνάμεως
861 680 997 752 ἀκούειν
1034 685 1186 773 ἐγχωρεῖ,
1212 682 1250 753 τὸ
1279 687 1339 752 πά-

167 815 282 882 σχειν
306 792 343 861 δὲ
366 789 428 862 οὐκ
451 794 596 881 ἐγχωρεῖ.
649 790 732 860 κατὰ
763 791 827 879 γὰρ
859 789 896 860 τὸ
934 794 1019 878 δρᾶν
1056 787 1074 860 ό
1109 790 1253 860 Πλάτων
1285 788 1337 862 ἀεὶ

168 907 342 988 φαίνεται
371 901 408 970 τὸ
436 903 495 988 τῆς
523 899 696 989 δυνάμεως
723 895 831 986 ὄνομα
858 897 1144 988 προσφερόμενος,
1180 895 1222 968 οὐ
1249 899 1364 968 κατάῡ

168 1007 224 1077 τὸ
249 1008 401 1095 πάσχειν.
445 1009 585 1077 ἕκαστον
607 1008 672 1095 γὰρ
698 1009 767 1076 τῶν
794 1003 904 1074 ὄντων
934 1009 1021 1095 δρᾶν
1049 1007 1111 1094 μέν
1132 1033 1164 1074 τι
1193 1008 1334 1076 δύναται

174 1111 271 1184 καθ’
297 1111 341 1203 ἣν
364 1120 430 1203 ἔχει
454 1114 618 1204 δύναμιν,
647 1111 688 1184 οὐ
716 1111 783 1203 μὴν
810 1113 865 1181 καὶ
893 1112 1033 1201 πάσχειν
1065 1125 1147 1182 κατὰ
1180 1113 1338 1202 δύναμιν,

177 1220 275 1292 ἀλλὰ
312 1219 395 1290 κατὰ
431 1217 612 1291 ἀσθένειαν
648 1225 792 1309 μᾶλλον,
828 1219 882 1291 ὅτε
920 1222 1136 1311 ἰσχυρότερον
1169 1218 1274 1291 αὐτοῦ
1300 1221 1338 1290 τὸ

181 1328 426 1418 συντυγχάνον
447 1326 597 1417 ὑπάρχει.
642 1329 697 1396 καὶ
724 1330 896 1416 πρόδηλον
920 1327 957 1396 δὲ
981 1329 1013 1409 ἐξ
1037 1326 1119 1397 ὅλου
1146 1333 1207 1398 τοῦ
1234 1329 1339 1415 λόγου

178 1437 319 1524 γέγονε,
342 1435 462 1505 καθότι
486 1463 543 1524 μοι
566 1436 729 1504 δέδεικται
752 1436 807 1503 καὶ
832 1439 888 1503 δια
910 1438 1011 1522 τῆσδε
1029 1438 1087 1521 τῆς
1104 1443 1339 1525 πραγματείας,
1354 1457 1380 1494 1⁰

183 1545 229 1612 ἐν
250 1534 272 1632 ᾗ
295 1544 370 1631 περὶ
393 1547 461 1612 τῶν
483 1546 541 1630 τῆς
563 1547 670 1630 ψυχῆς
693 1546 794 1611 εἰδῶν
822 1539 1054 1630 ἐμνημόνευσα
1082 1541 1165 1611 κατὰ
1192 1540 1255 1630 τὴν
1277 1546 1339 1612 τοῦ

184 1647 375 1728 Πλάτωνος
407 1652 533 1736 χνοὸσιν
570 1647 631 1716 τὸν
668 1647 771 1734 λόγον
807 1648 1024 1735 ποιούμενος,
1060 1652 1098 1717 ἓν
1135 1648 1197 1736 μὲν
1229 1651 1339 1736 λέγειν

186 1751 311 1841 αὐτόν,
335 1753 354 1824 ό
376 1784 407 1824 τι
430 1779 491 1844 περ
515 1751 559 1822 tv
581 1746 846 1845 ὑποκείμενονῇ
869 1755 951 1824 κατὰ
974 1755 1037 1844 τὴν
1061 1755 1194 1843 ζήτησιν
1220 1752 1341 1825 οὐσίαν

188 1865 284 1930 ἰδίαν
325 1867 402 1950 ἔχον
443 1857 463 1949 ἢ
505 1859 725 1949 συμβεβηκός,
768 1859 888 1931 οὐσίαν
926 1865 979 1948 δέ,
1015 1861 1087 1951 ἥτις
1122 1862 1168 1952 μὴ
1201 1863 1341 1934 δύναται

188 1965 350 2037 τάναυτία
381 1969 456 2056 περὶ
488 1965 525 2037 τὸ
554 1964 637 2037 αὐτὸ
665 1966 748 2036 κατὰ
779 1967 841 2037 τὸν
872 1967 978 2039 αὐτὸν
1004 1970 1131 2059 χρόνον
1158 1968 1226 2059 άμα
1254 1975 1341 2060 δρᾶν
1357 1991 1381 2029 1⁵

187 2076 302 2144 τεκαὶ
325 2074 465 2163 πάσχειν
488 2129 619 2144 .....
665 2071 748 2143 ἀλλὰ
779 2076 834 2142 καὶ
866 2076 903 2144 τὸ
932 2081 991 2164 τῆς
1014 2079 1207 2166 διαιρέσεως
1229 2078 1339 2166 ὄνομα

227 2245 355 2294 2ποιεῖν
381 2232 398 2307 ἢ
418 2234 564 2308 πράττειν,
588 2237 637 2292 sed
659 2238 689 2292 in
712 2237 837 2308 margine
862 2237 922 2291 ead.
948 2255 1020 2292 man.
1044 2257 1086 2306 χρ.
1110 2233 1229 2308 πάσχειν
1247 2239 1285 2294 M.
1304 2271 1338 2279 —

192 2309 259 2365 tol
279 2327 333 2366 om.
353 2310 389 2366 Μ.
413 2341 448 2350 -
472 2315 486 2363 7
511 2303 634 2379 δύναμιν
653 2303 810 2397 ἦχοάριενος
837 2303 872 2362 ου’
892 2308 971 2363 codd.
992 2308 1054 2364 edd.
1078 2302 1235 2379 ἡγοόμενος
1259 2311 1339 2365 eieci·

191 2401 266 2447 mum
286 2381 319 2436 of.
339 2381 423 2436 Proll.
442 2399 469 2451 p.
491 2387 549 2435 118.
575 2412 606 2420 -
631 2386 647 2436 8
666 2384 736 2434 cllo
755 2379 804 2434 καὶ
823 2375 895 2433 κατὰ
914 2381 995 2435 codd.
1015 2379 1077 2434 edd.
1096 2381 1145 2434 aul
1163 2381 1339 2448 sustulimus;

191 2452 227 2510 cf.
245 2453 330 2507 Proll.
371 2497 377 2508 .
398 2459 457 2506 112.
481 2483 514 2491 -
538 2445 686 2522 θότάρχχ
706 2449 847 2506 MABch.
873 2482 904 2491 -
930 2458 963 2507 10
981 2446 1055 2506 καθ’
1076 2443 1119 2506 ότι
1138 2451 1280 2508 MABCh.
1306 2484 1339 2493 —

193 2531 225 2579 13
245 2519 334 2578 αότδν
389 2526 412 2577 A
431 2518 526 2577 αὐτῶν
544 2523 566 2577 Β
585 2517 656 2577 αὐτὸ
672 2521 713 2577 Ch
722 2522 754 2577 K.
773 2553 803 2562 -
826 2529 858 2576 14
877 2517 960 2578 οόσία
979 2522 1058 2578 codd.
1079 2521 1141 2577 edd.
1161 2517 1262 2580 οάσίαν
1281 2539 1339 2580 uos.

191 2603 289 2722 bilta&
308 2598 381 2720 χρχρ]
391 2589 510 2706 πάσχειν
542 2593 670 2650 nonnihil
689 2594 824 2648 excidisse
842 2593 962 2652 videtur.
988 2625 1020 2636 -
1047 2589 1096 2649 διὰ
1118 2589 1150 2650 τὸ
1177 2595 1256 2674 codd.
1276 2595 1338 2696 edd.

191 2831 326 2896 candem
362 2829 553 2894 facultatem
585 2851 649 2894 uno
692 2829 866 2914 eodemque
904 2835 1050 2915 tempore
1093 2829 1134 2895 ad
1168 2853 1268 2896 unam
1310 2835 1343 2896 et

191 2938 327 3003 eandem
349 2958 418 3001 rem
442 2935 607 3002 contraria
629 2957 725 3022 agere
748 2936 799 3002 vel
822 2937 893 3020 peti
916 2959 982 3002 non
1004 2958 1115 3021 posse,
1141 2958 1183 3001 ne
1211 2937 1244 3002 id
1272 2938 1340 3022 qui-
1388 2927 1395 2940 ’

191 3043 265 3111 dam
292 3046 495 3129 reputantes,
528 3063 624 3129 agere
656 3043 762 3108 valere
776 3059 781 3066 ·
794 3043 830 3108 in
858 3043 1028 3128 facultate,
1060 3043 1131 3128 pati
1157 3065 1226 3110 non
1253 3045 1342 3111 item.

190 3151 319 3238 Agendi
347 3150 448 3235 enim,
479 3172 547 3217 non
579 3148 726 3234 patiendi
757 3149 825 3216 vim
851 3149 1023 3216 Platonem
1056 3172 1184 3236 semper
1214 3153 1342 3218 nomini

191 3258 357 3326 facultatis
386 3257 561 3324 subiecisse
583 3255 794 3324 manifestum
818 3262 877 3324 est.
925 3255 1145 3344 Unaquaeque
1169 3258 1256 3324 enim
1288 3280 1340 3324 res

192 3387 288 3452 agere
316 3363 446 3451 quidem
474 3365 605 3450 aliquid*
623 3369 735 3450 potest
763 3388 780 3430 e
807 3365 977 3450 facultate,
1006 3387 1103 3451 quem
1125 3363 1241 3450 hebet,
1270 3365 1341 3449 pati

191 3475 303 3538 tamen
332 3494 400 3537 non
427 3474 536 3557 potest
563 3493 581 3536 e
612 3471 785 3554 facultate,
814 3471 870 3537 sed
896 3471 1006 3556 potius
1035 3494 1073 3537 ex
1106 3472 1341 3556 imbecillitate,

193 3601 266 3645 cum
288 3578 336 3664 id,
362 3578 449 3665 quod
477 3599 607 3644 sumre
631 3577 808 3657 concurrit,
835 3577 953 3644 fortius
982 3578 1052 3644 erit.
1098 3579 1205 3665 Atque
1229 3602 1246 3644 e
1270 3583 1342 3646 tota

191 3685 339 3752 Platonis
368 3686 528 3770 oratione,
558 3685 829 3772 quemadmodum
864 3709 884 3751 a
915 3707 967 3752 me
1000 3685 1258 3752 demonstratum
1291 3690 1342 3751 est

191 3794 227 3860 in
244 3793 297 3860 his
315 3793 419 3877 libris,
438 3793 555 3879 quibus
570 3793 609 3858 de
624 3793 725 3858 animi
744 3793 918 3879 generibus
938 3791 1194 3879 disputationem
1212 3793 1253 3860 ed
1268 3791 1340 3859 Pla·

190 3901 279 3968 tonis
307 3900 465 3985 placitum
493 3900 657 3984 revocavi,
671 3899 766 3966 -illud
790 3898 891 3965 etiam
921 3904 1072 3985 apparet,
1103 3921 1203 3966 unum
1232 3900 1273 3965 ab
1303 3921 1341 3966 eo

192 4007 270 4092 dici,
311 4007 523 4093 quodcunque
559 4007 595 4074 in
632 4006 823 4092 quaestione
855 4007 1061 4091 propositum
1095 4008 1139 4074 sit
1171 4007 1239 4072 sive
1268 4007 1341 4072 sub-

192 4115 350 4181 stantiam
374 4116 442 4182 sive
466 4115 614 4181 accidens
638 4113 763 4180 habens
786 4113 972 4200 proprium,
999 4115 1230 4197 substantiam,
1258 4136 1341 4198 quae

192 4222 357 4288 contraria
378 4244 444 4288 non
467 4222 573 4307 possit
596 4223 681 4288 circa
702 4220 790 4286 idem
813 4220 925 4286 eodem
949 4226 1096 4307 tempore
1123 4221 1220 4286 simul
1245 4241 1342 4307 agere

191 4333 225 4395 et
257 4329 327 4414 pati
351 4377 483 4394 .....
529 4328 593 4395 Sed
630 4332 663 4394 et
700 4327 871 4394 divisionis
898 4350 1018 4397 nomen
1047 4328 1178 4414 proprie
1211 4327 1342 4413 quidem

245 4443 326 4484 ouem
339 4443 367 4484 οι
380 4443 441 4484 uus.
455 4443 514 4483 ειιι
528 4447 551 4484 ιι
564 4443 674 4492 suppose
687 4442 748 4482 uere
1058 4431 1129 4488 ost*
