3246 5148
622 431 844 496 ...47-

149 595 282 678 querat,
314 589 511 675 emendavit,
543 592 578 656 iu
609 593 726 676 quibus
763 592 797 656 id
828 592 1038 675 potissimum
1071 592 1199 656 secutus
1233 613 1303 656 esse

149 699 294 784 videtur,
318 704 355 764 ut
378 698 508 782 menda,
534 721 617 783 quae
645 721 684 764 ex
708 699 773 766 oris
796 699 1054 782 Byzantinorum
1081 697 1245 781 pravitate
1268 698 1304 762 in

151 805 320 870 codicibus
340 809 413 870 orta
430 805 465 870 iu
483 803 542 870 AB
561 807 760 888 resederant,
783 805 926 890 tolleret3
945 827 1023 870 nam
1047 803 1218 887 sexaginta
1234 803 1303 868 fere

150 933 289 976 numero
313 911 462 976 correxit.
498 909 560 976 Sed
580 933 661 995 quae
680 911 743 977 huc
762 911 927 995 pertinent
943 910 1060 976 manda
1077 931 1179 994 neque
1194 911 1305 976 omnia

152 1040 174 1081 a
194 1015 366 1083 Obarterio
385 1018 518 1103 cognita
539 1038 612 1101 nec,
636 1018 765 1102 siquae
786 1017 969 1102 emendata,
993 1017 1074 1082 satis
1093 1019 1179 1082 recte
1199 1037 1304 1081 emen·

152 1125 233 1188 data
261 1127 346 1190 sunt
399 1124 434 1188 P.
462 1123 527 1189 365
558 1123 593 1188 iu
626 1122 722 1189 ΜΑΒ
750 1123 871 1208 legitur
901 1127 1007 1189 καίτοι
1040 1123 1139 1188 τοῦτο
1171 1124 1305 1207 πρῶτον

152 1223 261 1306 εὐθὺς
287 1227 493 1312 ἐγκαλέσειεν
519 1225 563 1293 ἅν
585 1251 635 1305 τις
657 1224 746 1318 αὐτῷ
770 1224 859 1313 παρὰ
886 1231 934 1318 τῷ
958 1232 1016 1313 τῆς
1038 1228 1230 1316 διαιρέσεως
1255 1228 1304 1293 έ-

152 1333 246 1412 ianio
273 1333 484 1424 έσφαλμένφ;
513 1333 571 1400 Oh.
599 1337 752 1421 correxit,
780 1336 865 1421 quod
888 1337 922 1402 in
949 1340 1080 1420 promtu
1104 1339 1187 1420 erat,
1215 1332 1303 1421 παρὰ

152 1439 197 1508 τὸ
220 1467 248 1509 τ.
270 1445 315 1520 δ.;
343 1443 400 1508 sed
425 1465 466 1507 ne
494 1442 575 1508 haec
604 1443 732 1528 quidem
761 1443 885 1509 curatio
913 1444 993 1510 satis
1016 1443 1105 1509 valet
1128 1443 1168 1506 ad
1195 1443 1304 1507 locum

152 1550 399 1614 restituendum.
436 1547 658 1634 Chrysippum
677 1548 820 1614 Galenus
844 1551 1021 1633 vituperat,
1043 1549 1130 1632 quod
1152 1550 1187 1613 in
1209 1549 1303 1614 libris

152 1655 229 1742 περὶ
256 1657 378 1720 παθῶν
405 1656 629 1742 quaestionem
657 1656 695 1720 de
720 1656 889 1720 affectibus
917 1655 1106 1740 imperfecte
1129 1654 1303 1740 divisisset,

152 1786 234 1848 non,
274 1763 545 1848 quemadmodum
578 1761 767 1827 Charterius
804 1762 1008 1826 existimasse
1041 1762 1180 1846 videtur,
1216 1762 1303 1846 quod

153 1873 285 1952 practer
307 1891 457 1935 mancam
480 1869 645 1933 dividendi
667 1869 827 1935 rationem
851 1868 974 1952 aliquid
996 1868 1193 1952 deliquisset
1237 1869 1303 1932 Ita-

152 1997 217 2058 que
239 1998 299 2059 pro
318 1975 564 2060 Praepositionc
587 1972 676 2061 παρά
700 1976 839 2042 scribere
863 1975 976 2040 debuit
997 1971 1102 2039 nunti.
1139 1973 1192 2040 Sic
1215 1976 1302 2040 enim

153 2081 298 2146 Galenus
323 2081 427 2147 dicere
442 2083 538 2148 solet:
562 2078 728 2165 ἐσφάλθαι
747 2084 785 2146 ἕν
802 2105 868 2146 τινι
891 2085 924 2145 et
942 2076 1036 2146 κατά
1059 2104 1105 2158 τις
1129 2082 1168 2146 cf.
1185 2104 1217 2165 p.
1236 2083 1301 2146 386

152 2191 230 2253 ante
253 2189 336 2253 med.
368 2181 430 2253 οὐκ
462 2181 683 2273 ἀπέστραπται
710 2183 770 2253 τὸν
797 2185 916 2271 λόγον,
944 2181 1015 2252 ἀλλ’
1047 2189 1205 2270 ἔσφαλται
1228 2183 1299 2253 κατ’

152 2287 270 2376 αὐτόν,
292 2317 323 2380 p.
341 2295 407 2360 540
426 2298 505 2360 extr.
524 2288 610 2360 ὅπου
628 2291 692 2380 γὰρ
706 2289 770 2359 κάν
787 2307 856 2370 τοῖς
874 2291 1030 2378 μεγάλοις
1048 2290 1142 2383 ζῴοις
1161 2289 1301 2379 εὑρίσκω

151 2397 260 2465 πολλὰ
284 2397 534 2485 σφαλλομένους
550 2396 630 2477 τοὺς
650 2395 910 2485 ἆυατέμνοντας,
933 2395 1075 2483 εὔλογον
1093 2396 1203 2483 δήπου
1220 2397 1302 2466 κατὰ

152 2503 195 2571 τὰ
223 2503 422 2593 σμικρότερα
453 2509 580 2591 μᾶλλον
612 2508 790 2592 σφαλῆναι.
838 2507 907 2572 Nec
935 2508 1041 2593 magis
1070 2506 1195 2571 duobus
1228 2509 1302 2573 aliis

153 2614 237 2678 locis
260 2615 436 2698 quidquam
458 2615 599 2699 profecit
621 2615 811 2680 mendorum
835 2615 1046 2699 correctione;
1072 2637 1102 2698 p.
1128 2615 1192 2679 705
1215 2621 1303 2700 extr,

154 2720 212 2784 ubi
244 2719 352 2785 MAB:
384 2720 511 2805 πλέγμα
543 2719 576 2799 ἐξ
603 2715 700 2803 ἀέρος
727 2718 783 2784 καὶ
809 2717 914 2806 πυρὸς
940 2709 994 2785 ὧν
1021 2713 1096 2786 οἷον
1124 2721 1159 2784 οί
1187 2717 1302 2807 κύρτοι

154 2822 442 2910 ξυνυφηνάμευοι,
474 2825 553 2892 illud
585 2816 635 2892 ὧν
664 2850 730 2893 non
761 2828 797 2892 in
828 2823 869 2893 ὅν
900 2827 1090 2892 mutandum
1127 2832 1211 2914 erat,
1248 2830 1303 2894 scd

153 2955 288 3017 prorsus
313 2933 569 3018 exstirpandum,
592 2937 625 2997 et
647 2957 677 3018 p.
701 2934 766 2998 573
789 2956 820 3018 p.
839 2935 934 3019 med,
956 2935 1014 2999 ubi
1036 2935 1145 3000 MAB:
1167 2933 1226 3013 καλ,
1247 2932 1303 3000 διὰ

153 3040 253 3104 τοῦτο
282 3037 337 3104 καὶ
363 3035 401 3104 τὸ
429 3037 607 3124 θυμοειδὲς
635 3039 840 3105 ἐνδείκνυται
867 3042 926 3125 τῆς
948 3042 1055 3126 ψυχῆς
1079 3040 1117 3106 έν
1139 3036 1223 3126 αὐτῇ
1245 3065 1302 3106 κα-

153 3151 384 3227 τακεῖσθαι,
414 3146 617 3212 Infinitivum
647 3145 706 3212 Oh.
736 3169 803 3212 non
835 3148 883 3212 ita
914 3148 1076 3234 corrigere
1110 3148 1234 3232 debuit,
1265 3153 1302 3213 ut

153 3252 368 3340 κατφκῆσθαι
382 3253 552 3336 scriberet,
575 3253 632 3317 sed
649 3256 884 3340 κατῳκίσθαι
898 3251 1022 3341 (sedem
1040 3255 1075 3319 in
1093 3255 1189 3319 corde
1203 3255 1302 3320 collo·

153 3363 264 3424 catam
296 3356 388 3445 esse).
442 3357 477 3422 P.
505 3359 570 3423 620
596 3359 653 3444 im,
684 3358 769 3443 quod
797 3360 832 3425 in
858 3361 917 3425 AB
944 3365 1031 3426 recte
1059 3361 1302 3446 scriptumest,

153 3466 348 3550 depravavit
373 3459 461 3529 οὕτω
490 3459 527 3528 δὲ
554 3463 609 3529 καὶ
637 3461 760 3550 νεύρου
786 3466 972 3551 τμηθέντος
999 3463 1081 3532 ὅσον
1108 3459 1151 3531 ἂν
1173 3462 1194 3551 ἡ
1217 3463 1300 3552 τομὴ

153 3568 309 3660 χωρήσῃ
345 3572 404 3656 τῆς
438 3567 521 3656 πρὸς
556 3567 617 3637 τὸν
653 3569 837 3655 ἐγκέφαλον
873 3577 1058 3658 συνεχείας,
1093 3567 1301 3658 ἀναίσθητον

154 3671 282 3754 εὐθέως
309 3681 457 3761 γίγνεται
480 3679 624 3744 scribens
650 3699 709 3762 pro
733 3700 785 3763 eo,
809 3680 894 3763 quod
916 3680 952 3744 in
972 3679 1032 3744 AB
1056 3685 1118 3765 est,
1141 3685 1301 3768 χωρίσῃ,

154 3784 241 3869 quod
264 3785 480 3870 restituimus,
504 3808 580 3850 nam
603 3785 775 3850 verborum
798 3788 960 3851 sententia
983 3786 1065 3852 haec
1088 3793 1151 3853 est:
1176 3787 1301 3854 ‘eodem

154 3893 266 3976 modo,
298 3893 327 3956 si
356 3914 492 3956 nervum
518 3891 728 3977 praecideris,
759 3895 831 3958 tota
858 3915 897 3956 ea
922 3915 1013 3978 pars,
1044 3915 1138 3977 quam
1164 3899 1253 3961 sectio
1280 3917 1302 3959 a

154 3999 268 4064 οωτδνί
289 4001 516 4064 continuatione
532 4001 732 4082 separaverit,
755 4000 844 4066 illico
868 4001 998 4085 torpida
1020 4001 1078 4066 fit’

244 4105 291 4170 Ut
314 4109 422 4170 autem
445 4106 480 4169 in
502 4107 605 4190 vitiis,
632 4128 713 4191 quae
737 4129 754 4171 e
777 4107 886 4173 verbis
909 4113 1059 4194 corrupte
1081 4109 1300 4192 pronuntiatis

155 4216 347 4295 attererent,
370 4213 419 4276 ita
436 4213 471 4277 in
493 4213 551 4278 illo
575 4234 692 4298 genere
711 4215 913 4299 mendorum,
935 4216 1052 4300 quode
1070 4215 1164 4278 falsis
1183 4216 1302 4279 litteris

83 4383 90 4400 ,
155 4320 197 4383 ob
221 4319 376 4383 ductuum
391 4319 638 4385 similitudinem
657 4320 708 4385 vel
727 4321 826 4386 aliam
846 4321 888 4386 ob
907 4343 1039 4385 causam
1058 4320 1125 4385 sive
1149 4321 1184 4386 in
1206 4321 1301 4388 initio

157 4425 308 4491 vocabuli
335 4425 403 4490 sive
431 4425 466 4490 in
488 4426 594 4492 medio
621 4427 739 4511 positis
767 4431 908 4514 constat,
935 4427 1125 4512 corrigendo
1153 4429 1302 4501 nonnihit
