3212 5146
592 433 835 498 —637-

230 587 357 658 Αῦιίκα
381 591 420 675 γέ
439 615 490 658 τοι
513 587 550 658 τὸ
575 594 632 676 τῆς
655 589 763 670 ὄψεως
781 589 941 676 ὄργανον,
966 589 1077 678 ε’πειδῆ
1103 588 1286 677 χρωμάτων

145 699 240 784 έχρῆν
264 693 345 764 αὐτὸ
366 697 610 784 διαγνωστικὸν
629 695 800 784 ὑπάρχεινν,
824 695 995 784 αὐγοειδὲς
1019 699 1148 783 ἐγένετο
1172 696 1287 784 μόνων

143 803 393 872 τῶντοιούτων
416 804 576 891 σωμάτων
599 801 819 872 ἀλλοιοῦσθαι
843 805 1041 890 πεφυκότων
1063 801 1128 872 ὑπὸ
1157 804 1285 891 χρωμά-

121 937 219 993 ·των,
243 908 287 989 ὡς
310 914 408 996 δηλοῖ
429 911 483 978 καὶ
508 908 526 978 ὁ
550 910 711 996 περιέχων
734 907 811 998 άήρ,
834 908 933 996 ἡνίκα
952 906 996 977 άν
1017 910 1158 998 μάλιστα
1181 919 1285 977 καθαβ

144 1015 199 1104 ρὸς
221 1012 367 1104 ὑπάρχῃ,
394 1015 572 1103 τηνικαῦθ’
603 1014 667 1084 ὑπὸ
692 1016 876 1104 χρωμάτων
904 1014 1151 1104 άλλοιούμενος.
1200 1020 1312 1084 ίδεῑνι

143 1127 225 1208 χοῦν
249 1127 354 1206 ἔστιν,
382 1122 463 1192 ὅταν
487 1127 523 1192 έν
554 1121 625 1210 άέρι
653 1123 794 1214 τοιούτῳ
817 1151 866 1203 τις
893 1122 958 1191 ὑπὸ
987 1126 1116 1214 δένδρῳ
1139 1129 1286 1191 κατακεί-

143 1257 240 1318 μενος
267 1221 303 1319 ῆ,
331 1229 368 1298 τὸ
392 1235 453 1298 τοῦ
480 1233 626 1316 δένδρον
649 1234 762 1318 χρῶμα
786 1229 1022 1318 περιχεύμενον
1051 1234 1056 1318 1
1087 1228 1185 1322 αὐτῷ.
1230 1230 1285 1296 καὶ
1296 1250 1352 1305 ees

143 1337 177 1405 τὸ
201 1340 262 1404 τοῦ
285 1343 414 1425 τείχους
437 1335 473 1403 δὲ
497 1339 611 1423 χρῶμα
630 1337 786 1417 πολλάκις
805 1334 869 1424 άῆρ
893 1337 1042 1424 λαμπρὸς
1066 1337 1195 1418 ψαύσας
1218 1338 1286 1403 έδέ-

144 1441 219 1524 ξατό
242 1468 276 1510 τε
299 1445 354 1510 καλ
384 1442 573 1530 διεκόμισεν
600 1441 653 1529 ἐφ’
684 1445 798 1530 ἕτερον
822 1447 931 1530 στῦμα,
959 1445 1014 1512 καὶ
1042 1440 1179 1531 μάλισθ’
1205 1441 1287 1510 ὅταν

144 1543 162 1638 ῆ
184 1549 221 1618 τὸ
246 1553 360 1637 χρῶμα
387 1553 538 1618 κυανοῦν
561 1545 580 1636 ἢ
609 1549 738 1630 ξανθὸν
763 1545 781 1636 ῆ
810 1547 967 1619 ὁπωσοῦν
996 1551 1113 1637 ἑτέρως
1136 1547 1286 1628 εύανθές.
1302 1574 1326 1612 ιο

142 1658 194 1724 καὶ
218 1657 279 1744 μὲν
303 1655 344 1743 δὴ
368 1658 422 1724 καὶ
442 1654 550 1744 ὥσπερ
574 1653 638 1724 ὑπὸ
662 1661 720 1744 τῆς
737 1653 874 1744 ἡλιακῆς
892 1655 997 1744 αῦχῆς
1019 1655 1107 1749 αὐτῷ
1130 1661 1176 1748 τῷ
1201 1660 1285 1736 ψαῦ-

144 1783 197 1831 σαι
226 1762 335 1850 μόνον
364 1761 382 1830 δ
411 1767 473 1842 πᾶς
506 1760 571 1850 άὴρ
600 1760 735 1850 άθρόως
764 1760 953 1850 ὁμοιοῦται,
985 1763 1067 1832 κατὰ
1095 1763 1155 1832 τὸν
1182 1761 1287 1832 αὐτὸν

143 1869 267 1957 τρόπον
291 1867 354 1938 ῦπὸ
382 1873 443 1936 τοῦ
471 1868 642 1956 χριόματος
672 1866 789 1937 αὐτίκα
816 1870 1061 1957 μεταβάλλεται.
1105 1872 1198 1938 ταυτὶ
1225 1870 1287 1956 μὲν

144 1970 205 2044 οῦν
233 1973 400 2066 ὀρθότατα
432 1977 487 2042 καὶ
517 1975 599 2062 πρὸς
624 1973 867 2063 Ἀριστοτέλους
900 1987 1023 2065 εἴρηται
1058 1985 1136 2065 περί
1164 2004 1198 2045 τε
1230 1981 1288 2064 τῆς

142 2087 339 2172 παραχρῆμα
367 2087 550 2171 μεταβολῆς
579 2087 646 2150 τιῦν
675 2081 780 2162 οὕτως
807 2081 1073 2171 άλλοιοομένων,
1101 2082 1146 2162 ὡς
1172 2087 1286 2150 κινδο
1301 2107 1326 2146 ω

143 2189 252 2259 νεύειν
206 2189 423 2326 άχρονον
450 2187 535 2257 εἶναι
565 2190 633 2274 [καὶ
658 2190 710 2256 ee
738 2189 893 2276 ταύτην],
921 2191 975 2257 καὶ
1004 2190 1060 2258 διὰ
1088 2197 1123 2257 τί
1142 2193 1288 2276 πέφυκεν

177 2376 193 2422 4
219 2361 255 2422 ἂν
281 2387 335 2424 om.
364 2369 444 2422 codd
472 2369 547 2432 αδδς
574 2367 607 2421 cf.
632 2368 715 2422 Proll.
745 2387 770 2436 p.
797 2375 914 2422 107.—
944 2375 960 2420 5
988 2363 1107 2438 ὑπάρχει
1135 2369 1228 2424 ΜΑΒ.
1253 2399 1286 2408 -

144 2448 157 2495 7
182 2440 278 2524 χρῶμα
301 2437 433 2501 πολλάκις
462 2435 518 2508 άῆρ
547 2440 667 2504 omissis,
698 2457 769 2507 quae
797 2439 945 2492 interiecta
968 2443 1045 2506 sunt,
1072 2440 1165 2495 verbis
1189 2441 1224 2494 M.
1253 2472 1285 2479 —

143 2507 355 2596 περιεχόμενον
364 2509 491 2564 ABOhK
511 2507 713 2579 περιχεάμενον
728 2509 860 2564 C—om
883 2517 916 2564 10
931 2507 1002 2584 ἐμβα
985 2481 1116 2598 α’,ιχές
1087 2511 1182 2566 sedin
1197 2529 1283 2582 marg.

142 2583 201 2638 ead
227 2599 298 2635 nean.
323 2577 449 2644 εύανθές
472 2582 566 2634 M—
592 2588 623 2634 13
648 2583 672 2634 A
696 2581 787 2634 verbis
812 2582 892 2634 ταυτὶ
916 2579 968 2651 μὲν
987 2601 1040 2635 ουν
1062 2583 1146 2653 incip.
1165 2588 1285 2652 excerpt

142 2653 231 2706 XXX!
252 2653 378 2708 codicum
398 2653 495 2708 FP.-
501 2659 570 2706 -14
590 2647 684 2721 ὀρθῶς
704 2653 790 2706 l‘.—
815 2603 1109 2736 άριετοτέλιχνΡμ
1076 2673 1160 2708 -τε
1182 2671 1235 2738 om,
1256 2654 1285 2707 P

143 2756 174 2764 -
208 2732 238 2778 16
262 2725 310 2777 καλ
339 2725 402 2792 περὶ
426 2719 530 2790 ταύτην
554 2723 614 2776 MA
644 2725 691 2777 καλ
714 2724 778 2790 περὶ
802 2719 905 2791 resitue
929 2726 1010 2778 Corn
1038 2725 1087 2778 καὶ
1112 2720 1158 2779 Aa
1181 2721 1287 2810 ταύτην

142 2795 253 2861 sehin
278 2812 367 2862 neque
390 2795 439 2848 ani
462 2795 571 2864 περλτ.
596 2811 730 2864 aeques
756 2792 880 2850 Ania'
873 2813 902 2848 m
922 2795 971 2848 FP
994 2796 1176 2864 leguntur
1181 2793 1287 2852 -διότι

142 2867 222 2921 codd.
241 2837 303 2920 edd
323 2863 371 2920 διὰ
390 2868 420 2919 τί
436 2884 546 2920 nes.—

232 3047 350 3111 Statim
384 3048 473 3111 visus
507 3047 772 3130 instrumentum,
809 3047 929 3130 quippe
966 3047 1049 3132 quod
1088 3049 1127 3112 ad
1162 3048 1286 3113 celeres

142 3153 378 3238 dignoscendos
412 3157 524 3237 aptum
557 3153 702 3218 futurum
736 3158 834 3236 esset,
867 3154 1008 3218 lucidum
1041 3157 1189 3217 effectum
1223 3158 1285 3236 est,

141 3263 213 3326 sela
237 3262 322 3325 enim
352 3261 574 3325 huiuscemodi
603 3283 738 3344 corpora
764 3263 882 3325 natura
909 3260 956 3324 ita
983 3265 1174 3344 comparata
1202 3266 1285 3342 suut,

142 3373 180 3434 ut
198 3393 218 3432 a
237 3367 400 3432 celeribus
419 3367 641 3451 immutentur,
659 3367 927 3451 quemadmodum
950 3368 1048 3431 etiam
1068 3371 1122 3432 atr
1140 3367 1286 3432 ambiens

141 3477 245 3558 docet,
268 3475 333 3559 qui,
357 3497 429 3538 eum
448 3475 587 3538 maxime
606 3496 705 3558 purus
725 3477 783 3556 est,
806 3477 875 3537 tum
896 3497 915 3536 a
934 3474 1096 3537 coloribus
1115 3474 1286 3558 praecipue

140 3584 343 3646 immutatur.
388 3580 474 3646 Nam
498 3581 605 3645 videre
629 3581 713 3663 licet,
737 3601 809 3644 eum
833 3580 868 3645 in
891 3580 1047 3646 eiusmodi
1072 3583 1144 3643 aere
1168 3580 1286 3665 aliquis

141 3690 203 3753 sub
222 3689 337 3752 arbore
356 3687 549 3771 recubuerit,
569 3687 695 3752 arboris
715 3687 822 3750 colore
842 3707 917 3749 euni
938 3689 1044 3749 tetum
1064 3687 1286 3751 circumfundi.

140 3795 250 3880 Atque
278 3795 377 3858 etiem
411 3815 642 3876 saepenumero
672 3793 721 3876 fit,
754 3795 790 3856 ut
819 3796 873 3856 aer
908 3793 1030 3876 clarus,
1062 3793 1117 3857 ubi
1151 3793 1285 3876 parietis

140 3902 283 3966 colerem
307 3901 430 3984 attigit,
454 3923 526 3964 eum
551 3899 689 3983 recipiat
712 3904 808 3984 atquc
831 3899 865 3963 in
884 3899 1021 3962 alterum
1041 3921 1158 3984 eorpus
1181 3901 1285 3964 trans·

140 4010 254 4073 mittat
277 4007 372 4092 idque
396 4007 583 4091 praecipue,
607 4029 679 4071 cum
704 4008 792 4071 color
819 4007 871 4070 vel
895 4006 1059 4070 caeruleus
1084 4011 1134 4070 est
1157 4007 1208 4070 vel
1230 4007 1286 4070 fla·

139 4139 201 4180 uus
225 4115 276 4180 rel
301 4115 409 4198 aliquo
433 4115 498 4180 alio
527 4114 622 4179 modo
646 4113 789 4178 floridus.
836 4112 920 4188 Quin
950 4113 1048 4176 etiam
1075 4116 1112 4176 ut
1140 4135 1159 4176 a
1186 4111 1286 4176 solari

139 4222 312 4307 splendore
340 4224 429 4286 tetus
458 4226 512 4284 ser
539 4221 612 4303 ipse
640 4222 730 4284 tactu
761 4223 892 4303 repente.
921 4219 1146 4303 adsimulatur‚
1173 4219 1285 4284 eodem

139 4330 238 4394 medo
262 4353 282 4392 a
306 4329 412 4392 colore
435 4327 546 4391 statim
576 4329 729 4390 mutatur.
775 4327 882 4410 Atque
910 4325 990 4389 haee
1018 4325 1146 4410 quidem
1175 4327 1285 4388 rectis-

139 4437 223 4502 sime
247 4435 346 4498 etiam
366 4435 407 4498 ab
430 4433 604 4497 Aristotele
628 4433 715 4498 dicta
734 4437 809 4498 sunt
827 4436 896 4495 tum
920 4432 958 4494 de
978 4433 1087 4496 subita
1105 4433 1285 4496 mutatione
