3228 5148
610 417 855 482 -149—

155 575 211 642 καὶ
239 579 343 642 τίνων
371 571 539 663 ἀρτηριῶν
567 569 809 660 ἀπεβλάστησε,
838 577 967 653 δίκαιος
993 574 1103 660 λέγειν
1131 571 1149 643 ὁ
1173 575 1305 660 Πραξα-

155 680 260 768 γόρας
282 683 360 750 ἐστί.
396 687 503 750 καίτοι
526 686 562 749 τί
576 684 805 769 προκαλοῦμαι
828 682 938 766 λέγειν
962 681 1092 748 ἐκεῖνον
1116 678 1196 748 ἐνὸν
1222 677 1306 768 ἡμᾶς

154 793 263 856 εἰπεῖν
282 789 287 876 Ι
308 786 372 876 ἤδη
400 784 555 876 τάληθίςς
583 784 664 866 ῶςί
695 787 757 874 μὲν
782 785 895 874 πρύτη
924 792 1062 872 συζυγία
1084 785 1158 876 ζτῶυ
1177 787 1371 873 struppi-los

154 921 228 964 νων
246 893 412 981 τεττάρων
435 893 567 982 νεύρων
590 890 654 962 ἀπὸ
677 897 739 962 τοῦ
758 899 917 962 νωτιαίου
940 896 1065 981 μυελοῦ
1089 897 1204 978 σαφῶς
1225 889 1306 960 ἀπο-

152 999 346 1087 βλαστάνει,
368 1000 459 1069 καθὰ
477 1002 705 1088 συμβέβληκεν
723 997 741 1067 ὁ
762 1001 916 1087 τέταρτος
937 1003 999 1067 τοῦ
1018 999 1186 1088 τραχήλου
1205 998 1305 1068 σπόν-
1326 1019 1339 1058 ⁵

154 1111 259 1188 δυλος
285 1110 331 1198 τῷ
359 1108 509 1197 πέμπτῳ,
542 1103 562 1194 ἡ
592 1107 730 1194 δευτέρα
763 1104 800 1174 δὲ
832 1107 949 1193 ἐφεξῆς
979 1103 1064 1195 αὐτῇ
1096 1105 1217 1194 μεταξὺ
1243 1110 1305 1174 τοῦ

154 1215 306 1300 πέμπτου
332 1213 444 1282 τεκαὶ
468 1215 565 1282 ἕκτου
592 1213 647 1281 καὶ
675 1211 717 1299 δὴ
745 1213 800 1282 καλ
827 1211 848 1300 ἡ
876 1219 968 1301 τρίτη
996 1213 1072 1300 μέν,
1100 1217 1156 1280 ἵνα
1185 1213 1305 1299 συμβέ-

152 1325 278 1406 βληκεν
305 1317 323 1387 ὁ
351 1321 445 1399 ἕκτος
471 1323 515 1410 τῷ
545 1317 691 1410 ἑβδόμῳ,
719 1317 740 1408 ἡ
767 1318 904 1406 τετάρτη
933 1318 970 1386 δὲ
994 1319 1046 1386 ἐπὶ
1073 1315 1173 1407 αὐτῇ,
1200 1316 1237 1386 τὸ
1268 1318 1304 1386 δὲ

151 1433 346 1494 τελευταῖον
369 1429 483 1512 ζεῦγος
504 1429 572 1494 τῶν
590 1425 721 1514 νεύρων
745 1428 780 1493 ἐκ
802 1429 860 1512 τῆς
877 1423 998 1512 μεταξὺ
1021 1424 1130 1512 χώρας
1149 1423 1304 1512 ἐκφύεται

152 1535 216 1600 τοῦ
237 1530 275 1600 e’
300 1531 446 1602 ὑστάτου
468 1536 537 1600 τῶν
559 1535 620 1600 τοῦ
642 1532 809 1620 τραχήλου
831 1531 1033 1599 σπονδύλων
1055 1531 1110 1599 καὶ
1133 1533 1194 1600 τοῦ
1216 1529 1303 1617 πρῶ·
1320 1555 1344 1590 10

152 1666 216 1707 του
237 1643 306 1708 τῶν
328 1641 366 1708 ἐν
387 1643 432 1731 τῶ
457 1637 588 1726 θύραιιι
615 1639 670 1706 καὶ
692 1637 792 1707 τοῦτό
816 1639 884 1706 ἐστι
910 1636 948 1706 τὸ
973 1643 1020 1718 είς
1043 1637 1146 1726 ἄκρας
1168 1635 1223 1706 ίὸν
1246 1635 1305 1718 τῶς

152 1751 273 1834 χείρας.
319 1745 406 1815 οὕτω
434 1745 499 1833 γὰρ
530 1749 566 1814 ot
591 1742 872 1832 ἀνατομικῶτατοι
900 1748 968 1814 τῶν
995 1743 1059 1834 πρὸ
1087 1741 1182 1832 ἡμῶν
1209 1748 1303 1831 ἔγρα-

153 1867 239 1938 ψαν,
272 1845 322 1921 ῶν
353 1850 417 1921 κάν
450 1867 521 1932 τοῖς
551 1851 696 1940 πρῶτοις
722 1849 835 1937 λόγοις
866 1848 930 1919 κάν
956 1865 1027 1932 τοῖς
1053 1856 1119 1919 νῦν
1146 1852 1302 1919 ἐνεστῶσι

152 1957 310 2044 φυλάττω
337 1958 400 2046 τὴν
423 1963 644 2026 διδασκαλίαν
666 1961 913 2044 πληθυντικῶς,
940 1967 974 2026 εί
996 1963 1032 2026 τί
1054 1983 1121 2026 που
1142 1961 1303 2044 παρεῖδον

154 2059 262 2152 ἢούκ
284 2062 429 2154 ἀκριβῶς
451 2064 699 2154 ἐξειργάσαντο,
727 2064 936 2152 παραλιπών·
965 2066 1002 2132 ἐν
1031 2063 1124 2154 ἑτέρα
1151 2063 1216 2150 γάρ
1244 2089 1302 2151 μοι
1318 2085 1343 2122 15

151 2179 359 2262 πραγματεία
385 2171 460 2259 περὶ
491 2174 560 2240 τῶν
586 2170 750 2240 τοιούτων
778 2171 951 2260 εἰρήσεται.
990 2167 1117 2239 οὔκουν
1144 2167 1302 2257 ἀρτηρίας

191 2429 223 2478 11
247 2415 326 2477 τοῦτ’
347 2417 405 2476 ἐστὶ
424 2419 444 2476 O
463 2420 546 2476 τοῦτο
565 2414 624 2474 ἔστί
643 2418 700 2475 cai.
719 2414 804 2474 τοῦτό
824 2413 882 2474 ἐστι
901 2417 950 2474 ch.
970 2450 1003 2458 —
1030 2425 1061 2474 12
1081 2409 1211 2481 ούτιοςΟ
1235 2419 1300 2474 cett.

153 2487 228 2548 οὕτω
251 2511 310 2548 noe.
330 2523 363 2533 —
389 2499 421 2550 16
441 2487 546 2548 οὔκουν
566 2490 586 2546 C
606 2489 663 2546 cai.
688 2489 729 2545 Oh
753 2484 806 2546 ούκ
829 2481 883 2545 οὖν
902 2491 935 2546 Κ.
956 2521 988 2530 -

153 2711 220 2776 sint
251 2710 356 2778 exorti
388 2733 426 2774 ex
458 2708 637 2795 quibusque
669 2708 798 2774 arteriis
835 2706 1162 2793 progerminaverint,
1196 2707 1301 2770 (licere

153 2817 374 2904 Praxagoram
397 2838 536 2903 aequum
559 2820 618 2881 est.
664 2815 727 2881 sed
750 2815 827 2901 quid
849 2815 942 2879 illum
966 2837 1121 2898 provoco,
1145 2817 1182 2879 ut
1205 2815 1301 2899 dicat,

153 2947 227 2991 eum
256 2925 364 3010 ipsam
390 2946 473 3010 rem,
500 2927 539 2988 ut
557 2945 591 2988 se
613 2922 749 3005 habeat,
775 2922 871 2987 nobis
899 2940 1058 3005 exponere
1085 2921 1152 2986 iam
1181 2921 1300 2986 liceat?

153 3031 299 3097 Pn'rnum
329 3053 503 3098 nervorum
534 3029 722 3116 coniugium
760 3051 777 3092 e
814 3031 953 3112 quatuor
984 3027 1067 3112 illis,
1104 3027 1143 3090 de
1183 3028 1300 3111 quibus

153 3139 277 3203 dietum
296 3141 355 3222 est,
378 3161 395 3202 e
414 3138 534 3223 spinuli
552 3137 694 3202 medulla
711 3135 886 3200 manifesto
906 3133 1097 3220 germinare,
1120 3156 1185 3218 qua
1207 3139 1301 3219 parte

152 3249 270 3329 quarta
289 3245 365 3312 oolli
384 3245 534 3310 vertebra
553 3244 686 3345 quintae
706 3242 931 3325 committitur,
950 3241 1125 3306 seeundum
1149 3241 1300 3324 deinceps

152 3353 238 3418 inter
265 3351 413 3436 quintam
446 3355 480 3415 et
508 3355 646 3434 sextam,
678 3350 827 3432 tertium,
854 3348 910 3413 ubi
939 3351 1031 3412 sexta
1059 3371 1132 3414 oum
1161 3348 1302 3433 septima

153 3457 315 3540 cohaeret,
338 3457 507 3522 succedere
530 3461 692 3541 quartum,
715 3460 916 3541 postremum
944 3477 1019 3520 vero
1043 3476 1216 3520 nervorum
1240 3477 1301 3539 por

152 3587 169 3630 e
197 3564 331 3650 regione
358 3585 397 3628 ea
424 3562 557 3648 exoriri,
587 3585 669 3648 quae
702 3563 787 3628 inter
816 3561 965 3627 ultimam
993 3561 1069 3627 colli
1097 3566 1130 3626 et
1158 3562 1300 3646 primam

153 3670 297 3736 thoracis
329 3670 514 3736 vertebram
546 3670 730 3753 interiacet,
767 3673 862 3755 atque
900 3669 981 3734 illud
1017 3691 1103 3753 esse,
1140 3669 1226 3753 quod
1259 3671 1300 3736 od

152 3800 296 3844 simmae
316 3798 417 3863 usque
436 3799 551 3842 manus
570 3777 737 3863 pertingit.
774 3777 827 3841 lta
845 3775 931 3840 euim
949 3773 1099 3841 hornines
1118 3775 1299 3842 dissecandi

152 3906 292 3968 corpora
314 3883 519 3969 peritissimi,
547 3884 601 3968 qui
626 3887 783 3950 antenus
811 3884 956 3967 fuerunt,
983 3882 1140 3967 seriptum
1164 3882 1298 3966 reliquo-

152 3995 242 4074 runt,
279 4013 417 4076 quorum
447 3995 480 4055 et
511 3991 546 4055 in
578 3991 741 4074 prioribus
772 3989 1048 4076 disputationibus
1086 3993 1119 4054 et
1149 3989 1185 4054 in
1214 4012 1299 4054 nuno

151 4097 331 4184 propositis
368 4097 550 4163 doctrinam
587 4097 775 4182 plerumque
813 4097 1006 4162 servandam
1047 4097 1128 4162 duoo
1165 4095 1300 4181 relictis,

105 4261 116 4277 .
150 4207 281 4291 siquae
301 4205 538 4288 praeterierunt
553 4208 609 4268 aut
627 4227 692 4271 non
711 4204 884 4288 diligenter
903 4203 1163 4286 elaboraverunt3
1178 4201 1213 4266 in
1232 4202 1297 4266 alio

151 4313 253 4378 enim'
266 4312 352 4378 libro
383 4312 436 4377 his
468 4312 507 4376 de
539 4313 635 4377 rebus
665 4311 833 4378 dicendum
862 4310 944 4374 mihi
977 4309 1047 4374 erit.
1091 4308 1206 4394 Itaque
1232 4331 1298 4374 non

151 4417 291 4485 uterino
305 4441 458 4505 quaerere
477 4421 616 4503 oportet,
635 4441 652 4483 e
671 4417 788 4506 quibus
811 4441 929 4486 nervos
947 4439 1005 4503 per
1024 4417 1184 4482 rationem
1204 4417 1297 4502 quasi
