<?xml version="1.0" encoding="UTF-8"?>
<!DOCTYPE html PUBLIC "-//W3C//DTD XHTML 1.0 Transitional//EN"
    "http://www.w3.org/TR/xhtml1/DTD/xhtml1-transitional.dtd">
<html xmlns="http://www.w3.org/1999/xhtml" xml:lang="en" lang="en">
 <head>
  <title>
</title>
<meta http-equiv="Content-Type" content="text/html;charset=utf-8" />
  <meta name='ocr-system' content='tesseract 3.04.00' />
  <meta name='ocr-capabilities' content='ocr_page ocr_carea ocr_par ocr_line ocrx_word'/>
</head>
<body>
  <div class='ocr_page' id='page_1' title='image "./claudiigalenide02mlgoog/claudiigalenide02mlgoog_0580.png"; bbox 0 0 3166 5192; ppageno 0'>
   <div class='ocr_carea' id='block_1_1' title="bbox 557 399 800 464">
    <p class='ocr_par' dir='ltr' id='par_1_1' title="bbox 557 399 800 464">
     <span class='ocr_line' id='line_1_1' title="bbox 557 399 800 464; baseline 0.008 -16"><span class='ocrx_word' id='word_1_1' title='bbox 557 399 800 464; x_wconf 78' lang='lat'>...561-</span> 
     </span>
    </p>
   </div>
   <div class='ocr_carea' id='block_1_2' title="bbox 100 552 1316 2242">
    <p class='ocr_par' dir='ltr' id='par_1_2' title="bbox 100 552 1316 2242">
     <span class='ocr_line' id='line_1_2' title="bbox 100 552 1248 647; baseline 0 -23"><span class='ocrx_word' id='word_1_2' title='bbox 100 555 248 624; x_wconf 89' lang='grc' dir='ltr'><strong><em>τουτέστι</em></strong></span> <span class='ocrx_word' id='word_1_3' title='bbox 270 557 310 643; x_wconf 82' lang='grc' dir='ltr'><strong><em>τῇ</em></strong></span> <span class='ocrx_word' id='word_1_4' title='bbox 335 561 436 642; x_wconf 85' lang='grc' dir='ltr'><strong><em>σαρκί</em></strong></span> <span class='ocrx_word' id='word_1_5' title='bbox 454 581 489 623; x_wconf 91' lang='grc' dir='ltr'><strong><em>τε</em></strong></span> <span class='ocrx_word' id='word_1_6' title='bbox 512 555 567 622; x_wconf 81' lang='grc' dir='ltr'><strong><em>καὶ</em></strong></span> <span class='ocrx_word' id='word_1_7' title='bbox 587 559 629 644; x_wconf 80' lang='grc' dir='ltr'><strong><em>τῇ</em></strong></span> <span class='ocrx_word' id='word_1_8' title='bbox 651 552 750 646; x_wconf 80' lang='grc' dir='ltr'><strong><em>ούσίᾳ</em></strong></span> <span class='ocrx_word' id='word_1_9' title='bbox 773 559 812 644; x_wconf 75' lang='grc' dir='ltr'><strong><em>τῇ</em></strong></span> <span class='ocrx_word' id='word_1_10' title='bbox 832 555 963 642; x_wconf 81' lang='grc' dir='ltr'><strong><em>ἑαυτοῦ,</em></strong></span> <span class='ocrx_word' id='word_1_11' title='bbox 984 559 1030 646; x_wconf 77' lang='grc' dir='ltr'><strong><em>τῷ</em></strong></span> <span class='ocrx_word' id='word_1_12' title='bbox 1053 557 1248 647; x_wconf 79' lang='grc' dir='ltr'><strong><em>καλουμένῳ</em></strong></span> 
     </span>
     <span class='ocr_line' id='line_1_3' title="bbox 100 659 1247 752; baseline 0 -22"><span class='ocrx_word' id='word_1_13' title='bbox 100 659 185 748; x_wconf 77' lang='grc' dir='ltr'><strong><em>πρὸς</em></strong></span> <span class='ocrx_word' id='word_1_14' title='bbox 208 661 309 730; x_wconf 81' lang='grc' dir='ltr'><strong><em>ἐνίων</em></strong></span> <span class='ocrx_word' id='word_1_15' title='bbox 332 665 457 749; x_wconf 89' lang='grc' dir='ltr'><strong><em>ίατρῶν</em></strong></span> <span class='ocrx_word' id='word_1_16' title='bbox 483 661 717 750; x_wconf 78' lang='grc' dir='ltr'><strong><em>παρεγχύματι.</em></strong></span> <span class='ocrx_word' id='word_1_17' title='bbox 762 663 902 731; x_wconf 81' lang='grc' dir='ltr'><strong><em>ἕκαστον</em></strong></span> <span class='ocrx_word' id='word_1_18' title='bbox 929 659 993 748; x_wconf 81' lang='grc' dir='ltr'><strong><em>γὰρ</em></strong></span> <span class='ocrx_word' id='word_1_19' title='bbox 1020 666 1088 730; x_wconf 86' lang='grc' dir='ltr'><strong><em>τῶν</em></strong></span> <span class='ocrx_word' id='word_1_20' title='bbox 1116 659 1247 752; x_wconf 86' lang='grc' dir='ltr'><strong><em>ὀργανι-</em></strong></span> 
     </span>
     <span class='ocr_line' id='line_1_4' title="bbox 102 765 1248 860; baseline 0 -24"><span class='ocrx_word' id='word_1_21' title='bbox 102 772 172 837; x_wconf 85' lang='grc' dir='ltr'><strong><em>κῶν</em></strong></span> <span class='ocrx_word' id='word_1_22' title='bbox 193 772 255 837; x_wconf 88' lang='grc' dir='ltr'><strong><em>τοῦ</em></strong></span> <span class='ocrx_word' id='word_1_23' title='bbox 278 767 364 860; x_wconf 76' lang='grc' dir='ltr'><strong><em>ζῴου</em></strong></span> <span class='ocrx_word' id='word_1_24' title='bbox 386 773 530 857; x_wconf 87' lang='grc' dir='ltr'><strong><em>μορίων,</em></strong></span> <span class='ocrx_word' id='word_1_25' title='bbox 553 767 722 838; x_wconf 81' lang='grc' dir='ltr'><strong><em>σύνθετον</em></strong></span> <span class='ocrx_word' id='word_1_26' title='bbox 744 767 896 856; x_wconf 74' lang='grc' dir='ltr'><strong><em>ὑπάρχον</em></strong></span> <span class='ocrx_word' id='word_1_27' title='bbox 926 769 959 850; x_wconf 82' lang='grc' dir='ltr'><strong><em>ἐξ</em></strong></span> <span class='ocrx_word' id='word_1_28' title='bbox 982 768 1104 854; x_wconf 83' lang='grc' dir='ltr'><strong><em>ἑτέρων</em></strong></span> <span class='ocrx_word' id='word_1_29' title='bbox 1128 765 1248 837; x_wconf 73' lang='grc' dir='ltr'><strong><em>ἁπλου-</em></strong></span> 
     </span>
     <span class='ocr_line' id='line_1_5' title="bbox 102 873 1249 962; baseline 0 -20"><span class='ocrx_word' id='word_1_30' title='bbox 102 875 230 961; x_wconf 87' lang='grc' dir='ltr'><strong><em>στέρων</em></strong></span> <span class='ocrx_word' id='word_1_31' title='bbox 252 881 399 962; x_wconf 84' lang='grc' dir='ltr'><strong><em>μορίων,</em></strong></span> <span class='ocrx_word' id='word_1_32' title='bbox 421 873 554 954; x_wconf 82' lang='grc' dir='ltr'><strong><em>πάντως</em></strong></span> <span class='ocrx_word' id='word_1_33' title='bbox 576 874 667 944; x_wconf 79' lang='grc' dir='ltr'><strong><em>ίίιόν</em></strong></span> <span class='ocrx_word' id='word_1_34' title='bbox 689 902 720 943; x_wconf 88' lang='grc' dir='ltr'><strong><em>τι</em></strong></span> <span class='ocrx_word' id='word_1_35' title='bbox 742 879 899 944; x_wconf 86' lang='grc' dir='ltr'><strong><em>τοιοῦτον</em></strong></span> <span class='ocrx_word' id='word_1_36' title='bbox 920 873 1059 962; x_wconf 79' lang='grc' dir='ltr'><em>ὑπάρχει</em></span> <span class='ocrx_word' id='word_1_37' title='bbox 1081 873 1164 942; x_wconf 82' lang='grc' dir='ltr'><strong><em>κατὰ</em></strong></span> <span class='ocrx_word' id='word_1_38' title='bbox 1187 873 1249 962; x_wconf 77' lang='grc' dir='ltr'><strong><em>τὴν</em></strong></span> 
     </span>
     <span class='ocr_line' id='line_1_6' title="bbox 103 975 1276 1074; baseline 0.002 -26"><span class='ocrx_word' id='word_1_39' title='bbox 103 979 239 1066; x_wconf 87' lang='grc' dir='ltr'><strong><em>ούσίαν,</em></strong></span> <span class='ocrx_word' id='word_1_40' title='bbox 267 975 342 1050; x_wconf 82' lang='grc' dir='ltr'><strong><em>οἷον</em></strong></span> <span class='ocrx_word' id='word_1_41' title='bbox 368 979 431 1050; x_wconf 71' lang='lat' dir='ltr'><strong>oris</strong></span> <span class='ocrx_word' id='word_1_42' title='bbox 459 979 540 1050; x_wconf 71' lang='grc' dir='ltr'><strong><em>ἄλλο</em></strong></span> <span class='ocrx_word' id='word_1_43' title='bbox 567 978 647 1049; x_wconf 80' lang='grc' dir='ltr'><strong><em>καθ’</em></strong></span> <span class='ocrx_word' id='word_1_44' title='bbox 683 979 764 1050; x_wconf 78' lang='grc' dir='ltr'><strong><em>ὅλον</em></strong></span> <span class='ocrx_word' id='word_1_45' title='bbox 790 985 852 1050; x_wconf 87' lang='grc' dir='ltr'><strong><em>τοῦ</em></strong></span> <span class='ocrx_word' id='word_1_46' title='bbox 880 981 966 1074; x_wconf 64' lang='lat' dir='ltr'><strong>§gion</strong></span> <span class='ocrx_word' id='word_1_47' title='bbox 991 979 1029 1049; x_wconf 88' lang='grc' dir='ltr'><strong><em>τὸ</em></strong></span> <span class='ocrx_word' id='word_1_48' title='bbox 1059 985 1163 1069; x_wconf 85' lang='grc' dir='ltr'><strong><em>σῶμα.</em></strong></span> <span class='ocrx_word' id='word_1_49' title='bbox 1210 981 1276 1050; x_wconf 70' lang='lat' dir='ltr'><strong><em>vlu</em></strong></span> 
     </span>
     <span class='ocr_line' id='line_1_7' title="bbox 102 1083 1250 1176; baseline 0 -20"><span class='ocrx_word' id='word_1_50' title='bbox 102 1091 187 1174; x_wconf 87' lang='grc' dir='ltr'><strong><em>γοῦν</em></strong></span> <span class='ocrx_word' id='word_1_51' title='bbox 218 1091 277 1174; x_wconf 84' lang='grc' dir='ltr'><strong><em>τῆς</em></strong></span> <span class='ocrx_word' id='word_1_52' title='bbox 304 1087 446 1176; x_wconf 89' lang='grc' dir='ltr'><strong><em>γαστρὸς</em></strong></span> <span class='ocrx_word' id='word_1_53' title='bbox 478 1091 571 1176; x_wconf 88' lang='grc' dir='ltr'><strong><em>σῶμα</em></strong></span> <span class='ocrx_word' id='word_1_54' title='bbox 600 1093 690 1156; x_wconf 80' lang='grc' dir='ltr'><strong><em>ίὸιον</em></strong></span> <span class='ocrx_word' id='word_1_55' title='bbox 718 1083 793 1158; x_wconf 88' lang='grc' dir='ltr'><strong><em>οἷον</em></strong></span> <span class='ocrx_word' id='word_1_56' title='bbox 820 1085 882 1158; x_wconf 74' lang='lat' dir='ltr'><strong><em>otu</em></strong></span> <span class='ocrx_word' id='word_1_57' title='bbox 912 1091 992 1157; x_wconf 81' lang='grc' dir='ltr'><strong><em>ἄλλο</em></strong></span> <span class='ocrx_word' id='word_1_58' title='bbox 1020 1091 1087 1156; x_wconf 87' lang='grc' dir='ltr'><strong><em>τῶν</em></strong></span> <span class='ocrx_word' id='word_1_59' title='bbox 1113 1087 1250 1156; x_wconf 76' lang='grc' dir='ltr'><strong><em>πάντων</em></strong></span> 
     </span>
     <span class='ocr_line' id='line_1_8' title="bbox 102 1191 1316 1282; baseline 0.006 -21"><span class='ocrx_word' id='word_1_60' title='bbox 102 1195 207 1263; x_wconf 87' lang='grc' dir='ltr'><strong><em>ἐστίν·</em></strong></span> <span class='ocrx_word' id='word_1_61' title='bbox 236 1191 394 1275; x_wconf 77' lang='grc' dir='ltr'><strong><em>ὡσαύτως</em></strong></span> <span class='ocrx_word' id='word_1_62' title='bbox 422 1195 459 1264; x_wconf 75' lang='grc' dir='ltr'><strong><em>δὲ</em></strong></span> <span class='ocrx_word' id='word_1_63' title='bbox 486 1196 541 1263; x_wconf 79' lang='grc' dir='ltr'><strong><em>καὶ</em></strong></span> <span class='ocrx_word' id='word_1_64' title='bbox 565 1198 571 1282; x_wconf 87' lang='grc' dir='ltr'>Ι</span> <span class='ocrx_word' id='word_1_65' title='bbox 594 1193 632 1264; x_wconf 89' lang='grc' dir='ltr'><strong><em>τὸ</em></strong></span> <span class='ocrx_word' id='word_1_66' title='bbox 660 1201 722 1264; x_wconf 85' lang='grc' dir='ltr'><strong><em>τοῦ</em></strong></span> <span class='ocrx_word' id='word_1_67' title='bbox 748 1195 895 1282; x_wconf 80' lang='grc' dir='ltr'><strong><em>σπληνὸς</em></strong></span> <span class='ocrx_word' id='word_1_68' title='bbox 922 1193 1107 1282; x_wconf 74' lang='grc' dir='ltr'><strong><em>ἐγκεφάλου</em></strong></span> <span class='ocrx_word' id='word_1_69' title='bbox 1133 1220 1167 1263; x_wconf 85' lang='grc' dir='ltr'><strong><em>τε</em></strong></span> <span class='ocrx_word' id='word_1_70' title='bbox 1194 1195 1316 1270; x_wconf 68' lang='lat' dir='ltr'><strong>saltat</strong></span> 
     </span>
     <span class='ocr_line' id='line_1_9' title="bbox 103 1299 1250 1390; baseline 0.002 -22"><span class='ocrx_word' id='word_1_71' title='bbox 103 1304 238 1388; x_wconf 87' lang='grc' dir='ltr'><strong><em>νεφρῶν</em></strong></span> <span class='ocrx_word' id='word_1_72' title='bbox 261 1302 315 1368; x_wconf 83' lang='grc' dir='ltr'><strong><em>καὶ</em></strong></span> <span class='ocrx_word' id='word_1_73' title='bbox 334 1301 480 1388; x_wconf 76' lang='grc' dir='ltr'><strong><em>γλώττης</em></strong></span> <span class='ocrx_word' id='word_1_74' title='bbox 502 1302 557 1369; x_wconf 78' lang='grc' dir='ltr'><strong><em>καὶ</em></strong></span> <span class='ocrx_word' id='word_1_75' title='bbox 577 1299 765 1390; x_wconf 75' lang='grc' dir='ltr'><strong><em>ὀφθαλμῶν</em></strong></span> <span class='ocrx_word' id='word_1_76' title='bbox 783 1301 838 1370; x_wconf 79' lang='grc' dir='ltr'><strong><em>καὶ</em></strong></span> <span class='ocrx_word' id='word_1_77' title='bbox 861 1300 1010 1370; x_wconf 81' lang='grc' dir='ltr'><strong><em>κύστεων</em></strong></span> <span class='ocrx_word' id='word_1_78' title='bbox 1032 1301 1088 1368; x_wconf 79' lang='grc' dir='ltr'><strong><em>καὶ</em></strong></span> <span class='ocrx_word' id='word_1_79' title='bbox 1106 1305 1250 1390; x_wconf 89' lang='grc' dir='ltr'><strong><em>μητρῶν.</em></strong></span> 
     </span>
     <span class='ocr_line' id='line_1_10' title="bbox 102 1401 1250 1500; baseline 0.002 -26"><span class='ocrx_word' id='word_1_80' title='bbox 102 1405 256 1494; x_wconf 84' lang='grc' dir='ltr'><strong><em>ἀρτηρίαι</em></strong></span> <span class='ocrx_word' id='word_1_81' title='bbox 275 1407 337 1494; x_wconf 72' lang='grc' dir='ltr'><strong><em>μὲν</em></strong></span> <span class='ocrx_word' id='word_1_82' title='bbox 356 1401 420 1476; x_wconf 89' lang='grc' dir='ltr'><strong><em>ούν</em></strong></span> <span class='ocrx_word' id='word_1_83' title='bbox 438 1409 493 1500; x_wconf 70' lang='grc' dir='ltr'><strong><em>καί</em></strong></span> <span class='ocrx_word' id='word_1_84' title='bbox 517 1413 621 1496; x_wconf 83' lang='grc' dir='ltr'><strong><em>νεῦρα</em></strong></span> <span class='ocrx_word' id='word_1_85' title='bbox 640 1409 693 1478; x_wconf 78' lang='grc' dir='ltr'><strong><em>καὶ</em></strong></span> <span class='ocrx_word' id='word_1_86' title='bbox 713 1411 833 1496; x_wconf 79' lang='grc' dir='ltr'><strong><em>φλέβες</em></strong></span> <span class='ocrx_word' id='word_1_87' title='bbox 851 1407 1035 1498; x_wconf 81' lang='grc' dir='ltr'><strong><em>ἐμφύονται</em></strong></span> <span class='ocrx_word' id='word_1_88' title='bbox 1058 1422 1129 1487; x_wconf 78' lang='grc' dir='ltr'><strong><em>τοῖς</em></strong></span> <span class='ocrx_word' id='word_1_89' title='bbox 1151 1405 1250 1496; x_wconf 82' lang='grc' dir='ltr'><strong><em>ὀργά-</em></strong></span> 
     </span>
     <span class='ocr_line' id='line_1_11' title="bbox 103 1511 1290 1602; baseline -0.002 -22"><span class='ocrx_word' id='word_1_90' title='bbox 103 1539 176 1592; x_wconf 82' lang='grc' dir='ltr'><strong><em>νοις</em></strong></span> <span class='ocrx_word' id='word_1_91' title='bbox 198 1515 295 1582; x_wconf 78' lang='grc' dir='ltr'><strong><em>ἕνεκα</em></strong></span> <span class='ocrx_word' id='word_1_92' title='bbox 318 1521 428 1601; x_wconf 81' lang='grc' dir='ltr'><strong><em>χρείας</em></strong></span> <span class='ocrx_word' id='word_1_93' title='bbox 456 1519 589 1602; x_wconf 81' lang='grc' dir='ltr'><strong><em>κοινῆς,</em></strong></span> <span class='ocrx_word' id='word_1_94' title='bbox 617 1513 776 1596; x_wconf 76' lang='grc' dir='ltr'><strong><em>ὡσαύτως</em></strong></span> <span class='ocrx_word' id='word_1_95' title='bbox 803 1517 840 1584; x_wconf 79' lang='lat' dir='ltr'><strong><em>dl</em></strong></span> <span class='ocrx_word' id='word_1_96' title='bbox 868 1517 970 1595; x_wconf 88' lang='grc' dir='ltr'><strong><em>ἐνίοις</em></strong></span> <span class='ocrx_word' id='word_1_97' title='bbox 998 1511 1109 1583; x_wconf 79' lang='grc' dir='ltr'><strong><em>αὐτῶν</em></strong></span> <span class='ocrx_word' id='word_1_98' title='bbox 1131 1511 1251 1601; x_wconf 80' lang='grc' dir='ltr'><strong><em>ὑμένες</em></strong></span> <span class='ocrx_word' id='word_1_99' title='bbox 1265 1539 1290 1578; x_wconf 85' lang='grc' dir='ltr'><strong><em>ιι</em></strong></span> 
     </span>
     <span class='ocr_line' id='line_1_12' title="bbox 104 1619 1249 1712; baseline 0.003 -25"><span class='ocrx_word' id='word_1_100' title='bbox 104 1620 218 1688; x_wconf 81' lang='grc' dir='ltr'><strong><em>τεκαὶ</em></strong></span> <span class='ocrx_word' id='word_1_101' title='bbox 242 1619 441 1708; x_wconf 80' lang='grc' dir='ltr'><strong><em>σύνδεσμοι·</em></strong></span> <span class='ocrx_word' id='word_1_102' title='bbox 463 1619 501 1691; x_wconf 86' lang='grc' dir='ltr'><strong><em>τὸ</em></strong></span> <span class='ocrx_word' id='word_1_103' title='bbox 526 1621 563 1689; x_wconf 73' lang='lat' dir='ltr'><strong><em>dl</em></strong></span> <span class='ocrx_word' id='word_1_104' title='bbox 587 1626 677 1690; x_wconf 77' lang='grc' dir='ltr'><strong><em>ἴδιον</em></strong></span> <span class='ocrx_word' id='word_1_105' title='bbox 701 1622 841 1692; x_wconf 81' lang='grc' dir='ltr'><strong><em>ἑκάστου</em></strong></span> <span class='ocrx_word' id='word_1_106' title='bbox 869 1622 1019 1712; x_wconf 78' lang='grc' dir='ltr'><strong><em>στόματος</em></strong></span> <span class='ocrx_word' id='word_1_107' title='bbox 1047 1621 1147 1708; x_wconf 76' lang='grc' dir='ltr'><strong><em>χωρὶς</em></strong></span> <span class='ocrx_word' id='word_1_108' title='bbox 1175 1619 1249 1690; x_wconf 90' lang='grc' dir='ltr'><strong><em>τού-</em></strong></span> 
     </span>
     <span class='ocr_line' id='line_1_13' title="bbox 103 1719 1251 1817; baseline 0.002 -23"><span class='ocrx_word' id='word_1_109' title='bbox 103 1753 169 1794; x_wconf 89' lang='grc' dir='ltr'><strong><em>των</em></strong></span> <span class='ocrx_word' id='word_1_110' title='bbox 192 1728 273 1812; x_wconf 90' lang='grc' dir='ltr'><strong><em>ἐστί,</em></strong></span> <span class='ocrx_word' id='word_1_111' title='bbox 295 1726 350 1795; x_wconf 79' lang='grc' dir='ltr'><strong><em>διὸ</em></strong></span> <span class='ocrx_word' id='word_1_112' title='bbox 374 1727 427 1795; x_wconf 78' lang='grc' dir='ltr'><strong><em>καὶ</em></strong></span> <span class='ocrx_word' id='word_1_113' title='bbox 451 1727 515 1814; x_wconf 83' lang='grc' dir='ltr'><strong><em>τὴν</em></strong></span> <span class='ocrx_word' id='word_1_114' title='bbox 536 1728 709 1817; x_wconf 79' lang='grc' dir='ltr'><strong><em>ἐνέργειαν</em></strong></span> <span class='ocrx_word' id='word_1_115' title='bbox 732 1731 901 1816; x_wconf 82' lang='grc' dir='ltr'><strong><em>ἐξαίρετον</em></strong></span> <span class='ocrx_word' id='word_1_116' title='bbox 923 1723 944 1816; x_wconf 79' lang='grc' dir='ltr'>ἢ</span> <span class='ocrx_word' id='word_1_117' title='bbox 966 1719 1069 1796; x_wconf 84' lang='grc' dir='ltr'><strong><em>τᾶλλα</em></strong></span> <span class='ocrx_word' id='word_1_118' title='bbox 1091 1728 1251 1814; x_wconf 84' lang='grc' dir='ltr'><strong><em>κέκτηται.</em></strong></span> 
     </span>
     <span class='ocr_line' id='line_1_14' title="bbox 104 1831 1252 1922; baseline 0.003 -22"><span class='ocrx_word' id='word_1_119' title='bbox 104 1831 187 1902; x_wconf 82' lang='grc' dir='ltr'><strong><em>κατὰ</em></strong></span> <span class='ocrx_word' id='word_1_120' title='bbox 216 1833 278 1921; x_wconf 70' lang='grc' dir='ltr'><strong><em>μὲν</em></strong></span> <span class='ocrx_word' id='word_1_121' title='bbox 306 1832 370 1921; x_wconf 80' lang='grc' dir='ltr'><strong><em>γὰρ</em></strong></span> <span class='ocrx_word' id='word_1_122' title='bbox 397 1834 434 1902; x_wconf 89' lang='grc' dir='ltr'><strong><em>τὸ</em></strong></span> <span class='ocrx_word' id='word_1_123' title='bbox 462 1835 581 1904; x_wconf 81' lang='grc' dir='ltr'><strong><em>κοινὸν</em></strong></span> <span class='ocrx_word' id='word_1_124' title='bbox 607 1832 735 1922; x_wconf 75' lang='grc' dir='ltr'><strong><em>ἀνάγκη</em></strong></span> <span class='ocrx_word' id='word_1_125' title='bbox 768 1835 877 1922; x_wconf 76' lang='grc' dir='ltr'><strong><em>δήπου</em></strong></span> <span class='ocrx_word' id='word_1_126' title='bbox 904 1835 959 1904; x_wconf 78' lang='grc' dir='ltr'><strong><em>καί</em></strong></span> <span class='ocrx_word' id='word_1_127' title='bbox 990 1833 1053 1921; x_wconf 83' lang='grc' dir='ltr'><strong><em>τὴν</em></strong></span> <span class='ocrx_word' id='word_1_128' title='bbox 1080 1834 1252 1922; x_wconf 78' lang='grc' dir='ltr'><strong><em>ἐνέργειαν</em></strong></span> 
     </span>
     <span class='ocr_line' id='line_1_15' title="bbox 106 1937 1252 2029; baseline 0.002 -22"><span class='ocrx_word' id='word_1_129' title='bbox 106 1939 192 2009; x_wconf 76' lang='grc' dir='ltr'><strong><em>εἶναι</em></strong></span> <span class='ocrx_word' id='word_1_130' title='bbox 215 1941 349 2028; x_wconf 82' lang='grc' dir='ltr'><strong><em>κοινήν·</em></strong></span> <span class='ocrx_word' id='word_1_131' title='bbox 374 1938 416 2010; x_wconf 86' lang='grc' dir='ltr'><strong><em>ού</em></strong></span> <span class='ocrx_word' id='word_1_132' title='bbox 438 1940 502 2028; x_wconf 79' lang='grc' dir='ltr'><strong><em>γάρ</em></strong></span> <span class='ocrx_word' id='word_1_133' title='bbox 522 1937 649 2010; x_wconf 83' lang='grc' dir='ltr'><strong><em>οἷόντε</em></strong></span> <span class='ocrx_word' id='word_1_134' title='bbox 672 1940 754 2012; x_wconf 84' lang='grc' dir='ltr'><strong><em>κατὰ</em></strong></span> <span class='ocrx_word' id='word_1_135' title='bbox 777 1941 856 2023; x_wconf 86' lang='grc' dir='ltr'><strong><em>τοὺς</em></strong></span> <span class='ocrx_word' id='word_1_136' title='bbox 877 1941 1001 2022; x_wconf 81' lang='grc' dir='ltr'><strong><em>τόκους</em></strong></span> <span class='ocrx_word' id='word_1_137' title='bbox 1022 1944 1084 2010; x_wconf 84' lang='grc' dir='ltr'><strong><em>τοῦ</em></strong></span> <span class='ocrx_word' id='word_1_138' title='bbox 1101 1939 1252 2029; x_wconf 85' lang='grc' dir='ltr'><strong><em>σῶματος</em></strong></span> 
     </span>
     <span class='ocr_line' id='line_1_16' title="bbox 103 2043 1291 2138; baseline -0.003 -24"><span class='ocrx_word' id='word_1_139' title='bbox 103 2045 369 2116; x_wconf 76' lang='grc' dir='ltr'><strong><em>ὑπαλλάττεσθαι</em></strong></span> <span class='ocrx_word' id='word_1_140' title='bbox 393 2047 516 2134; x_wconf 82' lang='grc' dir='ltr'><strong><em>φλεβὸς</em></strong></span> <span class='ocrx_word' id='word_1_141' title='bbox 545 2043 566 2135; x_wconf 81' lang='grc' dir='ltr'><em>ἢ</em></span> <span class='ocrx_word' id='word_1_142' title='bbox 594 2045 753 2138; x_wconf 87' lang='grc' dir='ltr'><strong><em>άρτηρίας</em></strong></span> <span class='ocrx_word' id='word_1_143' title='bbox 784 2043 805 2136; x_wconf 74' lang='grc' dir='ltr'><em>ἢ</em></span> <span class='ocrx_word' id='word_1_144' title='bbox 833 2047 957 2136; x_wconf 89' lang='grc' dir='ltr'><strong><em>νεύρου</em></strong></span> <span class='ocrx_word' id='word_1_145' title='bbox 979 2047 1041 2134; x_wconf 76' lang='grc' dir='ltr'><strong><em>τὴν</em></strong></span> <span class='ocrx_word' id='word_1_146' title='bbox 1069 2045 1251 2134; x_wconf 82' lang='grc' dir='ltr'><strong><em>ἐνέργειαν,</em></strong></span> <span class='ocrx_word' id='word_1_147' title='bbox 1266 2071 1291 2112; x_wconf 83' lang='grc' dir='ltr'><strong><em>ιι</em></strong></span> 
     </span>
     <span class='ocr_line' id='line_1_17' title="bbox 103 2151 1251 2242; baseline 0.001 -22"><span class='ocrx_word' id='word_1_148' title='bbox 103 2151 185 2222; x_wconf 79' lang='grc' dir='ltr'><strong><em>άλλίι</em></strong></span> <span class='ocrx_word' id='word_1_149' title='bbox 214 2153 257 2222; x_wconf 76' lang='grc' dir='ltr'><strong><em>ἄν</em></strong></span> <span class='ocrx_word' id='word_1_150' title='bbox 283 2181 318 2222; x_wconf 89' lang='grc' dir='ltr'><strong><em>τε</em></strong></span> <span class='ocrx_word' id='word_1_151' title='bbox 349 2153 431 2222; x_wconf 81' lang='grc' dir='ltr'><strong><em>κατὰ</em></strong></span> <span class='ocrx_word' id='word_1_152' title='bbox 464 2153 527 2241; x_wconf 86' lang='grc' dir='ltr'><strong><em>τὴν</em></strong></span> <span class='ocrx_word' id='word_1_153' title='bbox 558 2153 705 2242; x_wconf 79' lang='grc' dir='ltr'><strong><em>πτέρναν</em></strong></span> <span class='ocrx_word' id='word_1_154' title='bbox 732 2154 775 2224; x_wconf 80' lang='grc' dir='ltr'><strong><em>ἄν</em></strong></span> <span class='ocrx_word' id='word_1_155' title='bbox 803 2182 837 2224; x_wconf 94' lang='grc' dir='ltr'><strong><em>τε</em></strong></span> <span class='ocrx_word' id='word_1_156' title='bbox 870 2153 952 2222; x_wconf 79' lang='grc' dir='ltr'><strong><em>κατὰ</em></strong></span> <span class='ocrx_word' id='word_1_157' title='bbox 979 2151 1040 2221; x_wconf 87' lang='grc' dir='ltr'><strong><em>τὸν</em></strong></span> <span class='ocrx_word' id='word_1_158' title='bbox 1067 2153 1251 2240; x_wconf 85' lang='grc' dir='ltr'><strong><em>ἐγκέφαλον</em></strong></span> 
     </span>
    </p>
   </div>
   <div class='ocr_carea' id='block_1_3' title="bbox 104 2381 1251 2740">
    <p class='ocr_par' dir='ltr' id='par_1_3' title="bbox 104 2381 1251 2740">
     <span class='ocr_line' id='line_1_18' title="bbox 139 2381 1250 2456; baseline -0.001 -15"><span class='ocrx_word' id='word_1_159' title='bbox 139 2393 155 2441; x_wconf 77' lang='grc'>2</span> <span class='ocrx_word' id='word_1_160' title='bbox 175 2385 295 2442; x_wconf 76' lang='grc' dir='ltr'><strong><em>ἕκαστον</em></strong></span> <span class='ocrx_word' id='word_1_161' title='bbox 315 2382 370 2455; x_wconf 80' lang='grc' dir='ltr'><strong><em>γάρ</em></strong></span> <span class='ocrx_word' id='word_1_162' title='bbox 387 2406 413 2442; x_wconf 83' lang='grc' dir='ltr'><strong><em>κ.</em></strong></span> <span class='ocrx_word' id='word_1_163' title='bbox 432 2407 455 2442; x_wconf 86' lang='grc' dir='ltr'><strong><em>τ,</em></strong></span> <span class='ocrx_word' id='word_1_164' title='bbox 469 2389 493 2441; x_wconf 81' lang='grc' dir='ltr'><strong><em>λ.</em></strong></span> <span class='ocrx_word' id='word_1_165' title='bbox 513 2403 600 2456; x_wconf 87' lang='lat' dir='ltr'><strong>nsque</strong></span> <span class='ocrx_word' id='word_1_166' title='bbox 619 2386 655 2442; x_wconf 81' lang='lat' dir='ltr'><strong>sd</strong></span> <span class='ocrx_word' id='word_1_167' title='bbox 673 2383 790 2442; x_wconf 82' lang='grc' dir='ltr'><strong><em>πάντων</em></strong></span> <span class='ocrx_word' id='word_1_168' title='bbox 809 2381 885 2442; x_wconf 83' lang='grc' dir='ltr'><strong><em>ἐστίν</em></strong></span> <span class='ocrx_word' id='word_1_169' title='bbox 900 2385 1008 2440; x_wconf 84' lang='lat' dir='ltr'><strong>Oribas.</strong></span> <span class='ocrx_word' id='word_1_170' title='bbox 1028 2384 1046 2439; x_wconf 91' lang='lat' dir='ltr'><strong><em>l.</em></strong></span> <span class='ocrx_word' id='word_1_171' title='bbox 1066 2383 1084 2440; x_wconf 91' lang='lat' dir='ltr'><strong><em>l.</em></strong></span> <span class='ocrx_word' id='word_1_172' title='bbox 1104 2414 1138 2424; x_wconf 90' lang='lat'><strong><em>-·</em></strong></span> <span class='ocrx_word' id='word_1_173' title='bbox 1156 2391 1173 2438; x_wconf 78' lang='lat'><strong><em>3</em></strong></span> <span class='ocrx_word' id='word_1_174' title='bbox 1193 2381 1250 2440; x_wconf 76' lang='grc' dir='ltr'><strong><em>ἐτέ-</em></strong></span> 
     </span>
     <span class='ocr_line' id='line_1_19' title="bbox 107 2449 1251 2528; baseline -0.003 -16"><span class='ocrx_word' id='word_1_175' title='bbox 107 2478 163 2526; x_wconf 86' lang='grc' dir='ltr'><strong><em>ρων</em></strong></span> <span class='ocrx_word' id='word_1_176' title='bbox 181 2456 327 2512; x_wconf 65' lang='lat' dir='ltr'><strong><em>naamam</em></strong></span> <span class='ocrx_word' id='word_1_177' title='bbox 345 2451 363 2527; x_wconf 83' lang='grc' dir='ltr'><em>ἢ</em></span> <span class='ocrx_word' id='word_1_178' title='bbox 383 2460 488 2528; x_wconf 86' lang='grc' dir='ltr'><strong><em>μορίων</em></strong></span> <span class='ocrx_word' id='word_1_179' title='bbox 507 2457 545 2514; x_wconf 85' lang='grc' dir='ltr'><strong><em>Μ.</em></strong></span> <span class='ocrx_word' id='word_1_180' title='bbox 565 2489 597 2500; x_wconf 85' lang='grc'><strong><em>-</em></strong></span> <span class='ocrx_word' id='word_1_181' title='bbox 618 2465 633 2512; x_wconf 80' lang='grc'><strong>4</strong></span> <span class='ocrx_word' id='word_1_182' title='bbox 653 2451 796 2526; x_wconf 81' lang='grc' dir='ltr'><strong><em>κάντωςῆ</em></strong></span> <span class='ocrx_word' id='word_1_183' title='bbox 816 2453 904 2526; x_wconf 65' lang='lat' dir='ltr'><strong>videor</strong></span> <span class='ocrx_word' id='word_1_184' title='bbox 922 2477 948 2512; x_wconf 87' lang='grc' dir='ltr'><strong><em>τι</em></strong></span> <span class='ocrx_word' id='word_1_185' title='bbox 962 2456 1023 2522; x_wconf 82' lang='lat' dir='ltr'><strong>(sic)</strong></span> <span class='ocrx_word' id='word_1_186' title='bbox 1037 2455 1074 2510; x_wconf 82' lang='lat' dir='ltr'><strong><em>M.</em></strong></span> <span class='ocrx_word' id='word_1_187' title='bbox 1095 2487 1126 2495; x_wconf 91' lang='lat'><em>-</em></span> <span class='ocrx_word' id='word_1_188' title='bbox 1148 2462 1164 2509; x_wconf 79' lang='lat'><strong>5</strong></span> <span class='ocrx_word' id='word_1_189' title='bbox 1184 2449 1251 2510; x_wconf 76' lang='grc' dir='ltr'><strong><em>ὅλου</em></strong></span> 
     </span>
     <span class='ocr_line' id='line_1_20' title="bbox 104 2521 1250 2584; baseline 0 -2"><span class='ocrx_word' id='word_1_190' title='bbox 104 2529 183 2583; x_wconf 76' lang='lat' dir='ltr'><strong>codd.</strong></span> <span class='ocrx_word' id='word_1_191' title='bbox 207 2529 269 2584; x_wconf 79' lang='lat' dir='ltr'><strong>edd.</strong></span> <span class='ocrx_word' id='word_1_192' title='bbox 294 2523 359 2583; x_wconf 79' lang='grc' dir='ltr'><strong><em>ὅλον</em></strong></span> <span class='ocrx_word' id='word_1_193' title='bbox 383 2547 441 2584; x_wconf 91' lang='lat' dir='ltr'><strong>nos.</strong></span> <span class='ocrx_word' id='word_1_194' title='bbox 467 2561 500 2570; x_wconf 92' lang='lat'>—</span> <span class='ocrx_word' id='word_1_195' title='bbox 526 2535 542 2584; x_wconf 87' lang='grc'><strong>6</strong></span> <span class='ocrx_word' id='word_1_196' title='bbox 565 2525 597 2583; x_wconf 83' lang='grc' dir='ltr'><strong><em>τὸ</em></strong></span> <span class='ocrx_word' id='word_1_197' title='bbox 622 2531 695 2583; x_wconf 80' lang='grc' dir='ltr'><strong><em>ίσιον</em></strong></span> <span class='ocrx_word' id='word_1_198' title='bbox 718 2530 798 2584; x_wconf 87' lang='lat' dir='ltr'>codd.</span> <span class='ocrx_word' id='word_1_199' title='bbox 817 2529 879 2584; x_wconf 90' lang='lat' dir='ltr'><strong>edd.</strong></span> <span class='ocrx_word' id='word_1_200' title='bbox 903 2525 934 2582; x_wconf 89' lang='grc' dir='ltr'><strong><em>τὸ</em></strong></span> <span class='ocrx_word' id='word_1_201' title='bbox 958 2526 1120 2582; x_wconf 84' lang='lat' dir='ltr'><strong>delevimus.</strong></span> <span class='ocrx_word' id='word_1_202' title='bbox 1141 2559 1172 2566; x_wconf 95' lang='lat'>—</span> <span class='ocrx_word' id='word_1_203' title='bbox 1197 2521 1250 2582; x_wconf 80' lang='grc' dir='ltr'><strong><em>ούιι</em></strong></span> 
     </span>
     <span class='ocr_line' id='line_1_21' title="bbox 104 2594 1249 2667; baseline -0.002 -13"><span class='ocrx_word' id='word_1_204' title='bbox 104 2595 192 2662; x_wconf 82' lang='grc' dir='ltr'><strong><em>άλλως</em></strong></span> <span class='ocrx_word' id='word_1_205' title='bbox 209 2600 247 2654; x_wconf 86' lang='grc' dir='ltr'><strong><em>Μ.</em></strong></span> <span class='ocrx_word' id='word_1_206' title='bbox 267 2631 300 2640; x_wconf 98' lang='grc'>-</span> <span class='ocrx_word' id='word_1_207' title='bbox 321 2607 353 2654; x_wconf 80' lang='grc'><strong><em>14</em></strong></span> <span class='ocrx_word' id='word_1_208' title='bbox 373 2597 450 2667; x_wconf 83' lang='grc' dir='ltr'><strong><em>παρὰ</em></strong></span> <span class='ocrx_word' id='word_1_209' title='bbox 469 2594 537 2662; x_wconf 82' lang='grc' dir='ltr'><strong><em>τούς</em></strong></span> <span class='ocrx_word' id='word_1_210' title='bbox 555 2595 660 2662; x_wconf 83' lang='grc' dir='ltr'><strong><em>τόκους</em></strong></span> <span class='ocrx_word' id='word_1_211' title='bbox 678 2600 757 2657; x_wconf 81' lang='lat' dir='ltr'><strong>codd.</strong></span> <span class='ocrx_word' id='word_1_212' title='bbox 772 2600 835 2658; x_wconf 88' lang='lat' dir='ltr'><strong>edd.</strong></span> <span class='ocrx_word' id='word_1_213' title='bbox 855 2595 927 2654; x_wconf 79' lang='grc' dir='ltr'><strong><em>κατὰ</em></strong></span> <span class='ocrx_word' id='word_1_214' title='bbox 947 2619 970 2654; x_wconf 92' lang='grc' dir='ltr'><strong><em>τ.</em></strong></span> <span class='ocrx_word' id='word_1_215' title='bbox 989 2619 1011 2656; x_wconf 87' lang='grc' dir='ltr'><strong><em>τ.</em></strong></span> <span class='ocrx_word' id='word_1_216' title='bbox 1032 2615 1095 2666; x_wconf 85' lang='lat' dir='ltr'><strong>nos;</strong></span> <span class='ocrx_word' id='word_1_217' title='bbox 1115 2597 1150 2652; x_wconf 84' lang='lat' dir='ltr'><strong><em>cf.</em></strong></span> <span class='ocrx_word' id='word_1_218' title='bbox 1164 2595 1249 2652; x_wconf 91' lang='lat' dir='ltr'><strong>Proll.</strong></span> 
     </span>
     <span class='ocr_line' id='line_1_22' title="bbox 105 2667 718 2740; baseline 0.002 -16"><span class='ocrx_word' id='word_1_219' title='bbox 105 2690 131 2740; x_wconf 91' lang='lat' dir='ltr'><strong><em>p.</em></strong></span> <span class='ocrx_word' id='word_1_220' title='bbox 154 2677 212 2726; x_wconf 76' lang='lat'>104.</span> <span class='ocrx_word' id='word_1_221' title='bbox 232 2703 264 2712; x_wconf 92' lang='lat'><em>-</em></span> <span class='ocrx_word' id='word_1_222' title='bbox 286 2678 319 2725; x_wconf 82' lang='lat'><strong><em>15</em></strong></span> <span class='ocrx_word' id='word_1_223' title='bbox 337 2667 442 2739; x_wconf 84' lang='grc' dir='ltr'><strong><em>νεύρου</em></strong></span> <span class='ocrx_word' id='word_1_224' title='bbox 462 2667 608 2740; x_wconf 85' lang='grc' dir='ltr'><strong><em>ἐνέργειαν</em></strong></span> <span class='ocrx_word' id='word_1_225' title='bbox 626 2671 663 2726; x_wconf 85' lang='grc' dir='ltr'><strong><em>Μ.</em></strong></span> <span class='ocrx_word' id='word_1_226' title='bbox 682 2703 718 2714; x_wconf 93' lang='lat'><strong><em>·-</em></strong></span> 
     </span>
    </p>
   </div>
   <div class='ocr_carea' id='block_1_4' title="bbox 116 2817 316 2824">
    <p class='ocr_par' dir='ltr' id='par_1_4' title="bbox 116 2817 316 2824">
     <span class='ocr_line' id='line_1_23' title="bbox 116 2817 316 2824; baseline 0 0"><span class='ocrx_word' id='word_1_227' title='bbox 116 2817 221 2824; x_wconf 79' lang='lat'><em>--—----</em></span> <span class='ocrx_word' id='word_1_228' title='bbox 236 2817 316 2824; x_wconf 57' lang='grc' dir='ltr'><strong><em>...ρ-..κ</em></strong></span> 
     </span>
    </p>
   </div>
   <div class='ocr_carea' id='block_1_5' title="bbox 59 2904 1295 4377">
    <p class='ocr_par' dir='ltr' id='par_1_5' title="bbox 59 2904 1295 4377">
     <span class='ocr_line' id='line_1_24' title="bbox 105 2904 1250 2993; baseline 0.002 -25"><span class='ocrx_word' id='word_1_229' title='bbox 105 2905 170 2970; x_wconf 86' lang='lat' dir='ltr'><strong><em>lem</em></strong></span> <span class='ocrx_word' id='word_1_230' title='bbox 194 2905 267 2990; x_wconf 86' lang='lat' dir='ltr'><strong>sibi,</strong></span> <span class='ocrx_word' id='word_1_231' title='bbox 290 2904 352 2970; x_wconf 84' lang='lat' dir='ltr'><strong><em>hoe</em></strong></span> <span class='ocrx_word' id='word_1_232' title='bbox 372 2910 422 2970; x_wconf 84' lang='lat' dir='ltr'><strong>est</strong></span> <span class='ocrx_word' id='word_1_233' title='bbox 441 2907 530 2972; x_wconf 79' lang='lat' dir='ltr'><strong>curui</strong></span> <span class='ocrx_word' id='word_1_234' title='bbox 554 2907 820 2993; x_wconf 76' lang='lat' dir='ltr'><strong>substantiaeque</strong></span> <span class='ocrx_word' id='word_1_235' title='bbox 839 2927 925 2990; x_wconf 90' lang='lat' dir='ltr'><strong>suae,</strong></span> <span class='ocrx_word' id='word_1_236' title='bbox 948 2927 1029 2991; x_wconf 86' lang='lat' dir='ltr'><strong>qnae</strong></span> <span class='ocrx_word' id='word_1_237' title='bbox 1049 2928 1069 2969; x_wconf 85' lang='lat' dir='ltr'><strong>a</strong></span> <span class='ocrx_word' id='word_1_238' title='bbox 1084 2906 1250 2971; x_wconf 85' lang='lat' dir='ltr'>nonnullis</span> 
     </span>
     <span class='ocr_line' id='line_1_25' title="bbox 105 3011 1250 3099; baseline 0.002 -23"><span class='ocrx_word' id='word_1_239' title='bbox 105 3013 239 3078; x_wconf 81' lang='lat' dir='ltr'><strong>medicis</strong></span> <span class='ocrx_word' id='word_1_240' title='bbox 262 3011 480 3097; x_wconf 82' lang='lat' dir='ltr'><strong>parenehyma</strong></span> <span class='ocrx_word' id='word_1_241' title='bbox 507 3013 633 3079; x_wconf 84' lang='lat' dir='ltr'><strong>dieitur.</strong></span> <span class='ocrx_word' id='word_1_242' title='bbox 677 3014 709 3080; x_wconf 86' lang='lat' dir='ltr'>N</span> <span class='ocrx_word' id='word_1_243' title='bbox 712 3037 765 3079; x_wconf 89' lang='lat' dir='ltr'><strong><em>am</em></strong></span> <span class='ocrx_word' id='word_1_244' title='bbox 791 3034 1002 3099; x_wconf 79' lang='lat' dir='ltr'><strong>unaquaeque</strong></span> <span class='ocrx_word' id='word_1_245' title='bbox 1028 3035 1105 3097; x_wconf 84' lang='lat' dir='ltr'><strong>pars</strong></span> <span class='ocrx_word' id='word_1_246' title='bbox 1129 3013 1250 3078; x_wconf 81' lang='lat' dir='ltr'><strong>anima·</strong></span> 
     </span>
     <span class='ocr_line' id='line_1_26' title="bbox 103 3118 1251 3204; baseline 0.002 -22"><span class='ocrx_word' id='word_1_247' title='bbox 103 3118 157 3201; x_wconf 82' lang='lat' dir='ltr'><strong>lis,</strong></span> <span class='ocrx_word' id='word_1_248' title='bbox 178 3139 260 3203; x_wconf 84' lang='lat' dir='ltr'><strong>quse</strong></span> <span class='ocrx_word' id='word_1_249' title='bbox 285 3119 440 3204; x_wconf 83' lang='lat' dir='ltr'><strong>organica</strong></span> <span class='ocrx_word' id='word_1_250' title='bbox 462 3124 606 3204; x_wconf 81' lang='lat' dir='ltr'><strong>vocatur,</strong></span> <span class='ocrx_word' id='word_1_251' title='bbox 629 3143 702 3186; x_wconf 82' lang='lat' dir='ltr'><strong><em>eum</em></strong></span> <span class='ocrx_word' id='word_1_252' title='bbox 726 3121 771 3186; x_wconf 87' lang='lat' dir='ltr'><strong>sit</strong></span> <span class='ocrx_word' id='word_1_253' title='bbox 793 3143 831 3184; x_wconf 85' lang='lat' dir='ltr'><strong><em>ex</em></strong></span> <span class='ocrx_word' id='word_1_254' title='bbox 855 3121 930 3184; x_wconf 85' lang='lat' dir='ltr'><strong>aliis</strong></span> <span class='ocrx_word' id='word_1_255' title='bbox 953 3119 1103 3204; x_wconf 80' lang='lat' dir='ltr'><strong>partibus</strong></span> <span class='ocrx_word' id='word_1_256' title='bbox 1128 3118 1251 3204; x_wconf 91' lang='lat' dir='ltr'><strong>simpli·</strong></span> 
     </span>
     <span class='ocr_line' id='line_1_27' title="bbox 103 3224 1251 3312; baseline 0.002 -24"><span class='ocrx_word' id='word_1_257' title='bbox 103 3224 245 3290; x_wconf 84' lang='lat' dir='ltr'><strong>eioribus</strong></span> <span class='ocrx_word' id='word_1_258' title='bbox 274 3226 469 3310; x_wconf 83' lang='lat' dir='ltr'><strong>composita,</strong></span> <span class='ocrx_word' id='word_1_259' title='bbox 502 3228 668 3312; x_wconf 77' lang='lat' dir='ltr'>propriam</span> <span class='ocrx_word' id='word_1_260' title='bbox 700 3226 863 3312; x_wconf 84' lang='lat' dir='ltr'><strong>quandam</strong></span> <span class='ocrx_word' id='word_1_261' title='bbox 896 3225 1114 3291; x_wconf 84' lang='lat' dir='ltr'><strong>substantium</strong></span> <span class='ocrx_word' id='word_1_262' title='bbox 1142 3225 1251 3309; x_wconf 86' lang='lat' dir='ltr'><strong>habet,</strong></span> 
     </span>
     <span class='ocr_line' id='line_1_28' title="bbox 59 3331 1251 3417; baseline 0.002 -23"><span class='ocrx_word' id='word_1_263' title='bbox 59 3381 62 3386; x_wconf 92' lang='lat'>.</span> <span class='ocrx_word' id='word_1_264' title='bbox 103 3331 230 3416; x_wconf 86' lang='lat' dir='ltr'><strong>qualem</strong></span> <span class='ocrx_word' id='word_1_265' title='bbox 264 3331 347 3396; x_wconf 91' lang='lat' dir='ltr'><strong>nihil</strong></span> <span class='ocrx_word' id='word_1_266' title='bbox 380 3331 468 3396; x_wconf 88' lang='lat' dir='ltr'><strong>aliud</strong></span> <span class='ocrx_word' id='word_1_267' title='bbox 502 3333 537 3398; x_wconf 91' lang='lat' dir='ltr'><strong><em>in</em></strong></span> <span class='ocrx_word' id='word_1_268' title='bbox 567 3339 639 3400; x_wconf 85' lang='lat' dir='ltr'><strong>toto</strong></span> <span class='ocrx_word' id='word_1_269' title='bbox 669 3334 819 3399; x_wconf 82' lang='lat' dir='ltr'><strong>animalis</strong></span> <span class='ocrx_word' id='word_1_270' title='bbox 852 3354 996 3417; x_wconf 79' lang='lat' dir='ltr'><strong>corpore.</strong></span> <span class='ocrx_word' id='word_1_271' title='bbox 1047 3331 1100 3398; x_wconf 85' lang='lat' dir='ltr'><strong><em>Sic</em></strong></span> <span class='ocrx_word' id='word_1_272' title='bbox 1127 3333 1251 3398; x_wconf 81' lang='lat' dir='ltr'><strong>ventris</strong></span> 
     </span>
     <span class='ocr_line' id='line_1_29' title="bbox 103 3439 1251 3524; baseline 0.003 -23"><span class='ocrx_word' id='word_1_273' title='bbox 103 3459 221 3522; x_wconf 84' lang='lat' dir='ltr'><strong>eorpus</strong></span> <span class='ocrx_word' id='word_1_274' title='bbox 244 3439 414 3522; x_wconf 88' lang='lat' dir='ltr'><strong><em>preprium</em></strong></span> <span class='ocrx_word' id='word_1_275' title='bbox 438 3439 591 3524; x_wconf 78' lang='lat' dir='ltr'><strong>quiddam</strong></span> <span class='ocrx_word' id='word_1_276' title='bbox 614 3442 777 3506; x_wconf 78' lang='lat' dir='ltr'><strong>diuersum</strong></span> <span class='ocrx_word' id='word_1_277' title='bbox 801 3440 843 3505; x_wconf 85' lang='lat' dir='ltr'><strong><em>ab</em></strong></span> <span class='ocrx_word' id='word_1_278' title='bbox 867 3440 940 3504; x_wconf 86' lang='lat' dir='ltr'><strong>aliis</strong></span> <span class='ocrx_word' id='word_1_279' title='bbox 965 3440 1115 3506; x_wconf 87' lang='lat' dir='ltr'><strong>omnibus</strong></span> <span class='ocrx_word' id='word_1_280' title='bbox 1139 3439 1251 3524; x_wconf 80' lang='lat' dir='ltr'><strong>habet3</strong></span> 
     </span>
     <span class='ocr_line' id='line_1_30' title="bbox 103 3544 1251 3634; baseline 0.002 -26"><span class='ocrx_word' id='word_1_281' title='bbox 103 3545 181 3610; x_wconf 78' lang='lat' dir='ltr'><strong>item</strong></span> <span class='ocrx_word' id='word_1_282' title='bbox 205 3544 310 3629; x_wconf 89' lang='lat' dir='ltr'><strong>lienis,</strong></span> <span class='ocrx_word' id='word_1_283' title='bbox 333 3547 467 3630; x_wconf 79' lang='lat' dir='ltr'>cerebri,</span> <span class='ocrx_word' id='word_1_284' title='bbox 490 3569 612 3632; x_wconf 89' lang='lat' dir='ltr'><strong>renum,</strong></span> <span class='ocrx_word' id='word_1_285' title='bbox 635 3550 779 3634; x_wconf 73' lang='lat' dir='ltr'><strong>linguae,</strong></span> <span class='ocrx_word' id='word_1_286' title='bbox 803 3548 980 3631; x_wconf 81' lang='lat' dir='ltr'><strong>oculorum,</strong></span> <span class='ocrx_word' id='word_1_287' title='bbox 1001 3547 1137 3630; x_wconf 77' lang='lat' dir='ltr'><strong>vesicae,</strong></span> <span class='ocrx_word' id='word_1_288' title='bbox 1160 3547 1251 3611; x_wconf 84' lang='lat' dir='ltr'><strong>uteri.</strong></span> 
     </span>
     <span class='ocr_line' id='line_1_31' title="bbox 103 3651 1252 3736; baseline 0.003 -21"><span class='ocrx_word' id='word_1_289' title='bbox 103 3651 254 3716; x_wconf 84' lang='lat' dir='ltr'><strong>Arterise</strong></span> <span class='ocrx_word' id='word_1_290' title='bbox 278 3652 408 3736; x_wconf 87' lang='lat' dir='ltr'><strong>quidem</strong></span> <span class='ocrx_word' id='word_1_291' title='bbox 432 3657 465 3718; x_wconf 89' lang='lat' dir='ltr'><strong><em>et</em></strong></span> <span class='ocrx_word' id='word_1_292' title='bbox 487 3655 577 3720; x_wconf 80' lang='lat' dir='ltr'><strong>nervi</strong></span> <span class='ocrx_word' id='word_1_293' title='bbox 596 3659 629 3718; x_wconf 92' lang='lat' dir='ltr'><strong><em>et</em></strong></span> <span class='ocrx_word' id='word_1_294' title='bbox 650 3677 752 3720; x_wconf 82' lang='lat' dir='ltr'><strong>venae</strong></span> <span class='ocrx_word' id='word_1_295' title='bbox 771 3653 952 3721; x_wconf 87' lang='lat' dir='ltr'><strong>communis</strong></span> <span class='ocrx_word' id='word_1_296' title='bbox 975 3653 1129 3718; x_wconf 75' lang='lat' dir='ltr'><strong>utilitatis</strong></span> <span class='ocrx_word' id='word_1_297' title='bbox 1153 3675 1252 3718; x_wconf 83' lang='lat' dir='ltr'><strong>eausa</strong></span> 
     </span>
     <span class='ocr_line' id='line_1_32' title="bbox 103 3757 1251 3846; baseline 0.003 -26"><span class='ocrx_word' id='word_1_298' title='bbox 103 3757 328 3824; x_wconf 81' lang='lat' dir='ltr'><strong><em>instrumentis</em></strong></span> <span class='ocrx_word' id='word_1_299' title='bbox 358 3759 558 3846; x_wconf 86' lang='lat' dir='ltr'><strong>inseruntur,</strong></span> <span class='ocrx_word' id='word_1_300' title='bbox 589 3761 669 3826; x_wconf 87' lang='lat' dir='ltr'><strong>item</strong></span> <span class='ocrx_word' id='word_1_301' title='bbox 701 3760 867 3828; x_wconf 87' lang='lat' dir='ltr'><strong>nonnullis</strong></span> <span class='ocrx_word' id='word_1_302' title='bbox 899 3781 1011 3826; x_wconf 90' lang='lat' dir='ltr'><strong>eorum</strong></span> <span class='ocrx_word' id='word_1_303' title='bbox 1043 3760 1251 3826; x_wconf 81' lang='lat' dir='ltr'><strong>membranae</strong></span> 
     </span>
     <span class='ocr_line' id='line_1_33' title="bbox 104 3865 1295 3953; baseline 0.003 -25"><span class='ocrx_word' id='word_1_304' title='bbox 104 3869 136 3928; x_wconf 86' lang='lat' dir='ltr'><strong><em>et</em></strong></span> <span class='ocrx_word' id='word_1_305' title='bbox 158 3865 345 3951; x_wconf 81' lang='lat' dir='ltr'><strong>ligsments.</strong></span> <span class='ocrx_word' id='word_1_306' title='bbox 391 3866 436 3931; x_wconf 84' lang='lat' dir='ltr'><strong><em>At</em></strong></span> <span class='ocrx_word' id='word_1_307' title='bbox 459 3867 528 3932; x_wconf 86' lang='lat' dir='ltr'><strong>sine</strong></span> <span class='ocrx_word' id='word_1_308' title='bbox 552 3869 604 3932; x_wconf 93' lang='lat' dir='ltr'><strong>his</strong></span> <span class='ocrx_word' id='word_1_309' title='bbox 627 3871 736 3934; x_wconf 86' lang='lat' dir='ltr'><strong>tamen</strong></span> <span class='ocrx_word' id='word_1_310' title='bbox 760 3867 914 3951; x_wconf 82' lang='lat' dir='ltr'><strong>cuiusque</strong></span> <span class='ocrx_word' id='word_1_311' title='bbox 938 3867 1082 3950; x_wconf 84' lang='lat' dir='ltr'><strong>eorporis</strong></span> <span class='ocrx_word' id='word_1_312' title='bbox 1106 3867 1251 3953; x_wconf 91' lang='lat' dir='ltr'><strong><em>proprie·</em></strong></span> <span class='ocrx_word' id='word_1_313' title='bbox 1291 3867 1295 3874; x_wconf 84' lang='grc'><strong>’</strong></span> 
     </span>
     <span class='ocr_line' id='line_1_34' title="bbox 103 3973 1252 4059; baseline 0.003 -24"><span class='ocrx_word' id='word_1_314' title='bbox 103 3975 154 4036; x_wconf 87' lang='lat' dir='ltr'><strong><em>tue</em></strong></span> <span class='ocrx_word' id='word_1_315' title='bbox 187 3977 250 4058; x_wconf 81' lang='lat' dir='ltr'><strong>est;</strong></span> <span class='ocrx_word' id='word_1_316' title='bbox 281 3995 380 4058; x_wconf 87' lang='lat' dir='ltr'><strong>quare</strong></span> <span class='ocrx_word' id='word_1_317' title='bbox 413 3973 514 4038; x_wconf 85' lang='lat' dir='ltr'><strong>etiarn</strong></span> <span class='ocrx_word' id='word_1_318' title='bbox 546 3975 754 4059; x_wconf 84' lang='lat' dir='ltr'><strong>praeeipuam</strong></span> <span class='ocrx_word' id='word_1_319' title='bbox 787 3973 949 4059; x_wconf 84' lang='lat' dir='ltr'><strong>quandum</strong></span> <span class='ocrx_word' id='word_1_320' title='bbox 982 3977 1111 4058; x_wconf 84' lang='lat' dir='ltr'><strong>praeter</strong></span> <span class='ocrx_word' id='word_1_321' title='bbox 1144 3977 1252 4038; x_wconf 75' lang='lat' dir='ltr'><strong>cetera</strong></span> 
     </span>
     <span class='ocr_line' id='line_1_35' title="bbox 103 4078 1252 4146; baseline 0.002 -4"><span class='ocrx_word' id='word_1_322' title='bbox 103 4079 302 4144; x_wconf 82' lang='lat' dir='ltr'><strong>functionem</strong></span> <span class='ocrx_word' id='word_1_323' title='bbox 344 4078 453 4145; x_wconf 86' lang='lat' dir='ltr'><strong>habet</strong></span> <span class='ocrx_word' id='word_1_324' title='bbox 518 4081 681 4146; x_wconf 90' lang='lat' dir='ltr'><strong>Nimirum</strong></span> <span class='ocrx_word' id='word_1_325' title='bbox 722 4082 756 4145; x_wconf 92' lang='lat' dir='ltr'><strong><em>in</em></strong></span> <span class='ocrx_word' id='word_1_326' title='bbox 789 4081 953 4146; x_wconf 79' lang='lat' dir='ltr'><strong>communi</strong></span> <span class='ocrx_word' id='word_1_327' title='bbox 991 4080 1171 4146; x_wconf 83' lang='lat' dir='ltr'><strong>eommunis</strong></span> <span class='ocrx_word' id='word_1_328' title='bbox 1208 4081 1252 4144; x_wconf 89' lang='lat' dir='ltr'><strong>sit</strong></span> 
     </span>
     <span class='ocr_line' id='line_1_36' title="bbox 103 4185 1252 4272; baseline 0 -22"><span class='ocrx_word' id='word_1_329' title='bbox 103 4185 228 4252; x_wconf 78' lang='lat' dir='ltr'><strong>fimetio</strong></span> <span class='ocrx_word' id='word_1_330' title='bbox 251 4208 382 4252; x_wconf 85' lang='lat' dir='ltr'><strong>necesse</strong></span> <span class='ocrx_word' id='word_1_331' title='bbox 405 4190 468 4272; x_wconf 88' lang='lat' dir='ltr'><strong>est;</strong></span> <span class='ocrx_word' id='word_1_332' title='bbox 492 4209 595 4272; x_wconf 88' lang='lat' dir='ltr'><strong>neque</strong></span> <span class='ocrx_word' id='word_1_333' title='bbox 619 4187 705 4253; x_wconf 87' lang='lat' dir='ltr'><strong>enim</strong></span> <span class='ocrx_word' id='word_1_334' title='bbox 728 4187 798 4252; x_wconf 88' lang='lat' dir='ltr'><strong>fieri</strong></span> <span class='ocrx_word' id='word_1_335' title='bbox 821 4190 944 4272; x_wconf 86' lang='lat' dir='ltr'><strong>potest,</strong></span> <span class='ocrx_word' id='word_1_336' title='bbox 967 4187 1057 4251; x_wconf 90' lang='lat' dir='ltr'><strong>utin</strong></span> <span class='ocrx_word' id='word_1_337' title='bbox 1079 4186 1161 4252; x_wconf 87' lang='lat' dir='ltr'><strong>locis</strong></span> <span class='ocrx_word' id='word_1_338' title='bbox 1184 4207 1252 4252; x_wconf 86' lang='lat' dir='ltr'><strong>eor·</strong></span> 
     </span>
     <span class='ocr_line' id='line_1_37' title="bbox 103 4292 1251 4377; baseline -0.002 -19"><span class='ocrx_word' id='word_1_339' title='bbox 103 4293 192 4374; x_wconf 90' lang='lat' dir='ltr'><strong>poris</strong></span> <span class='ocrx_word' id='word_1_340' title='bbox 217 4298 273 4358; x_wconf 85' lang='lat' dir='ltr'><strong>sut</strong></span> <span class='ocrx_word' id='word_1_341' title='bbox 298 4315 399 4358; x_wconf 85' lang='lat' dir='ltr'><strong>venae</strong></span> <span class='ocrx_word' id='word_1_342' title='bbox 424 4296 480 4356; x_wconf 85' lang='lat' dir='ltr'><strong>sut</strong></span> <span class='ocrx_word' id='word_1_343' title='bbox 507 4292 645 4356; x_wconf 78' lang='lat' dir='ltr'><strong><em>arteriae</em></strong></span> <span class='ocrx_word' id='word_1_344' title='bbox 668 4297 726 4357; x_wconf 85' lang='lat' dir='ltr'><strong><em>aut</em></strong></span> <span class='ocrx_word' id='word_1_345' title='bbox 748 4293 838 4358; x_wconf 83' lang='lat' dir='ltr'><strong>nervi</strong></span> <span class='ocrx_word' id='word_1_346' title='bbox 861 4293 986 4359; x_wconf 85' lang='lat' dir='ltr'><strong>functio</strong></span> <span class='ocrx_word' id='word_1_347' title='bbox 1011 4293 1167 4377; x_wconf 84' lang='lat' dir='ltr'><strong>varietur,</strong></span> <span class='ocrx_word' id='word_1_348' title='bbox 1196 4292 1251 4358; x_wconf 91' lang='lat' dir='ltr'><strong>sed</strong></span> 
     </span>
    </p>
   </div>
   <div class='ocr_carea' id='block_1_6' title="bbox 103 4399 1251 4564">
    <p class='ocr_par' dir='ltr' id='par_1_6' title="bbox 103 4399 1251 4564">
     <span class='ocr_line' id='line_1_38' title="bbox 103 4399 1251 4484; baseline 0.003 -23"><span class='ocrx_word' id='word_1_349' title='bbox 103 4399 171 4464; x_wconf 86' lang='lat' dir='ltr'><strong>sive</strong></span> <span class='ocrx_word' id='word_1_350' title='bbox 199 4399 345 4465; x_wconf 81' lang='lat' dir='ltr'><strong>insalsa</strong></span> <span class='ocrx_word' id='word_1_351' title='bbox 372 4401 441 4464; x_wconf 85' lang='lat' dir='ltr'><strong>sive</strong></span> <span class='ocrx_word' id='word_1_352' title='bbox 468 4400 502 4464; x_wconf 93' lang='lat' dir='ltr'><strong><em>in</em></strong></span> <span class='ocrx_word' id='word_1_353' title='bbox 531 4399 662 4464; x_wconf 83' lang='lat' dir='ltr'><strong>cerebro</strong></span> <span class='ocrx_word' id='word_1_354' title='bbox 691 4399 845 4464; x_wconf 81' lang='lat' dir='ltr'><strong>arteriam</strong></span> <span class='ocrx_word' id='word_1_355' title='bbox 870 4400 1069 4484; x_wconf 81' lang='lat' dir='ltr'><strong>consideres,</strong></span> <span class='ocrx_word' id='word_1_356' title='bbox 1097 4400 1251 4466; x_wconf 84' lang='lat' dir='ltr'><strong>continuo</strong></span> 
     </span>
     <span class='ocr_line' id='line_1_39' title="bbox 157 4510 1040 4564; baseline -0.005 -10"><span class='ocrx_word' id='word_1_357' title='bbox 157 4513 238 4554; x_wconf 77' lang='lat' dir='ltr'><strong>Galeri</strong></span> <span class='ocrx_word' id='word_1_358' title='bbox 251 4515 280 4554; x_wconf 80' lang='lat' dir='ltr'><strong><em>de</em></strong></span> <span class='ocrx_word' id='word_1_359' title='bbox 293 4515 354 4554; x_wconf 73' lang='lat' dir='ltr'><strong>Plss.</strong></span> <span class='ocrx_word' id='word_1_360' title='bbox 369 4514 429 4554; x_wconf 71' lang='lat' dir='ltr'><strong>Plus</strong></span> <span class='ocrx_word' id='word_1_361' title='bbox 443 4517 465 4554; x_wconf 76' lang='lat' dir='ltr'><strong><em>et</em></strong></span> <span class='ocrx_word' id='word_1_362' title='bbox 478 4514 587 4564; x_wconf 67' lang='lat' dir='ltr'><strong><em>Hippone.</em></strong></span> <span class='ocrx_word' id='word_1_363' title='bbox 602 4512 663 4553; x_wconf 82' lang='lat' dir='ltr'><strong>libri.</strong></span> <span class='ocrx_word' id='word_1_364' title='bbox 1005 4510 1040 4558; x_wconf 78' lang='grc'><strong><em>36</em></strong></span> 
     </span>
    </p>
   </div>
   <div class='ocr_carea' id='block_1_7' title="bbox 0 0 1592 5192">
    <p class='ocr_par' dir='ltr' id='par_1_7' title="bbox 0 0 1592 5192">
     <span class='ocr_line' id='line_1_40' title="bbox 0 0 1592 5192; baseline 0 0"><span class='ocrx_word' id='word_1_365' title='bbox 0 0 1592 5192; x_wconf 95' lang='lat' dir='ltr'><strong><em> </em></strong></span> 
     </span>
    </p>
   </div>
  </div>
 </body>
</html>
