3444 5140
639 424 881 489 -757-

189 579 305 664 ’μένον
340 581 401 646 τοῦ
438 576 588 665 ἀγκῶνος
624 577 666 648 οὐ
701 582 789 667 μάλα
831 579 972 649 δύναται
1008 580 1118 668 ὥσπερ
1152 582 1215 671 τὴν
1243 582 1338 672 ὑγιέα

190 682 280 752 ‘odel
317 685 480 772 παράγειν
516 690 602 754 ἔνθα
625 687 679 754 καὶ
717 692 801 754 ἔνθα
832 685 975 775 ὁμοίως]
1021 687 1105 776 αὕτη
1133 690 1196 777 μὲν
1227 689 1246 779 ἡ
1276 696 1337 760 τοῦ

185 789 422 879 Ἱπποκράτους
451 793 546 878 ῥῆσις
573 790 593 878 ἡ
624 790 708 880 αὐτὴ
736 796 776 882 τῇ
805 792 886 862 κατὰ
914 793 951 862 τὸ
975 797 1247 881 Προγνωστικόν.
1292 798 1338 880 ὠς

189 896 252 984 γάρ
277 899 345 964 ἐκεῖ
364 897 402 965 τὸ
426 897 607 985 πρόσωπον
626 896 711 985 ἡμᾶς
732 903 793 968 τοῦ
816 904 1000 982 νοσοῦντος
1027 903 1175 971 ἐκέλευσε
1199 907 1365 994 σκοπεῖ-14

189 1012 283 1086 σθαι,
306 1003 447 1092 πότερον
466 1003 585 1091 ὅμοιόν
609 1007 699 1074 ἐστιν
722 1002 742 1093 ἢ
766 1003 930 1094 ἀνόμοιον
951 1013 997 1100 τῷ
1019 1013 1088 1076 τῶν
1102 1007 1403 1099 ὑμιοιινόντων,746

188 1107 329 1196 μάλιστα
354 1114 390 1177 δὲ
414 1115 445 1178 el
466 1107 546 1180 αὐτὸ
572 1111 688 1204 ἑαυτῷ,
712 1111 799 1181 οὕτω
823 1117 888 1181 νῦν
910 1113 947 1182 τὸ
973 1115 1177 1196 ἐκπεπτωκὸς
1204 1116 1337 1206 ἄρθρον

188 1219 233 1306 τῷ
256 1213 346 1302 ὑγιεῖ
370 1217 573 1303 παραβάλλει
603 1218 665 1305 τὴν
692 1217 888 1306 παραβολὴν
920 1220 1122 1307 ποιούμενος
1150 1224 1201 1292 ἐπὶ
1230 1221 1335 1294 αὐτοῦ

188 1327 249 1391 τοῦ
288 1324 497 1404 πεπονθότος
533 1322 731 1410 ἀνθρώπου·
778 1323 885 1413 ἀπάτη
926 1325 1007 1414 γάρ,
1039 1323 1083 1414 ἣν
1109 1330 1334 1418 παραξύοεσιν

188 1426 358 1516 ὠνόμασε,
394 1437 521 1517 γίνεται
557 1428 731 1518 πολλάκις,
772 1431 832 1500 ἐὰν
868 1448 939 1512 τοῖς
974 1430 1162 1522 ἀλλοτρίοις
1194 1435 1336 1526 ἄρθροις

188 1535 401 1626 παραβάλλῃς
427 1534 519 1606 αὐτό.
563 1539 618 1606 καὶ
646 1541 761 1626 μέντοι
790 1539 845 1607 καὶ
872 1537 918 1619 ὡς
947 1541 982 1608 ἐκ
1008 1543 1076 1608 τῶν
1107 1543 1190 1610 κατὰ
1222 1545 1333 1633 μέρος,
1349 1568 1375 1607 10

189 1645 227 1707 εί.
240 1640 359 1728 ὅμοιόν
383 1645 518 1736 ἐστιτῷ
541 1643 623 1712 κατὰ
647 1644 752 1731 φύσιν
771 1650 880 1731 ἔχοντι
901 1645 939 1715 τό
963 1673 1000 1733 γε
1022 1648 1203 1734 πεπονθός,
1228 1655 1334 1719 ἔνεστι

189 1751 388 1834 διαγνῶναι,
420 1750 572 1837 καθάπερ
609 1753 646 1819 ἐν
682 1756 727 1843 τῷ
764 1757 1012 1846 Προγνωστικῷ
1050 1756 1208 1842 διῆλθεν,
1245 1755 1333 1825 οὕτω

187 1851 361 1923 κάνταῦθα
389 1854 429 1924 τά
452 1856 514 1943 μὲν
536 1856 620 1926 άλλα
643 1858 772 1944 γράψας
794 1863 913 1944 καλῶς,
938 1861 975 1928 ἐν
997 1852 1023 1952 ᾧ
1048 1858 1084 1928 dt
1107 1859 1151 1928 άν
1178 1890 1228 1942 τις
1251 1883 1335 1950 σφα-

188 1967 258 2047 λείη
291 1960 347 2029 διὰ
373 1962 436 2050 τὴν
464 1964 546 2051 πρὸς
571 1963 609 2033 τὸ
638 1964 844 2052 ἐξηρθρηκὸς
871 1963 1067 2053 ὁμοιότητα,
1094 1971 1194 2036 τοῦτο
1225 1971 1335 2058 ἐπιση-

186 2067 387 2156 μηνάμενος,
410 2069 455 2150 ug
476 2070 700 2160 παραξύνεσιν
734 2077 812 2157 ἔχον
834 2073 888 2139 καὶ
912 2071 1004 2142 αι’πό.
1049 2074 1190 2161 ταπεινὴ
1223 2076 1288 2164 μὰρ
1312 2076 1373 2164 i¹⁵

188 2174 309 2262 ἐποιμὶς
341 2173 383 2244 οὐ
415 2178 523 2266 μόνον
546 2179 598 2246 ἐπὶ
634 2182 703 2246 τῶν
727 2179 982 2266 ἐξηρθρηκότων
1006 2181 1113 2266 ἐστίν,
1146 2177 1231 2248 ἀλλὰ
1253 2180 1333 2251 udal

189 2341 400 2350 ———-.-—-

224 2435 236 2480 1
257 2427 515 2496 μᾶλλονΔΒΟλιΚ.
543 2459 573 2468 -
601 2423 740 2484 δύνανται
759 2427 888 2483 ΑΒΟΙιΚ
912 2422 1033 2481 δύναται
1052 2427 1133 2486 Corn.
1160 2463 1192 2470 —
1216 2429 1331 2501 3βῆοις

187 2492 258 2568 αὐτῇ
284 2498 381 2554 ABCh
405 2496 429 2568 ρ’.
453 2495 536 2584 ὁμοίρ
556 2499 586 2566 (i.
608 2517 631 2554 e.
655 2496 750 2569 ὁμοία)
770 2499 850 2554 Corn.
876 2497 900 2568 ὁ.
923 2494 941 2568 ἡ
961 2493 1033 2568 oderi
1057 2500 1091 2554 Κ.
1119 2533 1150 2540 -
1175 2509 1191 2556 5
1215 2503 1253 2572 τῷ
1277 2521 1330 2558 om.

189 2569 295 2624 ABCh.
311 2602 344 2610 -
366 2577 398 2626 10
417 2573 607 2642 παραβάλλοις
620 2570 727 2626 ABch.
744 2601 776 2610 -
798 2578 830 2625 13
845 2591 872 2625 τι
886 2569 1015 2624 ABChK
1033 2591 1075 2633 τις
1087 2589 1147 2626 ῐιοιι.
1163 2605 1195 2612 -
1217 2582 1250 2627 λλ
1269 2569 1331 2643 ἔξη-

186 2635 295 2709 θρηιιός
313 2641 346 2696 Α,
366 2673 399 2681 -
419 2637 715 2712 ἕπιοημονοννὴμενος
734 2642 775 2708 Μς
799 2642 834 2696 cf.
853 2643 917 2698 adn.
939 2641 999 2696 crit.
1019 2660 1104 2712 supra
1122 2662 1149 2713 p.
1170 2650 1234 2712 753,
1256 2653 1279 2700 l.
1298 2677 1331 2686 —

189 2718 220 2765 15
240 2707 333 2780 ὥσπερ
352 2707 466 2778 ξύνεσιν
485 2713 522 2766 Μ.
541 2743 575 2754 -
595 2720 629 2768 16
649 2707 664 2766 ὁ
685 2730 734 2782 pro
754 2707 788 2768 ori
808 2713 846 2767 Μ.
866 2743 900 2754 -
920 2709 1136 2783 ἐξηρθρηλὸιιον
1154 2716 1191 2774 Μ.
1211 2747 1244 2756 -

186 2932 243 2996 ita
269 2935 402 3016 potest
430 2931 616 2996 attollere
649 2928 809 3015 perinde
839 2951 880 2994 ao
909 2951 1039 2994 senam
1073 2953 1196 3016 neque
1226 2933 1334 2998 simi·

185 3038 278 3103 liter
297 3038 378 3104 .huc
407 3043 444 3103 et
471 3038 568 3103 illuc
595 3035 819 3102 traducere?
865 3035 955 3100 Haec
982 3035 1196 3120 Hippocratis
1225 3042 1333 3107 oratio

186 3145 301 3212 similis
325 3150 376 3210 est
397 3146 457 3230 illi,
478 3167 577 3229 quam
599 3145 634 3210 in
656 3143 871 3228 Prognostica
898 3142 1008 3207 tradit.
1053 3141 1332 3220 Quemadmodum

186 3253 271 3318 enim
291 3253 337 3317 ibi
361 3251 477 3318 faciem
497 3251 698 3338 aegrotantis
721 3273 781 3316 nos
800 3249 961 3333 inspicere
983 3249 1089 3334 iussit,
1113 3253 1270 3318 similione
1289 3276 1331 3318 sn

186 3359 354 3424 dissimilis
387 3359 458 3424 seni
490 3359 653 3424 rideretur
685 3380 722 3422 ao
755 3356 929 3441 praecipue
966 3357 1016 3421 sui
1046 3357 1165 3444 ipsius,
1196 3361 1244 3424 ila
1277 3360 1331 3425 hic

184 3467 332 3532 luxatum
356 3467 529 3532 articulum
549 3489 622 3530 oum
642 3488 720 3531 sano
739 3466 788 3529 ita
807 3469 986 3549 comparat,
1008 3464 1096 3529 utin
1120 3466 1231 3531 eodem
1249 3466 1332 3551 ipso,

186 3575 240 3659 qui
258 3575 396 3660 laboret,
415 3574 693 3658 comparationem
711 3572 874 3656 instituat3
894 3571 984 3636 fraus
1003 3571 1099 3656 enim,
1122 3594 1218 3657 quam
1242 3595 1331 3638 men·

185 3683 227 3745 tis
252 3703 394 3746 errorem
414 3680 602 3765 appellavit,
625 3703 722 3765 saepe
744 3682 790 3764 fit,
814 3680 935 3745 sicum
955 3678 1070 3743 olienis
1091 3679 1237 3744 articulis
1256 3701 1330 3744 eum

185 3788 369 3853 contuleris.
420 3787 528 3872 Atque
556 3788 655 3853 etiam
684 3789 770 3853 sicut
797 3787 831 3852 in
853 3785 1067 3871 Prognostico
1095 3785 1332 3850 demonstravit

184 3916 279 3977 posse
303 3917 362 3959 nos
387 3917 424 3957 ex
448 3895 668 3980 singularibus
692 3916 895 3980 cognoscere,
927 3896 1053 3957 essetne
1076 3915 1154 3976 pars
1178 3913 1225 3975 ea,
1248 3913 1330 3976 quac

184 4001 326 4084 laborat,
355 4001 473 4066 similis
496 4003 679 4067 naturalem
704 4002 803 4066 situm
828 4001 1020 4084 obtinentis,
1046 3999 1095 4064 its
1122 3998 1175 4064 hio
1203 4020 1329 4084 quoquc

185 4129 256 4172 enm
277 4108 343 4173 elia
361 4111 448 4172 recte
467 4107 607 4193 scripsit,
630 4111 701 4174 tum
719 4108 752 4173 id
772 4108 980 4194 significavit,
997 4107 1031 4172 in
1049 4128 1112 4191 quo
1132 4104 1204 4190 quis
1223 4104 1330 4190 decipi

183 4219 295 4299 posset
317 4219 451 4300 propter
473 4214 720 4281 similitudinem
743 4215 849 4300 partis
871 4215 1015 4300 luxatae,
1041 4213 1162 4298 quippe
1185 4211 1271 4297 quod
1295 4217 1329 4276 st

184 4320 289 4406 ipsum
314 4322 432 4387 mentis
456 4344 597 4388 errorem
615 4323 759 4388 haberet.
795 4321 958 4407 Depressa
976 4320 1062 4384 enim
1080 4319 1228 4404 superior
1249 4341 1327 4404 pars

184 4430 310 4495 humeri
327 4452 394 4495 non
413 4430 519 4495 solum
537 4429 572 4494 in
590 4430 711 4495 luxatis
731 4433 790 4514 est,
808 4427 976 4494 sedetiam
994 4427 1094 4512 iniis,
1112 4427 1168 4511 qui
1187 4425 1326 4492 auulsio-
