3246 5148
617 345 899 469 -23-⁸

154 566 249 630 davit
271 559 495 650 ὦμολόγηταις
524 565 629 630 scribe
657 587 729 630 cum
753 565 788 630 M
811 559 1073 649 ὁμολογεῖται.
1119 565 1196 630 Alia
1218 589 1304 630 com-

156 673 349 738 mutationis
372 673 556 736 litterarum
585 672 732 755 exempla
758 670 838 736 haec
863 676 951 737 sunt:
979 695 1009 756 p.
1033 673 1098 738 395
1127 681 1201 757 post
1224 674 1305 738 med.

154 775 287 844 τούτων
310 773 374 862 γὰρ
401 773 586 861 όποτεροῦυ
613 774 761 853 εἰπόντες
789 772 850 842 οὐκ
877 771 920 842 ἂν
947 771 1217 862 ἀναγκαζόμεθα
1243 775 1307 863 τὴν

155 887 269 950 αἰτίαν
292 879 355 949 οὐκ
377 877 619 968 ἀποκρίνεσθαι
642 885 700 968 τῆς
722 880 811 968 παρὰ
835 879 894 949 τὸν
918 881 1021 968 λόγον
1048 879 1192 968 ἀμέτρου
1215 883 1305 972 κινή-

156 1010 249 1068 σεως.
286 991 412 1056 Kuehn.
435 991 541 1056 deleto
564 987 608 1056 α”υ
630 993 737 1056 locum
761 991 948 1056 restitutum
967 1013 1037 1056 esse
1060 991 1145 1056 falso
1164 994 1305 1078 putavit3

156 1121 218 1164 nos
242 1099 407 1182 sequimur
428 1097 632 1162 Marcianum
656 1099 851 1162 scribentem
880 1091 942 1162 οὐκ
968 1090 1012 1162 ἂν
1034 1091 1306 1183 ἠναγκαζόμεθα

156 1200 220 1288 τὴν
250 1206 361 1269 αἰτίαν
390 1198 631 1287 ἀποκρίνεσθαι
664 1201 808 1289 (sublato
842 1197 903 1268 οὐκ
936 1208 1010 1268 onte
1041 1196 1306 1292 ἀποκρίνεσθαι).

157 1311 190 1376 1'.
217 1313 276 1375 711
304 1315 379 1374 ante
403 1311 484 1375 med.
509 1309 629 1374 Aldina
651 1310 759 1375 locum
784 1333 800 1373 e
823 1310 954 1374 Timaeo
977 1309 1124 1374 Platonis
1149 1307 1192 1394 (p.
1209 1312 1249 1374 79
1265 1310 1305 1398 C)

155 1418 356 1500 exscriptum
380 1416 427 1480 sic
450 1415 599 1480 tradidit:
627 1412 663 1480 τὸ
691 1417 760 1481 τῶν
787 1417 924 1498 στηθῶν
951 1412 1006 1479 καὶ
1033 1415 1093 1480 τοῦ
1119 1411 1306 1501 πνεύμονος

155 1523 218 1602 ἐξω
242 1517 386 1607 μεθιόν
408 1517 445 1586 τὸ
469 1523 614 1605 πνεῦμα;
642 1523 768 1587 Kuehn.
792 1523 944 1586 mendum
968 1520 1143 1587 infeliciter
1166 1526 1306 1588 correxit

154 1626 294 1716 μετιόν
319 1627 463 1694 scribens
492 1650 551 1712 pro
582 1627 730 1712 μεθιίν.
775 1628 809 1693 P.
835 1631 896 1694 751
922 1633 996 1693 ante
1025 1628 1106 1692 med.
1129 1625 1217 1704 τινὲς
1244 1626 1305 1713 μὲν

155 1732 220 1821 γὰρ
242 1735 300 1822 (sc.
318 1735 387 1800 τῶν
410 1732 547 1820 ἰατρῶν)
571 1733 667 1798 ἕνεκα
687 1735 915 1820 χρηματισμοῦ
933 1730 996 1818 τὴν
1014 1729 1167 1820 ἰατρικὴν
1185 1734 1305 1820 τέχνην

156 1841 364 1928 ἐργάζονται,
387 1837 474 1916 τινὲς
497 1835 533 1904 dt
557 1835 613 1904 dcci
637 1835 700 1924 τὴν
723 1840 758 1906 ἰκ
780 1843 848 1906 τῶν
871 1838 986 1927 νόμων
1009 1835 1122 1918 αὐτοῖς
1145 1842 1304 1926 διδομέ-

157 1973 230 2034 νην
253 1943 544 2030 ἀλειτουργησίανς
568 1947 772 2012 scribendum
792 1953 842 2012 est
861 1953 991 2014 auctore
1011 1947 1120 2013 codice
1140 1947 1173 2012 Μ
1193 1949 1304 2014 δεδο-

154 2054 270 2140 μένην.
319 2054 353 2119 P.
381 2055 445 2118 323
474 2055 516 2118 in.
544 2053 704 2118 refutatur
732 2077 751 2118 a
779 2054 902 2120 Galeno
931 2053 1150 2138 Chrysippus,
1179 2056 1234 2138 qni
1266 2079 1303 2120 ex

155 2187 208 2246 eo,
235 2161 322 2246 quod
344 2159 493 2225 homines
516 2160 622 2224 dicere
646 2162 789 2226 solerent
812 2155 926 2226 ὀὐδὲν
948 2161 1016 2225 τῶν
1039 2158 1223 2244 εἰρημένων
1245 2187 1302 2247 μοι

154 2266 362 2352 καταβαίνει’
391 2267 537 2330 evincere
565 2266 690 2330 studuit
716 2267 750 2330 in
779 2267 888 2350 eorde,
919 2289 986 2331 non
1008 2267 1043 2331 in
1067 2267 1198 2331 cerebro
1232 2289 1302 2332 esse

154 2379 282 2461 partem
306 2373 406 2438 animi
430 2373 632 2438 rationalem,
677 2372 723 2436 At
746 2373 900 2438 refutatio
923 2374 958 2436 in
982 2373 1050 2436 edd.
1072 2374 1194 2437 nostris
1213 2396 1302 2457 pror-

155 2507 210 2546 sus
234 2482 408 2548 obscurata
432 2482 494 2563 σείς
522 2479 598 2562 quid
627 2478 712 2543 enim
741 2480 855 2545 volunt
882 2479 940 2543 illa
967 2479 1066 2543 verba
1089 2473 1164 2543 οἰδα
1188 2477 1301 2545 καὶτὸ

153 2585 199 2674 μὴ
224 2589 437 2671 καταβαίνειν
464 2581 594 2660 ἑαυτοῖς
621 2581 661 2649 τὰ
689 2583 846 2670 εἰρημένα
873 2585 1030 2668 λέγοντας
1058 2580 1137 2661 τοὺς
1158 2583 1303 2664 πολλοὺς

155 2689 217 2761 οὐκ
241 2689 376 2760 ἐπειδὰν
398 2687 443 2776 μὴ
466 2693 746 2775 παρακολουθῶσι
773 2689 856 2777 μηδὲ
884 2687 1083 2777 μανθάνωσι
1113 2693 1181 2756 τῶν
1210 2698 1301 2776 λεγο-

153 2799 281 2885 μένων,
309 2793 443 2866 ἐπειδὰν
469 2794 602 2880 λέγηται
629 2797 691 2882 μέν
713 2823 788 2864 τινα
816 2794 861 2875 ὦς
883 2793 988 2883 ὀργὴν
1015 2792 1035 2883 η’
1064 2794 1174 2882 λύπην
1196 2793 1216 2884 ἢ
1239 2807 1301 2865 θυ-

153 2904 221 2992 μὸν
249 2903 269 2992 ἢ
296 2930 328 2972 τι
355 2907 509 2972 τοιοῦτον
535 2903 645 2982 πάθος
672 2901 975 2990 έγκαλεσόμενα,
1002 2901 1048 2990 μὴ
1077 2909 1234 2992 φροντίζῃ
1264 2903 1300 2972 δὲ

154 3010 267 3080 αὐτῶν
290 3009 308 3080 ό
332 3007 467 3079 ἀκούων
488 3009 571 3095 μηδὲ
595 3013 724 3095 κινῆται
748 3007 830 3077 κατὰ
853 3008 984 3088 πόθοςί
1015 3012 1151 3077 Duobus
1175 3015 1300 3078 mendis

154 3125 246 3188 locus
268 3121 412 3203 laborat,
434 3120 551 3204 quibus
576 3119 729 3183 correctis
748 3141 844 3183 sanus
864 3120 934 3182 erit.
969 3117 1080 3183 Scribe
1100 3141 1172 3182 cum
1192 3120 1300 3184 codice

154 3229 188 3294 ll
213 3223 471 3310 enucleatissime
494 3247 553 3310 pro
577 3220 819 3308 έγκαλεσόμενα
843 3229 876 3289 et
895 3225 974 3288 adde
999 3229 1073 3290 ante
1093 3220 1228 3290 ἐπειδὰν
1250 3223 1301 3290 λε’-

155 3359 251 3420 γηται
278 3331 340 3418 μέν
366 3357 442 3397 τινα
471 3330 737 3397 Coniunctionem
768 3324 851 3394 ἀλλά
881 3331 932 3395 vel
963 3324 1036 3396 ἀλλ’
1067 3331 1102 3395 in
1132 3329 1234 3412 codd,
1264 3335 1301 3395 ut

154 3442 296 3526 videtur,
323 3439 491 3524 omissam3
519 3439 582 3503 iam
606 3460 718 3502 sensus
743 3437 818 3502 erit:
852 3436 1088 3502 ‘Animadverti
1111 3457 1172 3520 ego
1196 3437 1300 3502 solere

154 3549 260 3613 dicere
282 3545 431 3612 homines
454 3545 553 3610 verba
572 3545 635 3609 sibi
653 3567 719 3609 non
738 3543 944 3627 descendere,
966 3567 1032 3608 non
1051 3565 1123 3608 cum
1141 3565 1207 3608 non
1229 3565 1300 3627 per·

154 3655 281 3739 cipiunt
297 3675 401 3737 neque
419 3651 613 3736 intellegrmt
632 3673 682 3734 ea,
701 3673 783 3735 quac
802 3651 965 3733 dicuntur,
989 3650 1043 3714 sed
1063 3671 1149 3734 cum,
1171 3651 1299 3733 quando

154 3760 231 3846 quid
255 3760 376 3824 dictum
401 3763 451 3822 est
473 3757 523 3822 vel
542 3758 626 3822 iram
645 3759 696 3822 vel
714 3757 885 3822 tristitiam
903 3757 954 3822 vel
973 3757 1130 3840 impetum
1150 3757 1201 3820 vel
1220 3757 1300 3820 eius·

155 3867 243 3932 modi
266 3867 417 3931 effectum
444 3866 661 3948 excitaturum,
689 3868 745 3929 aut
772 3886 887 3947 parum
915 3867 1030 3928 curant
1057 3863 1114 3926 sut
1139 3885 1205 3927 non
1228 3885 1299 3946 per-

154 3971 347 4039 turbantur?
392 3972 427 4036 P.
451 3971 517 4036 335
540 3971 621 4036 med.
645 3964 662 4034 ὁ
688 3967 881 4055 Χρύσιππος
907 3969 944 4034 ἰν
970 3970 1010 4056 τῇ
1037 3963 1117 4053 μετὰ
1140 3963 1198 4045 τὰς
1220 3991 1299 4053 προ-

155 4078 383 4164 γεγραμμένας
406 4075 517 4162 ῥήσεις
539 4077 621 4155 λε’ξει
645 4079 828 4162 προχείρως
850 4072 950 4141 πάλιν
979 4073 1011 4153 ἐξ
1039 4070 1114 4152 ἑνός
1137 4070 1299 4159 ἄρχεσθαι

155 4183 280 4271 μόνου
306 4181 365 4261 τὰς
396 4180 555 4269 δυνάμεις
586 4177 774 4269 ἀμφοτέρας
803 4178 980 4268 λαμβάνει,
1009 4179 1116 4265 μόνον
1147 4182 1298 4246 mendose

156 4293 278 4358 editum
297 4296 348 4356 est
365 4315 424 4376 pro
442 4293 601 4375 μορίου,
625 4291 709 4375 quod
727 4291 761 4355 in
775 4290 810 4355 M
828 4296 915 4355 recte
930 4289 1087 4373 scriptum
1102 4290 1160 4352 est.
1183 4287 1218 4349 P.
1232 4287 1297 4351 429

155 4405 231 4485 post
253 4399 334 4464 med.
357 4393 551 4481 Χρύσιππος
572 4394 635 4481 μὲν
648 4386 711 4462 οὖν
729 4394 767 4461 έν
784 4397 828 4485 τῷ
848 4392 965 4484 πρώτῳ
984 4390 1058 4479 περὶ
1079 4393 1201 4459 παθῶν
1219 4387 1298 4460 ιἰπο-
