3298 5136
626 384 871 448 „205-

169 539 282 610 abac·
284 539 384 628 φωνὴ
405 540 460 608 διὰ
484 540 657 669 φάρυγγος
680 543 799 628 χωρεῖ]
840 539 878 608 τὸ
902 539 966 629 γάρ
989 555 1091 629 χωρεῖ
1111 545 1208 609 τουτο
1233 544 1320 629 βῆμα

170 646 233 734 ἐγὼ
257 646 321 734 μὲν
351 643 515 754 ηξίουν’
497 645 633 715 ακοάειν
662 648 700 714 ἐν
728 656 788 738 top
816 651 861 738 τῷ
885 642 1094 735 έξε’ρχεται“
1075 675 1095 734 η
1119 647 1320 734 ἐκπέμπεται

169 753 187 822 ὁ
219 755 255 821 δὲ
284 753 415 822 τούτων
422 735 508 840 μὲν
535 755 718 882 μηδέτερον
750 759 814 840 ἔφη
843 761 1065 842 σημαίνεσθαι
1100 752 1182 842 πρὸς
1215 751 1320 822 αὐτοῦ

169 860 224 927 καὶ
246 867 362 948 τρίτον
385 858 465 932 άλλο
489 859 578 948 παρὰ
601 863 705 927 ταῦτα
735 861 845 945 λέγειν
868 857 930 928 οὐκ
953 859 1050 948 εἶχεν.
1099 857 1320 947 ἠναγκάσθην

170 959 233 1034 οὖν
257 963 346 1058 αὐτῷ
374 965 414 1032 τά
443 969 512 1034 τῶν
540 964 652 1034 ἄλλων
675 971 836 1034 Στωϊκῶν
865 966 1177 1053 παραναγινώσκειν
1204 973 1344 1053 βιβλίαν

170 1072 498 1160 μεταλαμβανόντων
523 1070 586 1159 τὴν
609 1073 698 1152 λέξιν
726 1067 746 1158 ἢ
775 1077 823 1151 εἰς
849 1071 886 1139 τὸ
911 1073 1072 1159 ἐξέρχεται
1095 1069 1116 1159 ἢ
1140 1079 1187 1152 εἰς
1209 1073 1246 1142 τὸ
1272 1076 1320 1142 ἐκ·
1347 1097 1353 1104 ·

170 1181 346 1267 πέμπεται,
387 1178 540 1268 καθάπερ
576 1179 631 1246 καὶ
669 1181 734 1246 νῦν
768 1175 921 1260 ἀπέδειξα
957 1178 1157 1266 Χρύσιππόν
1193 1206 1228 1247 τε
1264 1181 1318 1247 καὶ

171 1289 357 1373 Διογένην,
409 1283 486 1372 μεθ’
530 1282 590 1364 οὓς
627 1281 688 1354 οὐκ
731 1283 916 1372 ἀναγκαῖον
956 1283 1101 1372 ἡγοῦμαι
1146 1284 1205 1366 τὰς
1253 1291 1320 1356 τῶν

170 1391 282 1461 ἄλλων
308 1391 541 1481 παραγράφειν
573 1392 699 1480 ῥήσεις,
733 1389 817 1459 ἀλλὰ
850 1392 902 1458 ἐπὶ
934 1390 997 1479 τὴν
1029 1393 1175 1472 ἐξέτασιν
1208 1391 1320 1462 αὐτῶν

170 1497 235 1586 ἥβη
268 1500 429 1587 τρέψομαι
466 1498 528 1586 την
564 1495 671 1585 άρχην
703 1495 767 1566 άπὸ
800 1501 861 1566 τοῦ
895 1497 1054 1583 Ζήνωνος
1084 1498 1319 1587 ποιησάμενος,
1334 1520 1360 1558 1⁰

171 1603 274 1692 ὅσπερ
308 1604 349 1692 δὴ
383 1605 438 1672 καὶ
471 1605 578 1692 πατήρ
611 1606 678 1672 ἐστι
714 1609 775 1673 τοῦ
806 1631 840 1672 τε
872 1605 947 1690 περὶ
979 1608 1038 1690 τῆς
1068 1609 1184 1692 φωνῆς
1216 1605 1320 1691 λόγου

170 1717 270 1780 τοῦδε
298 1713 352 1779 καὶ
375 1710 505 1798 ἁπάσης
525 1715 584 1797 τῆς
611 1716 679 1779 τῶν
703 1715 864 1779 Στωϊκῶν
891 1711 1055 1795 αἱρέσεως.
1100 1709 1137 1779 τὸ
1168 1709 1229 1814 μέν
1256 1703 1320 1779 οὖν

170 1821 305 1907 πρῶτον
341 1823 453 1906 λῆμμα
496 1822 554 1904 τῆς
595 1832 697 1905 χωρεῖ
730 1821 848 1903 φωνῆς
882 1824 1092 1904 μεταληφθεί
1090 1837 1150 1905 σης
1187 1819 1239 1885 ἐπὶ
1280 1845 1318 1885 το

172 1925 379 2012 σαφέστερον
402 1929 493 1992 ἔσται
515 1923 665 1991 τοιόνδε·
697 1926 806 2010 φωνη
830 1922 886 1990 δια
910 1924 1082 2012 φάρυγγος
1105 1925 1320 2054 έκπέμπεται.’

170 2029 209 2098 τὸ
238 2031 275 2099 δέ
299 2033 415 2118 έφεξης
442 2031 566 2120 τούτῳ,
594 2029 631 2099 τὸ
662 2029 836 2116 δεύτερον,
862 2034 1032 2098 τοιοῦτον·
1061 2033 1108 2098 εἰ
1129 2019 1209 2098 δέ
1189 2059 1232 2119 ην
1256 2029 1319 2099 άπὸ
1336 2050 1361 2090 1⁶

173 2136 359 2223 ἐγκεφάλου
381 2138 621 2224 ἐκπεμπομένη,
646 2140 650 2226 Ι
679 2133 740 2205 οὐκ
763 2132 806 2203 ἂν
830 2136 885 2203 διὰ
909 2136 1082 2267 φάρυγγος
1105 2139 1319 2225 ἐξεπέμπετο]
1329 2154 1386 2208 245

174 2242 274 2311 τοῦτό
298 2271 383 2330 φημι
406 2243 443 2312 τὸ
467 2248 579 2331 λῆμμα
602 2271 647 2330 μη
671 2241 722 2311 ὅτι
740 2246 802 2310 τοῦ
823 2242 958 2330 πρώτου
980 2244 1100 2329 γένους
1122 2245 1321 2312 ἐκπεπτωκέ-

210 2416 308 2490 ‘ariter
332 2443 383 2476 ουν
403 2421 565 2490 (alc)C
592 2415 695 2476 audet
714 2415 782 2475 Mo
807 2418 839 2474 δὲ
859 2419 972 2474 CA
1001 2423 1167 2491 σημαίνεται
1190 2421 1320 2476 ABChK

174 2495 364 2562 σημαίνεσθαι
387 2492 509 2548 ΟΜ.-
539 2500 554 2547 7
573 2511 603 2548 ru
622 2492 715 2547 verbis
738 2491 788 2545 καὶ
812 2492 867 2544 νῦν
890 2487 1029 2558 andreaea
1052 2492 1156 2548 desinit
1178 2491 1319 2548 codicisC

173 2559 700 2633 fol.V111‚averbisXQdma6ves
723 2562 877 2645 incipit&
901 2562 935 2616 cf.
954 2563 1054 2648 Progr.
1070 2564 1090 2631 Ι,
1109 2583 1136 2634 p
1152 2567 1217 2619 set
1233 2563 1319 2618 Proll.

242 2641 275 2688 72
295 2607 324 2689 εΙ
343 2642 437 2690 73.-
467 2642 499 2689 11
519 2635 600 2690 rodae
619 2634 685 2701 περὶ
702 2633 790 2688 LMA
807 2633 890 2690 τοῦτο
908 2653 937 2689 π
957 2633 980 2687 Β
1004 2629 1094 2708 τσάτφ
1114 2655 1142 2691 π.
1161 2633 1203 2690 ch
1221 2635 1271 2689 τοῦ
1290 2654 1319 2690 π.

174 2652 266 2774 filies.
286 2706 370 2760 Pron.
389 2725 416 2776 p.
436 2712 532 2760 61.-
553 2712 585 2759 17
605 2700 818 2760 inarmans.
838 2734 871 2744 —-

175 2887 265 2952 sione
289 2909 365 2951 usus
384 2891 443 2971 est,
466 2909 540 2952 cum
563 2887 697 2953 diceret:
721 2886 796 2954 vox
818 2907 877 2970 per
899 2911 1049 2974 asperam
1070 2889 1224 2953 arteriam
1246 2910 1330 2979 pro,

175 2993 281 3058 cedit’
327 2993 488 3078 Equidem
518 3018 631 3076 vocem
659 2993 854 3080 procedendi
881 2994 968 3059 idern
999 2995 1183 3082 significare
1211 2995 1321 3058 existi-

174 3101 321 3184 mabam,
353 3103 438 3185 quod
470 3102 579 3188 egredi
611 3103 662 3166 vel
691 3100 811 3186 emitti3
844 3099 900 3164 illc
929 3123 1002 3165 cum
1028 3103 1180 3166 neutrum
1202 3101 1321 3167 horum

175 3207 353 3292 significari
367 3207 496 3292 diceret,
509 3207 594 3273 nihil
607 3208 740 3272 tertium
755 3207 908 3290 habebat,
922 3206 1007 3291 quod
1018 3209 1155 3272 afferret.
1179 3203 1321 3271 Coactus

175 3315 278 3399 igitur
296 3314 343 3377 fui
361 3313 447 3379 hunc
471 3315 578 3380 locum
597 3337 670 3380 cum
690 3303 829 3378 aliorum
848 3310 1031 3379 Stoicorum
1054 3313 1148 3378 libris
1168 3313 1322 3398 conferre,

175 3421 232 3506 qui
259 3420 340 3485 illud
367 3422 501 3486 verbum
534 3445 606 3486 cum
639 3418 831 3506 egrediendo
864 3420 914 3484 vel
943 3421 1120 3485 emittendo
1148 3422 1320 3504 mutarent,

174 3527 446 3612 quemadmodum
484 3533 516 3592 et
549 3527 772 3612 Chrysippum
805 3529 839 3589 et
865 3525 1045 3611 Diogenem
1076 3526 1192 3590 fecisse
1224 3526 1321 3592 modo

176 3633 318 3718 ostendi3
343 3627 553 3718 quamobrem
574 3657 641 3699 non
658 3655 788 3700 necesse
808 3654 878 3697 csse
898 3632 1038 3698 arbitror
1060 3635 1137 3716 post
1159 3633 1220 3698 hos
1244 3633 1322 3698 alio-

176 3761 249 3804 rum
276 3740 377 3804 verba
405 3740 601 3826 adscribere,
633 3741 689 3805 sed
713 3741 754 3804 ad
781 3741 928 3823 ipsorum
955 3739 1228 3804 examinationem
1254 3739 1321 3803 iam

177 3846 329 3911 accedam
353 3846 563 3932 exordiarque
587 3871 607 3911 a
629 3847 770 3931 Zenone,
797 3845 912 3930 utqui
939 3845 1036 3909 huius
1059 3845 1098 3909 de
1120 3866 1201 3911 voce
1222 3845 1321 3910 ratio·

176 3953 227 4018 nis
251 3953 418 4039 totiusque
441 3950 624 4020 Stoicorum
648 3957 755 4018 sectae
778 3955 892 4018 auctor
914 3952 1084 4018 exstiterit.
1125 3951 1199 4016 Erit
1220 3952 1323 4036 igitur

177 4060 284 4144 prima
308 4059 438 4144 sumtio,
462 4061 490 4126 si
511 4083 572 4146 pro
595 4061 694 4126 verbo
718 4057 886 4145 ‘procedit'
910 4057 1323 4140 manifestius'subieceris‚

177 4167 268 4232 talis:
297 4167 372 4232 ‘vox
394 4188 453 4251 per
476 4189 626 4252 asperam
650 4167 802 4231 arteriam
826 4164 1008 4248 emittitur’,
1032 4165 1135 4229 altera
1157 4163 1322 4248 deinceps:

180 4273 224 4339 ‘si
251 4275 290 4338 de
320 4274 451 4338 cerebro
484 4273 700 4355 emitteretur,
731 4295 796 4337 non
828 4295 886 4356 per
919 4294 1068 4355 asperam
1100 4267 1323 4334 emitteretur?

178 4380 273 4446 Hanc
300 4401 367 4446 non
393 4381 489 4446 modo
518 4402 535 4444 e
562 4380 668 4466 primo
692 4401 823 4465 genere,
849 4379 935 4464 quod
963 4379 1003 4442 ad
1030 4377 1323 4443 demonstrationes
