3210 5148
583 447 821 520 2465-

139 601 337 680 εάπελαύνειν
359 601 414 678 άπ’
441 603 542 698 αύτῆς
564 609 619 679 καὶ
643 615 690 692 είς
712 608 841 680 ἅπαντα
864 609 1024 682 τάναντία
1049 613 1186 694 ἐκείνοις
1208 607 1271 703 θῆ-

139 722 253 808 ‘copem
277 722 347 799 πιῦς
369 719 433 807 γὰρ
458 717 530 800 οῦ;’
559 721 596 787 ἐν
618 717 720 809 ταύτη
743 724 783 810 τῆ
807 720 899 809 ῥήσει
922 722 977 790 ιιαλ
999 738 1070 802 ταῖς
1094 723 1167 810 ἑξῆς
1189 721 1271 791 ἁπά-

138 845 200 906 σαις
229 831 401 896 δείκνυσιν
429 828 542 915 ἕτερον
566 825 651 896 εἶναι
679 829 779 916 μέρος
805 832 863 915 τῆς
886 833 993 917 ψυχῆς
1019 829 1056 898 τὸ
1081 830 1271 917 ἐπιθυμοῦν

136 937 187 1000 τοῦ
210 935 426 1021 λογιζομένου
448 935 502 1002 nat
526 937 595 1014 ποῦς
616 933 671 1002 καὶ
694 941 769 1003 τίνα
792 934 918 1021 τρόπον
941 936 978 1003 ἐν
1001 937 1062 1025 μὲν
1084 939 1129 1028 τῷ
1153 939 1272 1023 πεινῆν

137 1041 287 1128 ἐφιέμεθα
306 1045 526 1129 πληρωθῆναι
546 1049 673 1126 σιτίων,
697 1042 734 1109 ἐν
756 1041 792 1110 δὲ
811 1046 855 1134 τῷ
876 1047 979 1130 διψῆν
998 1043 1153 1130 πόματος.
1189 1039 1299 1111 tetta

136 1153 242 1227 παῖδες
263 1149 325 1236 μὲν
348 1147 441 1228 ὄντες
464 1146 587 1237 ὁμοίως
613 1163 683 1228 τοῖς
710 1145 844 1235 ἀλόγοις
872 1149 966 1242 ζῴοις
989 1150 1128 1237 ἑτοίμως
1155 1151 1207 1218 ἐπί
1234 1149 1271 1218 τὸ

136 1259 347 1342 πληρωθῆναι
372 1254 537 1342 ἐρχόμεθα
556 1254 636 1343 μήτε
656 1259 686 1324 εί
708 1262 855 1324 συνοίσει
875 1261 973 1326 τοῦτο
997 1257 1078 1346 μήτε
1101 1262 1132 1325 εί
1153 1257 1272 1344 βλάψει

136 1361 362 1448 σκοπούμενοι,
380 1359 463 1428 κατὰ
483 1361 520 1429 dt
537 1361 600 1449 τῆν
618 1360 751 1448 ἡλικίαν
770 1364 824 1431 καὶ
838 1362 899 1432 τὸν
917 1365 1079 1452 λογισμὸν
1097 1363 1272 1452 γενόμενοι

134 1468 285 1547 πολλάκις
315 1467 378 1556 μὲν
410 1465 488 1536 οὐδὲ
517 1465 602 1548 ὅλως
633 1476 789 1557 πίνομεν,
822 1471 957 1538 ἐπειδὰν
987 1475 1180 1559 πεισθῶμεν
1207 1470 1272 1540 ὑπὸ

134 1577 188 1640 τοῦ
210 1573 357 1660 πόματος
374 1574 504 1662 βλάβην
522 1581 670 1660 ἔσεσθαι,
692 1575 850 1654 πολλάκις
868 1575 904 1644 δέ
924 1573 1125 1667 όλιγοίτερον
1143 1574 1163 1666 ῆ
1182 1577 1274 1646 ὅσων
1290 1601 1314 1640 10

134 1681 368 1769 ἐπιθυμοῦμεν,
391 1686 422 1748 εί
442 1678 617 1750 κάνταῦθα
639 1684 753 1771 μέλλοι
777 1682 918 1768 βλάψειν
939 1682 976 1751 τὸ
999 1686 1112 1770 πλεόν,
1138 1687 1143 1774 Ι
1168 1686 1273 1754 ἐνίοτε
1283 1701 1340 1758 484

135 1785 168 1853 di
185 1785 277 1876 ὕδωρ
299 1794 441 1877 πίνομεν
460 1787 556 1857 οἶνον
574 1791 817 1877 ἐπιθυμοῦντες
839 1804 927 1858 πιεῖν
946 1786 966 1877 ῆ
986 1795 1143 1881 σφοδράς
1161 1790 1273 1880 ὀρεγό-

133 1919 222 1979 μενοι
255 1899 387 1982 ψυχροῦ
417 1894 548 1984 θερμὸν
579 1895 850 1985 προσφερόμεθα.
901 1900 936 1965 οί
966 1899 1006 1966 δέ
1035 1925 1071 1985 γε
1104 1896 1272 1987 άλόγιστοι

132 2003 195 2068 των
217 1998 411 2089 άνθρωπων
434 2000 592 2083 ὡσαύτως
617 2019 688 2083 τοῖς
714 2005 851 2091 βρέφεσι
880 2005 933 2072 καὶ
957 2011 1091 2093 θηρίοις
1115 2005 1190 2074 οὔτε
1213 2005 1274 2074 τὸν

132 2105 247 2195 καιρὸν
270 2105 497 2197 ἀναμένουσιν
521 2107 596 2178 οῦτε
624 2107 790 2196 ποσότητα
813 2111 868 2178 καὶ
896 2109 1054 2198 ποιότητα
1081 2115 1142 2180 τοῦ
1169 2111 1272 2200 πόμα·
1289 2133 1313 2173 ¹⁵

131 2239 185 2291 τος
207 2214 464 2284 ἐπισκέπτονται.
508 2215 544 2284 τὸ
568 2215 630 2304 μὲν
658 2215 700 2303 βῆ
724 2216 769 2304 μῆ
792 2221 937 2306 χρῆσθαι
961 2222 1107 2310 λογισμοῦ
1131 2218 1211 2306 μήτε
1233 2218 1273 2287 τὰ

166 2426 225 2481 din
243 2429 337 2484 vorbis
355 2450 414 2494 πως
432 2427 486 2500 γάρ
505 2448 539 2484 συ
527 2425 645 2484 'donin
665 2447 722 2485 exo.
743 2429 794 2484 ΚΚ
813 2430 893 2486 codd.
912 2431 1027 2486 FR-
1052 2433 1139 2486 λιταί
1154 2451 1217 2486 τινα
1236 2431 1272 2486 Μ.

131 2493 346 2625 -ἱλέγόμεθα
365 2501 527 2556 MABOhK
547 2495 603 2570 ἐρχ.
623 2501 657 2566 L·
676 2502 711 2556 cf.
730 2501 813 2556 Proll.
830 2520 859 2590 p.
880 2509 977 2556 91.-
996 2497 1065 2557 aot
1086 2497 1219 2566 θόλωςῑι.
1240 2533 1272 2543 -

128 2565 229 2625 dudi<
263 2601 297 2611 -
323 2579 355 2626 10
355 2567 477 2699 opaci
461 2566 624 2657 preiba'
610 2567 666 2627 νπό
690 2573 794 2628 τοῦ-
822 2569 956 2660 όλιγάτερ
957 2592 989 2628 ον
1013 2575 1135 2644 repetita
1158 2574 1252 2628 aunt
1244 2593 1273 2628 ιο

190 2635 315 2696 -ῦσον
338 2660 354 2696 c
392 2637 535 2700 d.edd“
519 2663 594 2699 οαων
618 2661 732 2702 noa—
699 2651 790 2698 —15
810 2639 937 2714 σώματος
960 2645 1039 2700 codd.
1062 2646 1126 2702 edd.
1148 2642 1274 2713 πόματος

129 2712 650 2777 A1.Jun.;ef.Prou..-124
676 2723 709 2770 16
734 2710 955 2771 ἐπιπέμπεσθαι
978 2715 1140 2771 LMABCh
1164 2712 1273 2771 ἐπιστί-

127 2783 411 2908 πτοηταιΙΙΟοτΠἾΚς
437 2786 470 2840 ci.
512 2785 768 2856 roll.p.126.-
796 2783 961 2857 diprodr'p
986 2781 1274 2858 ΜΑΒΟΚμ-η-ρῆ-

128 2871 182 2908 cuo
206 2874 236 2908 αι
305 2884 339 2894 -

124 3095 145 3136 a
170 3095 210 3138 se
233 3073 454 3158 repellendi
478 3074 649 3159 speciem
668 3077 783 3159 atque
807 3075 846 3140 in
865 3075 993 3141 omnia
1016 3075 1100 3140 illis
1123 3079 1275 3140 contru-

123 3180 184 3244 ria
207 3181 443 3246 referemus?
489 3179 669 3258 Quidni?’
714 3180 786 3247 Hac
810 3183 957 3248 oratione
981 3181 1170 3266 ceterisque,
1194 3203 1275 3266 quae

123 3291 319 3373 sequuntur,
361 3289 460 3354 aliam
497 3311 568 3354 esse
607 3289 791 3372 cupientem
830 3288 930 3353 animi
966 3291 1093 3373 partem
1126 3289 1276 3372 ostendit,

123 3393 228 3458 aliam
246 3395 505 3479 ratiocinantem,
524 3395 602 3460 item
621 3416 762 3479 quonam
783 3395 888 3477 m0d0,
906 3395 982 3460 dum
997 3395 1166 3479 esurimus,
1185 3394 1276 3478 cibis,

122 3497 205 3561 dum
238 3501 380 3584 sitimua,
412 3502 545 3585 potione
577 3502 699 3585 expleri
736 3503 913 3586 cupiamus.
969 3501 1031 3567 Sed
1063 3501 1097 3566 in
1133 3501 1275 3583 pueritia

122 3604 300 3690 brutorum
323 3608 428 3672 instar
451 3607 544 3673 avide
568 3607 608 3672 ad
632 3608 806 3692 explendos
829 3631 888 3674 nos
911 3609 1047 3673 ferimur
1068 3629 1127 3673 nec
1151 3607 1274 3672 utilita-

120 3712 169 3776 tis
200 3734 258 3777 nee
286 3735 388 3780 noxae
416 3714 483 3778 ulla
511 3713 625 3778 habite
651 3715 790 3800 ratione3
822 3718 928 3780 aetate
956 3718 1064 3779 autem
1088 3717 1121 3778 et
1147 3714 1274 3779 ratione

119 3820 275 3903 provecti
299 3821 327 3884 si
351 3822 516 3904 potionem
539 3803 634 3886 nobia
662 3821 844 3886 nocituram
867 3843 937 3886 esse
963 3842 1154 3904 persuasum
1178 3820 1275 3886 habe-

119 3925 247 4010 bimus,
266 3949 361 4011 saepe
380 3949 514 4022 prorsus
532 3927 614 3994 nihil
633 3926 792 4011 bibemuS,
814 3950 910 4012 saepe
930 3928 1029 3992 etiam
1048 3929 1154 3994 minus
1178 3951 1274 4013 quam

11 4067 15 4074 .
118 4038 336 4118 oppetemus,
364 4035 392 4098 si
420 4039 453 4098 et
482 4035 536 4099 hic
564 4035 659 4120 eopia
687 4056 806 4099 noxam
830 4034 970 4099 allatura
997 4035 1053 4118 sit,
1082 4057 1200 4121 aquam
1228 4035 1274 4098 in-

117 4139 272 4225 terdum,
298 4141 375 4207 licet
401 4142 512 4206 vinum
541 4142 722 4225 cupiamus,
749 4139 905 4223 bibimus,
932 4141 1094 4206 interdum
1120 4141 1274 4226 frigidam

117 4253 321 4334 appetentes
336 4249 473 4314 calidam
489 4247 693 4312 assumimus.
715 4247 762 4312 At
775 4247 966 4331 insipientes
979 4247 1128 4313 homines
1142 4247 1274 4331 perinde

6 4381 7 4384 ¹
117 4360 228 4440 atque
256 4355 396 4421 infantes
429 4358 462 4419 et
493 4354 617 4419 bestiae
651 4375 753 4439 neque
780 4353 1056 4438 opportunitatem
1086 4357 1274 4438 exspectant

114 4484 243 4546 neque,
266 4466 422 4548 quantum
446 4465 504 4528 aut
526 4461 621 4546 quale
645 4483 714 4525 esse
738 4461 866 4544 debeat,
893 4461 977 4545 quod
1009 4460 1198 4525 sumendum
1222 4461 1274 4546 ait,

186 4575 268 4618 Galen!
283 4577 311 4618 da
324 4577 383 4618 Plao.
397 4577 455 4617 Pur.
468 4580 491 4616 et
506 4577 614 4628 Hippoor.
628 4575 687 4616 libri.
1027 4573 1060 4622 30
