3246 5148
656 365 852 428 ..q-

177 541 315 584 avoeare
336 521 377 586 ab
396 544 455 585 usu
476 525 508 586 et
527 522 767 606 experimentis,
791 522 930 608 dirigere
946 527 1054 588 autern
1074 525 1113 588 ad
1133 524 1325 590 rationalem

177 649 275 710 qoam
299 626 363 710 ipsi
390 629 620 710 profiterentur
642 629 848 712 disciplinam
872 630 1046 715 spinasque
1074 621 1251 696 disserendi
1279 632 1325 696 di-

177 731 369 818 scendas¹²).
404 733 467 798 Per
489 735 552 799 duo
571 734 638 798 fere
662 735 805 818 saecula,
828 736 988 801 decimum
1007 741 1159 821 quartum
1183 741 1216 802 et
1234 738 1325 822 quin·

177 841 261 922 tum,
286 838 410 904 Arabes
435 839 623 906 Aristotelis
646 845 680 905 et
703 839 817 906 Galeni
840 843 970 907 nomine
998 866 1159 908 summam
1181 847 1324 927 potesta·

178 949 245 1008 tem
274 944 527 1034 exercebant¹³)3
560 947 614 1010 sed
646 969 756 1012 eorum
788 951 877 1012 aetus
908 949 1005 1012 simul
1036 949 1193 1014 inciderat
1223 951 1257 1014 in
1287 973 1325 1015 ca

177 1055 340 1136 tempora,
364 1052 480 1136 quibus
504 1075 631 1118 summu
654 1077 760 1118 rerum
784 1054 952 1119 conversio
975 1053 1045 1118 fieri
1068 1055 1184 1140 coepit.
1220 1057 1323 1122 Rena-

176 1158 301 1222 scentia
325 1160 530 1243 antiquarum
553 1159 737 1224 litterarum
760 1161 868 1225 studia
890 1163 1020 1244 praeter
1043 1161 1121 1244 alia,
1144 1162 1183 1226 de
1206 1163 1323 1246 quibus

176 1263 207 1328 h.
231 1264 251 1328 l.
273 1265 438 1348 disputare
462 1266 602 1330 alienum
627 1271 690 1350 est,
718 1267 802 1332 hanc
825 1289 951 1351 quoque
975 1267 1042 1332 vim
1066 1269 1242 1333 salutarem
1267 1269 1322 1332 ha-

175 1371 328 1454 buerunt,
352 1375 401 1454 ut,
424 1372 479 1455 qui
501 1372 544 1436 iis
567 1373 685 1437 imbuti
708 1378 814 1456 erant,
841 1396 906 1468 non
929 1373 995 1438 iam
1018 1373 1140 1438 rivulos
1164 1375 1243 1439 limo
1267 1375 1322 1439 ob·

175 1483 265 1542 rutos
299 1479 492 1562 consectari,
529 1479 583 1542 sed
617 1481 658 1544 ab
691 1479 772 1562 ipsis
809 1479 955 1544 fontibus
991 1480 1083 1563 puris
1115 1481 1322 1565 limpidisque

174 1583 343 1648 liberalem
370 1584 552 1650 doctrinam
581 1589 614 1649 et
640 1585 853 1650 eruditionem
882 1585 1012 1650 haurire
1040 1585 1168 1650 vellent.
1214 1586 1321 1670 Atque

173 1691 281 1776 primo
312 1691 352 1754 ad
382 1694 511 1774 poetas,
540 1691 728 1776 historicos,
759 1687 919 1775 oratores,
951 1691 1164 1791 philosophos
1197 1697 1322 1758 ueteres

174 1797 282 1860 aditus
306 1797 488 1880 patefactus
513 1803 575 1882 est,
599 1803 714 1883 posteo
737 1799 777 1862 ad
800 1797 942 1862 medicos
962 1796 1111 1862 Graecos.
1144 1799 1226 1863 Tum
1245 1822 1321 1866 vero

174 1909 211 1968 ut
233 1907 413 1968 ceterorum
437 1903 645 1988 scriptorum,
672 1903 720 1968 ita
742 1904 954 1988 Hippocratis
983 1907 1016 1968 et
1039 1903 1154 1969 Galeni
1183 1905 1321 1970 admira-

174 2009 240 2074 bile
263 2010 423 2094 quoddam
447 2011 589 2076 studium
609 2011 737 2075 exarsit.
770 2009 904 2076 Codices
928 2033 1040 2076 eorum
1060 2011 1175 2075 Graeci
1195 2035 1211 2076 e
1234 2015 1320 2076 tene-

175 2117 242 2180 bris
270 2117 303 2180 in
330 2115 435 2180 lucem
463 2118 710 2200 protrahimur,
740 2140 757 2180 o
785 2117 976 2200 Byzantinis
1007 2117 1260 2182 transvehuntur
1287 2118 1321 2182 in

173 2223 319 2307 ltaliam,
342 2227 545 2306 coemrmtur,
573 2224 798 2288 describrmtur
828 2245 846 2286 a
869 2222 1026 2306 librariis,
1054 2246 1073 2287 a
1101 2223 1179 2287 viris
1202 2223 1334 2304 utrius-¹

174 2459 234 2520 que
263 2437 408 2501 eduntur.
453 2436 498 2500 Et
525 2439 698 2520 postquam
727 2436 853 2520 aliquot
879 2434 957 2499 libri
985 2435 1099 2499 (isloni
1127 2435 1320 2520 singillatim

173 2541 253 2606 editi
276 2547 365 2626 sunt,
387 2542 509 2625 prodiit
531 2542 565 2605 in
583 2542 688 2623 lucem
711 2543 802 2606 editio
819 2543 966 2624 prinecps
982 2542 1114 2624 quinque
1126 2546 1233 2622 peries
1251 2563 1320 2606 eore-

173 2649 273 2712 liueus
293 2647 425 2714 tenellis
448 2650 481 2713 in
498 2649 623 2712 oedibus
642 2648 720 2712 Aldi
737 2652 765 2711 et
778 2647 921 2712 Andreae
935 2646 1073 2712 Asrclaui
1090 2646 1194 2712 Soceri
1208 2647 1319 2712 Mense

174 2754 281 2838 Aprili
301 2777 329 2820 a.
345 2753 489 2840 1525¹⁴),
514 2755 565 2818 eui
583 2776 659 2819 mox
678 2754 833 2819 suecessit
850 2754 943 2818 editio
962 2753 1152 2820 Bacuenses
1175 2777 1202 2818 a.
1225 2753 1319 2819 1538.

173 2860 262 2937 Quae
286 2860 443 2925 editiones
467 2865 621 2944 quantam
650 2861 715 2924 vim
744 2860 783 2924 ad
807 2860 963 2944 eruditos,
990 2860 1044 2943 qui
1072 2860 1170 2924 iidem
1197 2861 1231 2923 in
1253 2882 1318 2924 me-

173 2967 279 3032 dicina
303 2968 527 3050 versabantur,
554 2967 742 3049 habuerint,
769 2966 832 3030 dici
859 2966 914 3029 vix
937 2970 1054 3049 potest.
1100 2966 1149 3030 Ac
1176 2966 1317 3050 primum

173 3074 301 3158 quidem
330 3073 523 3138 exstiterunt
549 3073 657 3156 multi,
685 3072 740 3156 qui
765 3073 879 3137 Galeni
907 3072 1009 3137 libros
1040 3076 1097 3136 aut
1123 3072 1226 3137 multo
1256 3072 1317 3136 ele·

314 3219 389 3226 ——0

247 3303 279 3371 ¹⁷)
297 3301 402 3357 Haeser
419 3301 437 3356 l.
457 3301 476 3357 l.
494 3307 508 3367 ξ
529 3307 594 3370 298,
612 3307 628 3354 3
648 3299 718 3354 illud
737 3301 882 3356 Petrarcoc
901 3299 994 3354 affert:
1024 3299 1111 3354 ‘Olim
1130 3299 1244 3368 quidem
1263 3316 1318 3354 non

173 3391 342 3462 syllogismis
361 3389 529 3445 curabantur
547 3393 576 3445 et
593 3405 692 3460 prope,
710 3391 743 3444 ut
761 3391 793 3443 tu
811 3405 884 3442 nune
902 3388 974 3443 lalso
988 3388 1128 3458 gloriaris,
1147 3387 1318 3442 suscitaban-

171 3485 218 3537 tur
234 3481 344 3536 infirmi.
380 3479 461 3534 Nune
479 3482 584 3548 quanta
602 3477 733 3533 mutatio:
757 3477 992 3547 Syllogizantibus
1015 3476 1093 3532 robis
1116 3477 1245 3546 pereunt,
1268 3475 1318 3545 qui

172 3571 229 3626 sine
248 3568 328 3624 vobis
345 3568 439 3624 virere
458 3566 632 3637 potuissent?

246 3659 277 3728 ¹³)
296 3658 468 3726 Decemberg
486 3655 504 3710 l.
524 3655 541 3710 l.
561 3675 588 3726 p.
607 3661 672 3710 313:
698 3655 808 3710 ‘Galien
826 3655 943 3710 travecti
961 3657 990 3708 et
1007 3654 1128 3709 Aristote
1147 3654 1270 3723 dcligme
1288 3670 1316 3707 se

172 3750 321 3818 qartagcut
339 3747 366 3801 le
384 3744 505 3800 monde!

246 3837 277 3906 ¹⁴)
296 3837 329 3890 In
345 3835 480 3890 ‘Historia
493 3833 631 3888 litteraria
645 3833 755 3888 Claudii
768 3833 868 3888 Galeni
882 3833 1038 3902 conscripta
1051 3832 1088 3887 ab
1102 3831 1318 3900 Ackermanno’,

172 3943 242 3996 quse
274 3923 427 3994 praemissa
458 3925 502 3978 est
533 3922 667 3977 volumini
695 3921 785 3992 primo
817 3921 947 3976 editionis
974 3921 1167 3990 Kuebnianae,
1198 3921 1317 3989 legimus

173 4033 197 4084 p.
212 4013 334 4080 CCXVI,
353 4011 432 4067 illam
447 4009 576 4066 Aldinam
590 4010 726 4079 prodiisse
742 4010 812 4065 ‘sine
826 4011 892 4065 anni
906 4009 1055 4078 mentions,
1074 4009 1122 4078 qui
1136 4011 1231 4063 tamen
1245 4010 1319 4063 essct

172 4103 206 4157 ad
224 4103 308 4156 finem
326 4099 467 4170 privilegii
480 4098 630 4154 Clementis
644 4098 705 4166 Vll,
724 4099 799 4168 quod
818 4099 915 4153 datum
934 4100 1006 4153 esset
1023 4099 1128 4152 Romae
1147 4097 1173 4150 d.
1193 4101 1235 4150 27.
1250 4097 1314 4150 dan.

172 4209 195 4246 a
216 4191 304 4246 1525?
344 4191 383 4243 m
400 4189 473 4244 enim
492 4188 521 4242 in
540 4205 573 4244 eo
591 4187 673 4258 folio,
696 4187 771 4256 quod
795 4186 975 4256 privilegium
995 4184 1131 4255 sequitur,
1155 4184 1315 4254 planissime

172 4281 335 4335 denotatum
354 4281 383 4334 et
400 4295 504 4332 annum
527 4279 556 4332 et
573 4294 709 4346 mensem,
733 4292 794 4362 quo·
810 4292 875 4345 pars
898 4275 988 4346 prima
1009 4273 1085 4345 typis
1108 4272 1245 4344 exscripta
1265 4275 1316 4343 est,

171 4385 271 4424 mrem.
