3300 5146
665 401 817 466 -309
867 437 906 448 -

208 558 326 640 ἔδειξα.
371 556 451 646 μετὰ
476 553 513 624 δὲ
536 554 597 642 την
615 561 914 645 προγεγραμμένην
933 561 1032 645 ῥῆσιν
1055 557 1150 646 ἑτέρα
1166 587 1216 640 τις
1241 561 1357 649 ἑφεξῆς

208 667 309 752 ἐστιν,
333 666 370 732 έν
393 656 414 754 ᾖ
437 662 517 743 τοὺς
535 659 767 751 άσπλάγχνονς
788 691 822 732 τε
845 666 901 733 καὶ
924 664 1004 745 τοὺς
1026 662 1088 734 οὐκ
1111 671 1246 753 ἔχοντας
1269 669 1356 754 ἐγκέ-

208 779 320 859 φαλον
343 771 504 858 ἐξηγεῖται
527 774 596 849 πῶς
619 771 788 857 λέγονται,
810 773 885 859 περὶ
908 765 948 860 ἧς
970 769 1356 861 αὐτάρκως·ἔμπροσθεν

207 887 345 966 εῐρηται.
395 877 475 966 μετὰ
503 877 540 946 δὲ
567 881 670 946 ταῦτα
697 877 833 946 τοιάνδε
845 878 934 947 τινὰ
962 879 1082 966 γράφει
1110 881 1221 966 ῥῆσιν·
1255 882 1355 950 ‘ruod

206 985 354 1054 *τοιάνδε
377 1012 433 1072 μοι
458 987 597 1053 δοκοῦσι
619 983 762 1071 μάλιστα
780 984 892 1073 φορὰν
915 987 969 1054 καὶ
993 991 1030 1054 oi
1048 986 1380 1077 τιμωρητικάτερονσ

205 1092 300 1180 *πρός
322 1120 416 1172 τινας
439 1091 619 1178 φερόμενοι
648 1088 758 1178 ὁρμᾶν
782 1092 834 1160 ἐπὶ
857 1091 895 1160 τὸ
919 1093 1044 1180 ταύτην
1068 1093 1243 1179 έκσπάσαι,
1272 1094 1351 1164 καθ’

204 1195 260 1286 ’ἣν
288 1197 400 1287 φορὰν
429 1199 648 1278 ἐπιτείνοντες
675 1199 729 1266 καὶ
757 1197 839 1285 πρὸς
865 1197 905 1267 τά
934 1197 1032 1268 λοιπὰ
1059 1203 1128 1268 τῶν
1154 1201 1355 1288 σπλάγχνων

207 1304 382 1392 “ὁμοειδάς
404 1305 585 1394 φέρονται.’
631 1307 780 1372 ἐνταῦθα
807 1306 909 1374 πάλιν
933 1303 950 1374 ὁ
975 1305 1169 1396 Χρύσιππος
1192 1305 1253 1377 οὐκ
1277 1307 1353 1378 οἶδα

203 1410 294 1493 ὅπως
315 1410 433 1499 ἀγνοεῖ
453 1411 706 1493 κατασκευάζων
732 1412 846 1499 ἕτερόν
868 1441 899 1480 τι
927 1417 987 1482 τοῦ
1014 1416 1235 1502 προκειμένου
1258 1418 1353 1503 σκέμ-

203 1547 314 1608 ματος.
356 1523 392 1587 οί
411 1517 475 1610 γὰρ
494 1516 708 1600 άπειλοῦντές
729 1539 819 1586 τισιν
838 1518 947 1611 ὥσπερ
967 1519 1102 1600 ἐκκόψαι
1121 1521 1201 1602 τοὺς
1223 1519 1353 1610 ὀφθαλ-
1367 1546 1394 1585 lo

202 1625 288 1715 μοὺς
311 1622 425 1694 αὐτῶν
448 1627 554 1694 ένέοτε
581 1627 739 1712 λέγουσιν
761 1621 782 1712 ἢ
810 1627 945 1709 κατάξαι
968 1625 1031 1714 τὴν
1058 1627 1207 1716 κεφαλὴν
1230 1624 1251 1716 ἢ
1274 1650 1353 1698 σνν-

202 1745 317 1819 τρῑψαι
340 1729 381 1799 τά
404 1735 519 1820 σκέλη,
543 1731 624 1800 κατὰ
648 1729 709 1801 τὸν
733 1729 838 1800 αὐτὸν
865 1733 992 1822 τρόπον
1022 1739 1112 1802 ἔστιν
1136 1733 1190 1804 ὅτε
1212 1738 1267 1805 καὶ
1291 1737 1353 1824 τὴν

203 1843 346 1926 καρδίαν
378 1839 538 1908 έκσπάσαι
570 1841 675 1926 φασὶν
709 1842 746 1908 έν
778 1849 839 1931 ἴσῳ
871 1845 916 1933 τῷ
949 1838 1151 1910 ἀποκτεῖναι.
1205 1841 1293 1912 άλλά
1320 1852 1356 1912 τί

201 1951 301 2015 τοῦτο
333 1945 417 2033 πρὸς
443 1945 483 2014 τά
515 1945 679 2034 παρόντας
711 1945 748 2015 τὸ
781 1946 845 2035 γὰρ
873 1945 1049 2036 ἀποτεμεῖν
1078 1950 1184 2018 ἐνίοτε
1215 1950 1256 2018 τὰ
1283 1943 1351 2019 ὦτα

202 2053 258 2122 καὶ
285 2051 348 2141 τὴν
372 2055 450 2141 ῥῖνα
476 2054 531 2121 καὶ
559 2052 740 2122 διασπάσαι
767 2054 924 2135 πολλάκις
947 2051 1103 2143 άλλήλοις
1126 2057 1130 2145 λ
1155 2053 1350 2126 ἀπειλοῦσιν
1359 2076 1416 2132 842

202 2165 238 2230 ολ
263 2158 440 2250 ἅνθρωποι
468 2167 526 2230 καί
554 2159 620 2228 πού
651 2187 701 2240 τις
732 2156 894 2249 εὐχομένη
921 2161 1010 2250 παρὰ
1037 2167 1083 2254 τῷ
1110 2166 1230 2251 ποιητῇ
1263 2163 1348 2253 γυνὴ
1364 2185 1389 2224 1⁶

237 2407 343 2482 λμετά
362 2409 394 2466 δέ
415 2408 555 2466 rotdrudi
575 2409 612 2466 Μ.
632 2441 665 2451 -
691 2415 706 2465 5
726 2406 955 2481 τιμωρηκάτερον
974 2412 1011 2467 Μ.
1031 2443 1064 2452 -
1088 2419 1104 2468 8
1123 2409 1177 2468 οὖκ
1196 2409 1252 2468 εἶδ’
1272 2408 1349 2479 ὅπως

200 2483 237 2610 ἕ..
256 2490 344 2609 {wila
359 2478 521 2624 piminii-ii
543 2514 576 2523 -
598 2488 629 2537 lo
649 2475 784 2552 ἀλλήλους
802 2481 831 2536 Μ
854 2477 955 2546 ἄλλους
973 2483 1110 2538 ABGhK
1133 2479 1262 2554 ἀλλήλοις
1284 2503 1347 2553 noe;

200 2805 467 2890 commemoravi,
498 2827 563 2872 nou
601 2805 742 2889 amplius
774 2805 1013 2873 immorandum
1051 2808 1200 2876 arbitror.
1253 2811 1348 2878 Hono

200 2914 382 2980 orationem
406 2913 509 2978 ultera
527 2913 639 2977 sisoim
659 2911 876 2996 subsequitur,
899 2914 966 2998 ubi,
989 2937 1052 3000 quo
1072 2916 1168 2980 modo
1186 2917 1347 2983 viseerum

200 3020 386 3106 oerebrique
420 3023 566 3104 expertes
599 3019 761 3104 dieantur,
791 3020 938 3104 exponit,
967 3020 1006 3084 de
1038 3043 1102 3106 qua
1134 3045 1234 3107 supra
1266 3026 1347 3089 sotis

198 3129 321 3193 dieiunn
340 3130 399 3192 esd
435 3125 499 3194 Sed
520 3129 596 3212 posi
618 3126 703 3192 hene
721 3125 821 3192 aliam
843 3125 896 3190 his
919 3127 1027 3191 verbis
1051 3127 1239 3214 adscripsit:
1276 3128 1346 3195 ‘Ex

198 3235 472 3301 huiuscemodi
512 3233 774 3318 propensione
816 3232 982 3298 maxime
1024 3232 1119 3300 mihi
1160 3235 1347 3301 videntur

199 3342 316 3408 etiem
340 3341 383 3425 ii,
406 3341 471 3426 qui
493 3341 610 3426 poulo
640 3339 866 3406 iracundius
889 3341 933 3405 sd
956 3340 1145 3406 ultionem
1169 3342 1209 3406 iu
1232 3365 1345 3428 quos-

199 3449 283 3514 dam
316 3447 509 3532 feruntur,
539 3447 584 3512 od
613 3469 679 3514 oor
711 3447 956 3513 evellendum
987 3447 1165 3532 incitari,
1198 3471 1240 3513 ex
1273 3473 1346 3535 qua

198 3555 342 3622 intenti
366 3555 412 3620 ad
434 3554 587 3640 reliquo
611 3554 727 3620 eiiam
750 3553 904 3619 viscera
926 3553 1117 3619 similiter
1138 3555 1344 3620 feruutur!

198 3663 262 3728 Hie
285 3685 396 3729 rursus
420 3659 625 3747 Chrysippus
646 3661 756 3728 neseio
780 3684 843 3746 quo
866 3660 961 3727 modo
984 3683 1050 3726 non
1073 3661 1161 3727 videt
1183 3683 1217 3726 se
1241 3661 1344 3727 diver-

199 3793 271 3834 sum
295 3769 447 3855 quiddam
472 3792 491 3834 a
514 3769 684 3854 proposita
706 3769 896 3854 quaestione
919 3769 1119 3833 confirmare.
1164 3767 1266 3853 Nam,
1289 3770 1345 3854 qui

198 3877 272 3942 aliis
295 3876 470 3960 minantur,
493 3875 765 3962 quemadmodum
789 3874 899 3941 oeulos
919 3897 1029 3940 eorum
1049 3875 1186 3940 elisuros
1209 3897 1243 3939 se
1265 3898 1344 3942 non·

197 4006 374 4069 numquam
399 3984 491 4050 aiunt
520 3984 572 4049 vel
599 3986 697 4068 eaput
719 3981 941 4048 confracturos
968 3981 1020 4046 vel
1050 4003 1144 4047 erurs
1166 3983 1343 4047 comminu-

198 4095 298 4175 iuros,
321 4090 369 4156 ita
391 4089 554 4156 interdum
577 4113 633 4157 eor
661 4111 695 4154 se
719 4089 886 4154 euulsuros
909 4088 1047 4172 iaciant,
1076 4089 1139 4154 hoo
1167 4092 1217 4152 est
1245 4089 1342 4152 inter-

197 4198 349 4264 fecturos.
395 4195 458 4263 Sed
484 4197 561 4284 quid
590 4197 653 4265 hoe
677 4196 822 4280 adrem,
852 4195 890 4260 de
918 4217 981 4280 qua
1004 4194 1210 4279 quaerimus?
1255 4193 1343 4260 Nam
1385 4189 1389 4198 ’

198 4328 293 4372 aures
312 4308 345 4371 ei
362 4327 478 4372 nasum
498 4327 531 4370 se
551 4304 752 4370 abscissuros
772 4303 933 4368 interdum
953 4305 986 4366 et
1008 4301 1226 4386 discerpturos
1246 4323 1342 4384 saepe

199 4413 283 4483 aner
313 4412 407 4478 alteri
436 4411 628 4477 minitantur
655 4410 804 4475 homines
832 4411 928 4493 sique
952 4407 1052 4473 eiiam
1075 4406 1234 4493 quaedam
1257 4407 1343 4492 apud
