3300 5146
754 367 793 374 -n
841 331 906 394 312
954 367 993 374 ..-

302 490 400 554 ἐστιν.
451 487 567 571 ἑφεξῆς
594 484 630 552 δὲ
660 483 790 553 τούτων
818 484 897 554 τάδε
927 485 1061 574 γράφει·
1090 479 1144 555 εεὖ
1171 486 1259 576 μάλα
1286 487 1324 555 δὲ
1352 513 1447 574 παρι-

234 597 396 670 aaronica
432 589 468 660 τὸ
502 592 698 680 λεγόμενον,
735 589 780 671 ὡς
812 597 913 680 ἔφην,
949 594 1004 660 καὶ
1042 598 1080 662 αι’
1109 595 1146 661 lv
1177 595 1182 682 λ
1211 591 1324 674 αὑτοῖς
1355 595 1447 681 γινό-

302 703 410 788 ’μεναι
433 699 562 786 μελέται
586 699 641 765 καὶ
665 697 795 786 ῥήσεων
816 701 871 767 καὶ
894 705 962 768 τῶν
985 709 1234 787 παραπλησίων.
1271 703 1308 770 ἐν
1330 693 1357 792 pi
1381 701 1447 789 γὰρ

302 812 416 875 ’ταῦτα
439 806 546 874 πάντα
565 813 779 891 συντελεῖται,
802 807 933 886 πάντως
952 806 1093 895 εὔλογον
1117 809 1154 874 ἐν
1173 809 1287 899 ἐκείνῳ
1311 810 1365 876 καλ
1384 807 1448 895 τὴν

275 918 375 983 s‘cor‘r
412 913 515 1000 λόγον
552 914 705 993 διεξοδον
739 921 894 1000 γίνεσθαι
931 915 985 981 καλ
1023 915 1131 1000 λε’γειν
1163 912 1248 1002 ἡμᾶς
1288 917 1343 983 καὶ
1379 921 1448 984 δια-

303 1025 468 1090 (νοεΐσθαι
493 1018 574 1088 κατὰ
598 1021 725 1087 ἐκεῖνο]
772 1017 883 1107 ἀληθῆ
910 1025 1014 1088 ταῦτα
1036 1020 1190 1108 γράφεις,
1218 1013 1244 1090 ὦ
1270 1021 1450 1108 Χρύσιππε.

303 1126 381 1197 καθ’
408 1124 426 1195 δ
451 1126 514 1214 γὰρ
538 1128 574 1194 ἕν
599 1127 729 1206 ἑαυτοῖς
754 1132 939 1215 μελετῶμεν
972 1123 991 1215 ἢ
1021 1127 1076 1193 καὶ
1099 1126 1179 1213 μετὰ
1208 1133 1302 1215 σιγης
1329 1132 1450 1217 διεξερ-

304 1235 432 1324 χόμεθα
470 1232 724 1319 διανοούμενοι,
760 1234 858 1302 τοῦτό
896 1236 965 1301 ἐστι
1003 1232 1040 1302 τὸ
1082 1233 1308 1321 λογιζόμενον.
1366 1232 1449 1303 ἀλλὰ

304 1341 445 1429 πότερον
470 1342 649 1428 ἐγκέφαλος
675 1335 695 1427 ἢ
723 1346 845 1428 καρδία
874 1339 910 1408 τὸ
936 1339 1182 1427 διανοούμενόν
1210 1342 1315 1426 ἐστιν,
1343 1340 1362 1410 ό
1386 1338 1449 1409 ἀπὸ

267 1478 290 1518 ιο
305 1445 407 1535 ἀρχῆς
436 1449 630 1534 ἐζητοῦμεν,
671 1448 770 1535 ε’χρῆν
803 1444 977 1528 ἀποδεῖξαί
1006 1469 1042 1514 σε
1079 1448 1134 1514 καὶ
1172 1446 1216 1535 μὴ
1249 1447 1286 1516 τὸ
1319 1452 1452 1536 πρῶτον

305 1560 416 1642 λῆμμα
449 1553 595 1640 λαβόντα
631 1552 714 1640 πρὸς
745 1551 903 1622 ἁπάντων
931 1550 1203 1642 ὁμολογούμενον
1233 1553 1393 1642 ἡγεῖσθαί
1421 1584 1450 1623 τι

305 1661 393 1746 παρὰ
422 1658 527 1730 αὐτοῦ
553 1661 656 1729 πλέον
683 1662 768 1741 ἕξειν
804 1665 851 1740 είς
877 1659 939 1749 τὴν
966 1664 1033 1728 τῶν
1069 1663 1279 1748 ζητουμένων
1312 1660 1452 1748 εὕρεσιν.

307 1767 418 1848 οὐδεὶς
446 1772 530 1854 γοῦν
559 1770 662 1855 ἐστιν,
691 1764 728 1848 ὃς
757 1764 818 1854 οὐχ
842 1765 1059 1856 ὁμολογήσει,
1086 1766 1167 1836 καθ’
1198 1765 1217 1837 δ
1246 1768 1452 1855 σκεπτόμεθα
1494 1779 1505 1796 “

307 1877 361 1944 καλ
386 1875 625 1962 διαλεγόμεθα,
649 1873 730 1944 κατὰ
754 1879 853 1943 τοῦτο
876 1873 913 1942 τὸ
945 1874 1067 1962 μόριον
1090 1873 1176 1943 εἶναι
1199 1874 1237 1944 τὸ
1267 1879 1325 1961 τῆς
1349 1881 1454 1962 ψυχῆς

269 2014 293 2052 rs
310 1982 517 2070 ἡγεμονικόν.
563 1980 646 2050 ἀλλὰ
671 1980 832 2050 οὔτοῦτο
856 1973 899 2068 ἦν
922 1979 959 2048 τὸ
985 1980 1196 2070 ζητούμενον,
1219 1980 1302 2050 ἀλλὰ
1326 1986 1357 2049 εί
1377 2008 1454 2068 καρ-

308 2095 364 2158 διά
387 2086 485 2156 τοῦθ’
511 2086 649 2176 ὑπάρχει
673 2088 710 2158 τὸ
733 2087 865 2176 μόριον,
889 2086 970 2175 ὅπερ
994 2086 1056 2158 οὐκ
1079 2087 1260 2174 ἀπέδειξας,
1284 2093 1314 2156 εί
1335 2088 1380 2176 μή
1404 2115 1454 2156 πω

308 2195 372 2282 ἄρα
396 2195 462 2285 φης
485 2194 710 2263 αἰσθάνεσθαι
739 2193 820 2262 κατὰ
844 2193 907 2283 την
934 2201 1077 2284 καρδίαν
1106 2197 1326 2284 λογιζόμενος.
1371 2193 1453 2263 ἀλλὰ

345 2384 360 2432 2
381 2371 477 2438 αὐτοῖς
496 2375 574 2429 codd.
595 2374 656 2428 edd.
677 2368 774 2434 αὑτοῖς
789 2391 845 2428 nos.
866 2406 897 2414 -
920 2381 934 2429 7
954 2369 1031 2430 καθὸ
1052 2375 1093 2444 (it.
1114 2393 1140 2430 v.
1157 2377 1200 2446 13)
1219 2376 1255 2430 M.
1276 2405 1308 2416 -
1331 2381 1362 2430 1⁷
1382 2379 1453 2443 λογι-

310 2448 428 2520 ζομένου
449 2448 528 2502 codd.
544 2446 605 2500 cdd.
625 2440 803 2514 λογιζόμενος
822 2462 878 2500 οοε,
899 2477 932 2486 -

311 2629 486 2693 haberetne
509 2628 631 2692 ibidem
651 2627 759 2690 sortem
782 2648 858 2710 pars
877 2627 1057 2692 rationalis.
1099 2628 1178 2693 Post
1200 2627 1281 2693 hacc
1304 2627 1455 2713 deinceps

311 2736 359 2800 ita
387 2733 515 2799 scribit:
566 2733 738 2818 ‘Optime
769 2737 895 2798 autem
926 2732 1001 2800 hoc
1033 2736 1257 2821 ostendunt,
1289 2741 1330 2800 ut
1361 2736 1456 2820 dixi,

312 2842 430 2906 etiam
453 2841 605 2926 quaein
624 2842 736 2906 uobis
756 2840 853 2924 ipsis
873 2841 979 2905 fiunt
997 2846 1033 2906 ct
1053 2842 1273 2908 orationum
1292 2845 1330 2907 et
1352 2844 1457 2908 sinri-

312 2950 406 3015 lium
434 2949 723 3014 meditationes,
767 2947 810 3012 In
841 2969 913 3032 quo
937 2948 1035 3012 euim
1064 2948 1158 3014 buco
1182 2950 1309 3015 omnia
1332 2952 1456 3016 confi-

313 3057 484 3139 ciuntur,
511 3056 549 3119 in
582 3079 624 3122 co
655 3055 772 3120 etiam
806 3055 994 3120 sermonis
1028 3055 1333 3140 explicationem
1365 3058 1456 3123 ficri

313 3167 350 3228 ct
377 3163 520 3227 ibidem
547 3162 654 3247 loqui
681 3185 752 3228 nos
783 3185 825 3226 ac
854 3162 1030 3247 cogitare
1061 3141 1220 3247 prorsrrd
1249 3163 1455 3229 convenit'

314 3270 400 3334 Vera
424 3270 488 3334 ists
512 3275 595 3354 omit,
614 3269 809 3354 Chrysippo.
854 3269 941 3334 Nam
964 3293 1028 3354 qua
1052 3273 1143 3353 parte
1166 3270 1337 3336 nobiscum
1361 3271 1458 3336 medi-

314 3381 422 3442 tamur
448 3377 499 3440 vei
528 3377 627 3441 etiam
655 3376 785 3441 silentio
819 3377 942 3462 aliquid
970 3376 1151 3460 cogitantes
1180 3377 1393 3460 explicamus,
1420 3400 1457 3442 ea

315 3488 365 3548 est
391 3484 600 3548 ratiocinans.
656 3484 717 3548 sed
754 3488 861 3548 utrum
895 3483 1062 3547 cerebrum
1091 3506 1133 3548 au
1161 3506 1231 3568 cor,
1264 3484 1297 3549 id
1325 3485 1409 3569 quod
1438 3511 1457 3548 a

314 3590 475 3675 principio
494 3591 739 3676 quaerebamus,
762 3593 848 3654 essct
870 3589 913 3672 id,
936 3590 1021 3674 quod
1040 3590 1175 3653 haberet
1194 3591 1357 3675 cogitandi
1382 3591 1458 3674 vim,

314 3700 535 3763 demonstrare
568 3697 722 3781 debuisti,
755 3719 818 3761 uon
847 3695 986 3780 primam
1015 3698 1209 3762 sumtioncm
1237 3698 1278 3763 ub
1307 3698 1458 3764 omnibus

315 3827 502 3870 concessam
527 3805 679 3869 adhibere
707 3807 802 3888 atque
829 3803 877 3868 ita
901 3803 1085 3867 existimare
1114 3807 1146 3867 tc
1174 3804 1314 3888 amplius
1337 3804 1460 3889 aliquid

316 3912 356 3977 ad
380 3935 501 3996 eorum,
525 3935 606 3997 quae
631 3912 664 3976 in
687 3911 876 3996 quaestione
900 3914 1119 3994 versarentur,
1146 3911 1367 3976 inventionem
1390 3933 1459 3975 esse

316 4019 513 4085 habiturum.
560 4017 630 4094 Qua
655 4019 740 4084 enim
763 4021 856 4103 parte
881 4017 1121 4083 consideramus
1146 4021 1178 4081 ot
1201 4017 1404 4101 disserimu8‚
1426 4017 1460 4082 in

317 4150 355 4191 ea
378 4149 448 4190 csse
468 4125 595 4191 animae
618 4126 837 4211 principatum
856 4147 952 4190 nemo
972 4128 1022 4188 est
1040 4124 1118 4210 quin
1140 4124 1292 4190 fateatur.
1331 4123 1460 4192 Arnon

316 4233 378 4300 hoc
397 4235 476 4314 crat,
495 4232 581 4317 quod
600 4234 843 4316 quaerebamus,
863 4232 918 4296 sed
938 4254 994 4296 cor
1012 4234 1137 4296 essetne
1157 4253 1196 4296 ca
1213 4253 1298 4316 pars,
1321 4231 1407 4318 quod
1425 4235 1461 4296 tu

316 4362 381 4406 non
396 4340 669 4424 demonstravisti‚
682 4340 746 4404 nisi
761 4339 846 4405 forte
861 4339 941 4404 dicis
956 4339 991 4404 in
1005 4338 1100 4404 corde
1110 4337 1355 4406 meditationem
1370 4342 1460 4404 tuam
