3300 5146
775 401 1019 466 -298-

322 552 410 623 οὕτω
434 553 470 622 δὲ
493 555 548 622 καὶ
571 554 633 642 τὴν
655 561 798 643 καρδίαν
820 555 935 645 ιἰλγείν
957 556 994 628 τό
1019 565 1197 626 λυπεῖσθαι
1219 559 1391 646 λέγουσιν,
1421 557 1468 640 ὦς

321 663 376 730 καλ
399 665 497 730 τοῦτο
522 659 622 741 αὐτὸς
644 679 805 752 μαρτυρεῖ
831 663 887 731 διὰ
910 668 967 751 τῆς
995 661 1096 752 αὐτῆς
1118 665 1238 753 ταύτης
1261 666 1387 754 ῥήσεως
1408 671 1468 755 τῆς

321 769 399 836 νυνί
430 770 674 857 γεγραμμένης,
707 771 744 837 έν
770 762 791 862 ᾖ
819 791 924 857 φησιν
961 769 1023 851 ἰός
1050 768 1093 840 διν
1122 771 1205 840 κατὰ
1232 772 1295 861 τὴν
1321 780 1465 862 καρδίαν

254 893 309 950 sal
320 879 378 961 τῆς
400 874 482 943 κατὰ
505 874 567 963 τὴν
589 876 700 964 λύπην
718 874 905 964 ἀλγηδόνος
922 880 1120 966 γινομένης.’
1157 877 1263 960 οὕτως
1282 881 1319 948 ἐν
1338 885 1343 965 Ι
1364 879 1466 949 ἅπασι

293 997 389 1062 stols
410 982 524 1068 λόγοις
547 980 564 1051 ὁ
585 982 778 1072 Χρύσιππος
801 982 862 1052 οὐκ
880 984 1076 1053 αἰσθάνεται
1099 983 1255 1074 τὰπάθη
1279 992 1337 1074 τῆς
1360 992 1467 1075 ψυχῆς

321 1092 358 1158 έν
384 1104 454 1170 τοῖς
480 1090 567 1158 κάτω
597 1095 655 1178 τῆς
680 1095 825 1178 κεφαλῆς
856 1093 990 1179 μέρεσιν
1017 1090 1177 1181 ὑπάρχειν
1203 1095 1466 1180 κατασκευάζων,

321 1194 421 1266 οὐτὸ
446 1197 661 1285 λογιζόμενον
683 1194 703 1284 ἢ
728 1199 909 1286 ἐπιστήμην
929 1199 1110 1286 δεχόμενον
1134 1195 1154 1287 ἢ
1177 1197 1341 1287 ἀλήθειαν
1364 1223 1465 1270 σπου·

321 1303 432 1385 δάζον.
477 1303 563 1373 οὕτω
588 1304 624 1371 δὲ
651 1301 814 1373 κάπειδὰν
837 1308 1004 1394 ἐπιφέρων
1027 1317 1100 1396 είπη
1125 1289 1265 1395 ’τὸγὰρ
1289 1306 1386 1392 ὅλον,
1409 1334 1466 1376 κα-

322 1411 442 1498 ‘tineo
467 1414 503 1480 ἐν
527 1408 610 1500 ἀρχῇ
634 1409 739 1496 εἶπον,
763 1405 801 1480 εὖ
823 1411 910 1499 μάλα
930 1415 1153 1500 ἐμφαίνουσιν
1177 1419 1212 1482 οἳ
1231 1440 1265 1481 τε
1284 1413 1386 1500 φόβοι
1409 1417 1465 1482 καί

282 1543 306 1582 ιο
321 1520 371 1586 (αἱ
399 1522 499 1586 λῦπαι
531 1518 613 1586 κατὰ
644 1523 742 1587 τοῦτο
774 1518 810 1588 τὸ
843 1521 943 1608 μέρος
974 1520 1174 1608 γινόμεναι’,
1202 1533 1363 1610 μαρτυρεῖ
1387 1517 1465 1590 κάν-

320 1629 431 1691 ταῦθα
453 1629 498 1715 τῷ
522 1629 583 1692 τοῦ
606 1625 788 1706 Πλάτωνος
811 1627 908 1718 λόγῳ.
953 1629 1007 1696 καί
1036 1627 1092 1695 διὰ
1115 1632 1182 1695 τῶν
1210 1629 1283 1714 ἑξῆς
1306 1627 1343 1695 δὲ
1360 1653 1466 1716 παρα·

321 1730 464 1818 πλήσιον
499 1729 626 1820 τρόπον
660 1730 722 1801 οὐκ
754 1734 951 1803 αἰσθάνεται
982 1735 1248 1821 κατασκευάζων,
1280 1732 1325 1814 ὡς
1357 1736 1394 1802 έν
1425 1740 1465 1824 τῇ

321 1843 442 1928 καρδίᾳ
464 1837 501 1907 τὸ
525 1839 704 1927 θυμοειδὲς
729 1845 861 1929 ἵδρυται
884 1847 942 1929 τῆς
965 1846 1084 1930 ψυχῆς·
1119 1839 1156 1929 ‘p'
1178 1868 1212 1910 τε
1240 1840 1303 1928 γὰρ
1332 1844 1369 1910 έν
1395 1857 1467 1922 τοῖς

322 1945 454 2032 εφόβοις
480 1944 598 2026 πάλσις
628 1951 686 2034 τῆς
716 1953 855 2035 καρδίας
887 1949 1034 2036 ἐκφανής
1065 1951 1132 2017 έστι
1159 1949 1214 2018 καί
1242 1946 1262 2036 ἡ
1291 1953 1338 2028 είς
1364 1952 1464 2016 τοῦτο

281 2077 307 2118 ιε
322 2054 390 2138 ετῆς
413 2049 491 2138 ὅλης
514 2059 620 2141 ψυχῆς
643 2054 816 2142 συνδρομὴ
840 2053 902 2124 οὐκ
924 2054 1031 2136 ἄλλως
1054 2058 1351 2143 έπιγεννηματικῶς
1373 2083 1465 2142 γινο-

321 2159 443 2246 ’μένων
466 2156 588 2247 αὐτῶν,
611 2162 761 2250 καθάπερ
781 2161 893 2243 ἄλλοις
915 2162 1019 2231 ἄλλον
1040 2163 1246 2256 συμπάσχειν
1267 2161 1465 2250 πεφυκότος,

358 2391 544 2442 Ῑλυπείσδαι
563 2385 594 2441 δέ
614 2385 743 2456 λέγουσιν
762 2389 798 2442 Μ.
819 2421 851 2428 -
876 2397 891 2444 8
912 2384 1050 2458 έπιφέρον
1069 2391 1106 2444 M.
1127 2421 1158 2429 —
1185 2397 1216 2444 11
1238 2383 1302 2456 ἑξῆς
1320 2387 1352 2444 δὲ
1372 2409 1463 2456 παρα-

320 2454 438 2527 πλήσιον
457 2460 485 2512 Μ
506 2454 527 2512 έ.
547 2457 578 2513 δέ
599 2454 671 2512 κατὰ
691 2454 741 2512 τόν
760 2480 788 2516 π.
806 2461 952 2527 ABt'hK3
971 2462 1003 2516 cl.
1024 2462 1108 2516 Proll.
1128 2481 1155 2532 p.
1171 2469 1213 2516 36.
1234 2491 1266 2499 -
1287 2468 1319 2515 12
1340 2457 1378 2523 ὡς
1396 2464 1483 2515 anto.

321 2526 352 2584 έν
376 2531 408 2601 τῇ
433 2533 536 2598 καρδία
565 2548 618 2586 om.
642 2531 678 2584 Μ.
702 2561 735 2570 -
766 2539 797 2585 13
826 2525 915 2594 οὕτως
940 2536 1005 2586 auto
1028 2527 1046 2602 ἥ
1074 2553 1103 2588 τε
1127 2531 1212 2588 inseri
1240 2533 1302 2586 vult
1325 2531 1405 2588 Corn.
1429 2562 1464 2574 -·

321 2608 354 2655 14
373 2596 479 2671 πόλσης
497 2585 534 2656 ll.
556 2633 587 2641 —
608 2607 641 2656 15
661 2596 899 2673 ίπιγενηματικώς
917 2604 982 2657 ΜΔ.
1004 2635 1036 2644 -

320 2833 445 2895 quoque
474 2833 528 2876 cor
555 2810 663 2875 dolere
687 2811 852 2874 maestitia
875 2811 961 2876 affici
985 2812 1191 2897 intellegunt,
1219 2813 1251 2876 id
1280 2813 1365 2896 quod
1391 2811 1463 2898 ipsc

321 2941 446 3003 quoque
465 2921 605 2982 testatur
624 2918 736 2982 iisdem
760 2917 821 3000 liis,
844 2941 926 3002 quae
946 2919 1041 2983 modo
1061 2919 1230 3003 adscripsi,
1254 2920 1370 3003 verbis
1389 2943 1461 2986 cum

320 3027 399 3091 dicit
423 3025 558 3110 ‘quippe
582 3048 655 3089 cum
678 3025 712 3088 in
735 3025 829 3088 cordo
857 3025 911 3089 ille
936 3049 952 3088 o
977 3027 1142 3090 maestitia
1168 3030 1342 3109 conceptus
1370 3027 1463 3092 dolor

321 3131 476 3196 exsistat?
520 3132 573 3196 lta
597 3133 646 3216 fit,
674 3134 710 3194 ut
733 3129 936 3215 Chrysippus
963 3132 1150 3216 imprudens
1178 3133 1297 3218 ubique
1323 3155 1389 3198 uon
1412 3156 1461 3197 ra-

319 3239 474 3303 tionalem
497 3243 638 3322 partem,
659 3261 726 3302 non
748 3238 902 3302 scientiae
926 3259 1092 3323 capacem,
1114 3261 1180 3304 non
1202 3239 1350 3305 veritatis
1374 3241 1462 3305 inda-

320 3346 492 3432 gatricem‚
516 3345 572 3409 sed
595 3345 695 3409 animi
724 3347 857 3408 affectus
881 3345 916 3410 in
943 3347 1091 3430 partibus
1120 3347 1226 3430 capite
1255 3346 1461 3411 inferioribus

321 3477 390 3518 esse
405 3455 581 3518 confirmet.
612 3452 701 3516 Idem
718 3475 789 3516 cum
805 3453 852 3515 ita
866 3453 986 3536 pergit:
1010 3451 1067 3516 ‘ln
1083 3476 1240 3537 sumina,
1255 3458 1295 3517 nt
1309 3454 1347 3518 in
1360 3453 1461 3538 prin-

320 3561 423 3645 cipio
447 3560 541 3644 dixi,
565 3560 709 3643 optime
733 3558 804 3623 hoo
828 3560 1031 3624 declarant
1053 3560 1214 3624 timores
1234 3565 1271 3624 ct
1294 3561 1463 3645 aegritu-

320 3668 442 3749 dines,
461 3690 555 3752 quae
575 3665 702 3731 iuliae
721 3669 831 3750 parte
851 3664 1292 3751 exsistunt',hocquoque
1311 3667 1383 3732 loco
1402 3690 1462 3751 pro

319 3773 465 3840 Platonis
485 3775 609 3838 ratione
628 3776 775 3838 testatur.
816 3771 977 3856 Deinceps
1001 3773 1100 3836 simili
1120 3773 1216 3839 modo
1234 3796 1301 3838 non
1314 3773 1463 3838 ¹animad-

320 3881 419 3944 vertit
438 3903 471 3944 se
491 3882 630 3964 probare
654 3881 689 3945 iu
708 3881 803 3945 corde
822 3880 1015 3945 collocatam
1035 3902 1104 3944 esse
1122 3884 1249 3963 partem
1269 3880 1406 3964 animae,
1429 3881 1463 3946 in

320 4010 384 4072 qua
408 3991 459 4051 est
481 3987 656 4071 iracundia,
679 3987 731 4052 his
750 3988 871 4052 verbis:
909 3986 1019 4052 ‘Nam
1043 3992 1080 4052 et
1099 3988 1227 4054 cordis
1251 3987 1290 4054 iu
1312 3987 1462 4053 timori-

320 4094 390 4160 bus
424 4094 644 4179 palpitatio
677 4097 717 4157 et
747 4094 870 4158 totius
899 4095 1049 4159 animae
1083 4095 1127 4159 ad
1160 4117 1225 4160 cor
1248 4117 1462 4160 concursus

320 4201 479 4266 evidens
495 4205 566 4284 est,
585 4223 666 4265 cum
681 4201 775 4266 hacc
789 4201 948 4265 minime
962 4201 1061 4266 alias
1077 4202 1314 4268 succedendo
1329 4224 1461 4268 couse-

320 4308 545 4392 quendoque
561 4307 752 4392 accidunt,
770 4311 814 4372 ut
832 4307 952 4390 aliud,
970 4309 1070 4391 quod
1088 4312 1226 4373 natura
1245 4308 1359 4373 simul
1378 4331 1461 4373 cum

321 4414 413 4483 aliis
438 4413 630 4502 afficitur,
658 4436 774 4504 quare
798 4414 914 4481 etiam
938 4414 1111 4480 homines
1138 4414 1177 4478 in
1206 4419 1332 4480 semet
1354 4415 1462 4502 ipsos
