3298 5136
635 445 878 511 -245-

179 594 275 688 αλμα,
307 597 397 687 παρὰ
428 597 550 686 ταύτης
581 599 618 669 δὲ
650 599 716 689 ἤδη
747 605 805 689 τῆς
836 603 976 692 φλεβός,
1008 603 1118 694 ὥσπερ
1140 599 1242 677 τᾶλλα
1269 615 1329 680 ποῖ

180 705 265 798 ζῴου
292 705 393 795 μόρια
420 706 545 794 πάντα,
567 709 649 778 κατά
677 707 737 778 τὸν
770 705 875 778 αὐτὸν
903 709 1030 799 τρόπον
1052 710 1073 800 ἡ
1101 719 1222 803 καρδία
1251 725 1330 805 λαμ-

178 813 272 900 βάνει
305 812 368 902 τὴν
400 813 539 902 τροφήν.
589 813 631 883 06
663 815 731 904 μὴν
764 814 859 902 οὐδέ,
892 816 974 886 ὅταν
1007 827 1160 906 εἴπωσιν,
1192 820 1277 891 ὅθεν
1308 823 1329 914 ἡ

178 928 318 1008 χορηγία
340 924 402 990 τοῦ
428 919 630 1009 πνεύματος,
658 924 807 992 ἐνταῦθα
835 921 921 992 εἶναι
948 924 985 994 τὸ
1015 922 1231 1015 ἡγεμονικόν,
1260 929 1329 1000 εἶτα

178 1029 230 1096 ἐπὶ
263 1025 354 1120 αὐτῷ
382 1028 686 1116 προσλαμβάνωσιν
714 1033 751 1099 ἐκ
782 1034 841 1119 τῆς
867 1035 1008 1119 καρδίας
1038 1045 1256 1122 χορηγεῖσθαι
1289 1038 1355 1108 πὸᾶ

177 1139 319 1222 πνεῦμα,
343 1136 576 1224 συγχωρητέον
600 1133 723 1217 αὐτοῖς.
767 1137 822 1205 καὶ
851 1136 915 1226 γὰρ
943 1135 1120 1208 κάνταῦθα
1151 1142 1269 1230 πάλιν,
1299 1151 1330 1214 εί

178 1241 239 1330 μὲν
266 1241 303 1311 τδ
337 1240 481 1329 ψυχικὸν
507 1242 639 1330 πνεῦμά
670 1263 775 1330 φασιν
807 1245 843 1312 ἐκ
874 1248 933 1333 τῆς
964 1251 1104 1334 καρδίας
1131 1247 1305 1336 άρχεσδαι,
1321 1253 1393 1343 1281

176 1347 214 1418 τὸ
240 1348 444 1436 ζητούμενον
467 1346 549 1417 αὐτὸ
574 1350 712 1437 ἑτοίμως
734 1350 978 1439 λαμβάνουσιν·
1003 1359 1034 1421 εί
1056 1354 1093 1423 δὲ
1115 1354 1153 1424 τὸ
1179 1358 1327 1446 ζωτικόν,

178 1455 239 1525 οὐκ
267 1458 300 1539 ἐξ
327 1453 474 1543 ἀνάγκης
502 1453 726 1546 ἀκολουθήσει
759 1457 822 1546 τὴν
849 1455 956 1547 αὐτὴν
987 1457 1095 1548 ἀρχὴν
1126 1459 1327 1553 ἀμφοτέροις

177 1562 347 1652 ὑπάρχειν.
389 1560 643 1652 Ἐρασίστρατος
670 1568 756 1652 γοῦν
784 1562 845 1653 οὐχ
868 1563 994 1651 άπλῶς,
1018 1565 1127 1657 ὥσπερ
1151 1563 1261 1658 οὗτοι,
1287 1571 1324 1641 τὸ
1341 1598 1366 1636 ιο

178 1670 380 1759 ζητούμενον
411 1669 609 1758 λαμβάνων,
642 1668 726 1740 ἀλλὰ
762 1670 843 1760 μετὰ
879 1685 1082 1761 κατασκευῆς
1113 1675 1224 1764 λόγων
1263 1677 1326 1748 οὐκ

177 1775 292 1865 ὀλίγης
323 1779 358 1845 ἐκ
390 1775 452 1865 μὲν
487 1789 546 1867 τῆς
581 1782 727 1867 κεφαλῆς
759 1800 842 1866 φησι
873 1778 910 1850 τὸ
945 1781 1099 1868 ψυχικόν,
1132 1786 1167 1852 ἐκ
1199 1785 1236 1854 δὲ
1268 1791 1326 1874 της

175 1889 314 1972 καρδίας
335 1883 372 1954 τὸ
398 1884 535 1967 ζωτικὸν
558 1883 729 1974 ὁρμᾶσθαι
751 1891 892 1974 πνεῦμα.
938 1892 969 1955 εί
995 1888 1032 1956 δὲ
1061 1887 1241 1980 οὐδέτερον
1262 1892 1326 1982 μὲν

175 1992 305 2062 τούτων
332 1996 400 2060 τῶν
422 1992 621 2081 πνευμάτων
647 1990 843 2081 ἠρωτήσθω
870 1992 953 2062 κατά
980 1995 1040 2064 τὸν
1067 1997 1171 2084 λόγον
1198 2001 1324 2086 ἐροῦσι,

174 2097 212 2167 τὸ
237 2099 274 2167 δὲ
297 2096 467 2187 ἀνάλογον
493 2103 533 2190 τῇ
562 2102 644 2191 ξηρᾷ
672 2100 727 2169 καὶ
751 2098 837 2192 ὑγρᾷ
864 2105 989 2191 τροφῇ,
1015 2102 1053 2172 τὸ
1078 2107 1323 2194 προσαγορευό-
1338 2129 1364 2169 1⁵

174 2232 278 2295 μενον
301 2204 432 2293 ὑλικόν,
455 2204 656 2276 ἀκούσονται
679 2207 734 2275 καὶ
757 2207 832 2294 περὶ
854 2211 954 2277 τοῦδε
977 2209 1067 2297 παρὰ
1085 2207 1323 2300 Ἱπποκράτους

210 2453 225 2498 3
250 2436 321 2498 ὅταν
349 2437 366 2512 ἡ
391 2443 419 2496 Μ
447 2434 566 2511 ὅδενὴ
595 2443 719 2496 LA.-
749 2447 765 2496 5
793 2435 1031 2524 προολάβωσινΙι
1059 2439 1322 2526 προσλαμβάνουσιν

174 2513 359 2571 MABch-
380 2513 559 2570 ωσινΚ.-
549 2462 599 2569 ηδ
625 2507 773 2582 ἕτοίμως“
765 2512 932 2568 inseruimus
956 2529 1006 2568 nos
1030 2513 1130 2584 (possis
1150 2515 1236 2571 etiam
1254 2535 1320 2586 προ-

174 2589 272 2671 χείρως
289 2580 377 2641 vel
359 2607 397 2648 ως
415 2580 644 2656 ὁμολογούμενον
663 2586 728 2640 autc
751 2578 933 2670 λαμβάνειυ“
926 2601 1059 2656 mserere;
1085 2585 1119 2641 cs
1138 2603 1165 2656 p.
1185 2593 1236 2642 282
1257 2593 1322 2658 poet

175 2659 212 2713 in.
232 2659 265 2721 K,
286 2676 313 2728 p.
332 2665 383 2712 332
408 2674 433 2711 a.
453 2657 538 2724 med,
562 2675 589 2726 p.
610 2661 661 2712 699
684 2657 791 2782 ἰοχ-
817 2663 849 2710 10
873 2646 926 2710 οὖν
949 2627 1107 2712 LABChK
1130 2657 1201 2727 γοῦν
1223 2659 1260 2713 Μ.
1287 2691 1319 2699 -

176 2737 208 2784 12
228 2724 358 2798 ὄλίγηςΙι
378 2699 610 2797 dtlyuvMAoe
630 2721 693 2782 ἀλλ’
730 2747 746 2780 κ
764 2725 853 2797 μλνΙι
873 2723 946 2797 ἐκμ.
962 2728 1081 2782 ΜΛ.-
1103 2677 1146 2784 14⁷
1154 2729 1211 2784 τῶν
1229 2725 1321 2799 λόγων

173 2803 315 2856 mutatum
343 2800 440 2854 eadem
465 2816 549 2854 manu
572 2799 601 2854 in
628 2794 679 2854 τδν
684 2794 788 2886 λόγον
810 2799 908 2884 Μ-
937 2807 969 2854 15
993 2796 1207 2871 προσαγόμενον
1230 2802 1261 2857 L.
1286 2835 1319 2842 -

175 2881 208 2928 16
231 2867 313 2940 καθ’,
333 2871 361 2925 in
380 2887 468 2941 marg.
488 2871 548 2926 ead.
567 2889 603 2926 m.
623 2891 681 2940 παρ
684 2864 803 2924 ’.-Μ
823 2863 1025 2940 λαποκράτους
1048 2871 1082 2926 el.
1106 2872 1141 2928 de
1160 2873 1244 2928 Alim.
1262 2873 1281 2930 l.
1301 2875 1318 2930 l.

173 2944 317 3000 etGalen.
337 2942 491 2998 Commeat.
471 2943 540 2998 tin
558 2941 643 3013 Hipp.
663 2941 795 2997 deAlim.
814 2941 833 2997 l.
852 2941 871 2996 1.
890 2959 917 3012 p.
938 2947 998 2998 387.
1018 2973 1051 2982 -—

172 3181 291 3266 quitur,
314 3203 334 3245 a
356 3201 421 3265 qua
439 3179 569 3263 quidem
588 3178 700 3245 eodem
719 3179 825 3262 modo,
849 3199 912 3262 quo
932 3181 1057 3242 ceterae
1077 3181 1222 3265 corporis
1245 3205 1318 3267 par-

172 3292 231 3369 tes,
255 3311 310 3354 cor
328 3287 518 3352 alimentum
538 3285 662 3370 recipit.
697 3283 808 3350 Etiam
831 3285 910 3349 illud
930 3285 1061 3350 minime
1080 3287 1318 3354 concedendum

172 3396 366 3478 dicentibus,
399 3393 481 3458 unde
513 3392 647 3477 spiritus
681 3395 889 3478 suggeratur,
919 3392 966 3457 ibi
1000 3415 1071 3458 esse
1098 3393 1317 3479 principatum

173 3504 313 3586 animae,
343 3501 457 3567 deinde
486 3499 676 3565 addentibus
704 3499 838 3564 ecorde
866 3500 998 3586 suggeri
1025 3499 1185 3585 spiritum.
1229 3500 1317 3568 Num

170 3611 225 3676 hic
246 3631 383 3695 quoque,
407 3609 434 3672 si
458 3607 631 3672 animalem
654 3607 841 3691 spiritume
865 3607 960 3673 corde
983 3608 1075 3672 aiunt
1097 3608 1186 3692 oriri,
1208 3607 1316 3694 ipsum

169 3717 264 3802 illud,
293 3717 378 3801 quod
405 3716 440 3780 in
464 3715 685 3781 controversia
707 3718 770 3800 est,
797 3718 834 3780 ut
860 3737 1048 3780 eoncessum
1075 3718 1259 3801 assumunt,
1287 3717 1315 3782 si

171 3826 319 3909 vitalem,
349 3823 431 3888 nihil
459 3822 663 3887 necessitatis
692 3822 799 3888 afferri
831 3825 956 3907 potest,
988 3844 1046 3887 eur
1073 3821 1159 3887 idem
1185 3824 1315 3910 utrique

169 3933 366 4021 principium
390 3931 441 3995 sil.
482 3928 702 3995 Erasistratus
725 3930 854 4014 quidem
878 3951 952 4013 non,
973 3933 1011 3994 ut
1033 3929 1100 4014 isti,
1123 3930 1316 4014 simpliciter

170 4063 248 4124 rem,
271 4062 353 4125 quae
376 4037 549 4123 quaeritur,
573 4059 750 4121 assumens,
772 4037 829 4102 sed
847 4037 950 4110 multo
969 4037 1131 4103 rationum
1155 4041 1315 4122 apparatu

169 4147 365 4215 confirmans
384 4167 401 4209 e
425 4145 531 4229 capite
551 4143 725 4209 animalem
748 4143 909 4230 spiritum,
933 4145 1064 4211 ecorde
1083 4145 1217 4211 vitalem
1239 4167 1314 4232 pro-

170 4254 272 4322 ficisci
302 4253 358 4325 ait.
410 4251 532 4328 Quodsi
564 4251 675 4317 dicunt
706 4255 858 4318 neutrum
885 4253 1036 4338 spiritum
1068 4254 1102 4319 in
1133 4253 1314 4340 interroga-

169 4363 259 4428 tione
286 4360 431 4446 positum
459 4382 543 4444 esse,
573 4360 628 4424 sed
656 4362 797 4444 tantum,
830 4361 886 4445 qui
918 4362 1003 4426 sicco
1032 4365 1065 4425 ct
1091 4360 1225 4426 humido
1253 4362 1312 4427 ali-

169 4471 279 4535 mento
306 4467 513 4552 respondeat,
541 4488 636 4550 quem
663 4467 865 4531 materialem
888 4467 1070 4552 appellant,
1096 4465 1158 4532 hac
1185 4489 1311 4554 quoque
