<?xml version="1.0" encoding="UTF-8"?>
<!DOCTYPE html PUBLIC "-//W3C//DTD XHTML 1.0 Transitional//EN"
    "http://www.w3.org/TR/xhtml1/DTD/xhtml1-transitional.dtd">
<html xmlns="http://www.w3.org/1999/xhtml" xml:lang="en" lang="en">
 <head>
  <title>
</title>
<meta http-equiv="Content-Type" content="text/html;charset=utf-8" />
  <meta name='ocr-system' content='tesseract 3.04.00' />
  <meta name='ocr-capabilities' content='ocr_page ocr_carea ocr_par ocr_line ocrx_word'/>
</head>
<body>
  <div class='ocr_page' id='page_1' title='image "./claudiigalenide02mlgoog/claudiigalenide02mlgoog_0132.png"; bbox 0 0 3228 5148; ppageno 0'>
   <div class='ocr_carea' id='block_1_1' title="bbox 593 439 837 503">
    <p class='ocr_par' dir='ltr' id='par_1_1' title="bbox 593 439 837 503">
     <span class='ocr_line' id='line_1_1' title="bbox 593 439 837 503; baseline 0.004 -1"><span class='ocrx_word' id='word_1_1' title='bbox 593 439 837 503; x_wconf 82' lang='grc'>-115-</span> 
     </span>
    </p>
   </div>
   <div class='ocr_carea' id='block_1_2' title="bbox 128 592 1343 4618">
    <p class='ocr_par' dir='ltr' id='par_1_2' title="bbox 128 592 1343 4618">
     <span class='ocr_line' id='line_1_2' title="bbox 133 592 1285 683; baseline 0.003 -23"><span class='ocrx_word' id='word_1_2' title='bbox 133 594 284 661; x_wconf 75' lang='lat' dir='ltr'><strong>Eandem</strong></span> <span class='ocrx_word' id='word_1_3' title='bbox 302 598 452 664; x_wconf 75' lang='lat' dir='ltr'><strong>voculam</strong></span> <span class='ocrx_word' id='word_1_4' title='bbox 471 597 545 662; x_wconf 81' lang='lat' dir='ltr'><strong>eliis</strong></span> <span class='ocrx_word' id='word_1_5' title='bbox 563 597 645 663; x_wconf 88' lang='lat' dir='ltr'><strong>locis</strong></span> <span class='ocrx_word' id='word_1_6' title='bbox 663 598 813 681; x_wconf 85' lang='lat' dir='ltr'><strong>inscruit,</strong></span> <span class='ocrx_word' id='word_1_7' title='bbox 836 599 927 663; x_wconf 84' lang='lat' dir='ltr'><strong>velut</strong></span> <span class='ocrx_word' id='word_1_8' title='bbox 944 621 975 683; x_wconf 91' lang='lat' dir='ltr'><strong>p.</strong></span> <span class='ocrx_word' id='word_1_9' title='bbox 994 599 1058 664; x_wconf 92' lang='grc'><strong>677</strong></span> <span class='ocrx_word' id='word_1_10' title='bbox 1078 602 1157 662; x_wconf 85' lang='lat' dir='ltr'><strong>extr.</strong></span> <span class='ocrx_word' id='word_1_11' title='bbox 1180 592 1223 663; x_wconf 79' lang='grc' dir='ltr'><strong>οὐ</strong></span> <span class='ocrx_word' id='word_1_12' title='bbox 1245 623 1285 663; x_wconf 94' lang='grc' dir='ltr'><strong><em>τα</em></strong></span> 
     </span>
     <span class='ocr_line' id='line_1_3' title="bbox 132 697 1283 789; baseline 0.003 -23"><span class='ocrx_word' id='word_1_13' title='bbox 132 713 282 786; x_wconf 79' lang='grc' dir='ltr'><strong><em>στοιχεῖα</em></strong></span> <span class='ocrx_word' id='word_1_14' title='bbox 305 699 494 788; x_wconf 77' lang='grc' dir='ltr'><strong><em>δήπουθεν,</em></strong></span> <span class='ocrx_word' id='word_1_15' title='bbox 521 697 605 769; x_wconf 83' lang='grc' dir='ltr'><strong><em>άλλὰ</em></strong></span> <span class='ocrx_word' id='word_1_16' title='bbox 628 701 691 768; x_wconf 79' lang='grc' dir='ltr'><strong>καὶ</strong></span> <span class='ocrx_word' id='word_1_17' title='bbox 711 699 751 768; x_wconf 82' lang='grc' dir='ltr'><strong><em>τὰ</em></strong></span> <span class='ocrx_word' id='word_1_18' title='bbox 769 705 937 789; x_wconf 81' lang='grc' dir='ltr'><strong><em>προσεγῶς</em></strong></span> <span class='ocrx_word' id='word_1_19' title='bbox 954 700 1145 788; x_wconf 83' lang='grc' dir='ltr'><strong><em>γεννητικά,</em></strong></span> <span class='ocrx_word' id='word_1_20' title='bbox 1169 728 1200 789; x_wconf 88' lang='lat' dir='ltr'><strong>p.</strong></span> <span class='ocrx_word' id='word_1_21' title='bbox 1220 705 1283 770; x_wconf 94' lang='grc'><strong>799</strong></span> 
     </span>
     <span class='ocr_line' id='line_1_4' title="bbox 132 801 1285 896; baseline 0.003 -22"><span class='ocrx_word' id='word_1_22' title='bbox 132 830 163 892; x_wconf 93' lang='lat' dir='ltr'><strong>p.</strong></span> <span class='ocrx_word' id='word_1_23' title='bbox 188 808 232 874; x_wconf 89' lang='lat' dir='ltr'><strong>in.</strong></span> <span class='ocrx_word' id='word_1_24' title='bbox 256 817 425 876; x_wconf 81' lang='grc' dir='ltr'><strong><em>κινεῖσθαι</em></strong></span> <span class='ocrx_word' id='word_1_25' title='bbox 447 807 511 875; x_wconf 80' lang='grc' dir='ltr'><strong>καὶ</strong></span> <span class='ocrx_word' id='word_1_26' title='bbox 540 804 622 876; x_wconf 83' lang='grc' dir='ltr'><strong><em>ὅταν</em></strong></span> <span class='ocrx_word' id='word_1_27' title='bbox 645 809 698 893; x_wconf 75' lang='grc' dir='ltr'><strong><em>δέ,</em></strong></span> <span class='ocrx_word' id='word_1_28' title='bbox 724 833 755 896; x_wconf 91' lang='lat' dir='ltr'><strong>p.</strong></span> <span class='ocrx_word' id='word_1_29' title='bbox 780 813 847 877; x_wconf 91' lang='grc'><strong>793</strong></span> <span class='ocrx_word' id='word_1_30' title='bbox 875 815 950 876; x_wconf 81' lang='lat' dir='ltr'><strong>ante</strong></span> <span class='ocrx_word' id='word_1_31' title='bbox 974 811 1056 876; x_wconf 89' lang='lat' dir='ltr'><strong>med.</strong></span> <span class='ocrx_word' id='word_1_32' title='bbox 1084 805 1193 896; x_wconf 76' lang='grc' dir='ltr'><strong><em>ὥσπερ</em></strong></span> <span class='ocrx_word' id='word_1_33' title='bbox 1221 801 1285 878; x_wconf 77' lang='grc' dir='ltr'><strong>οὖν</strong></span> 
     </span>
     <span class='ocr_line' id='line_1_5' title="bbox 130 911 1285 1004; baseline 0.003 -24"><span class='ocrx_word' id='word_1_34' title='bbox 130 916 238 981; x_wconf 82' lang='grc' dir='ltr'><strong><em>ταῦτα</em></strong></span> <span class='ocrx_word' id='word_1_35' title='bbox 266 915 340 1002; x_wconf 82' lang='grc' dir='ltr'><strong><em>περὶ</em></strong></span> <span class='ocrx_word' id='word_1_36' title='bbox 368 918 475 1002; x_wconf 75' lang='grc' dir='ltr'><strong><em>ψυχῆς</em></strong></span> <span class='ocrx_word' id='word_1_37' title='bbox 501 911 593 983; x_wconf 78' lang='grc' dir='ltr'><strong><em>εἶπεν</em></strong></span> <span class='ocrx_word' id='word_1_38' title='bbox 623 912 698 1002; x_wconf 82' lang='grc' dir='ltr'><strong><em>άχρι</em></strong></span> <span class='ocrx_word' id='word_1_39' title='bbox 725 918 787 982; x_wconf 81' lang='grc' dir='ltr'><strong><em>τοῦ</em></strong></span> <span class='ocrx_word' id='word_1_40' title='bbox 814 918 965 983; x_wconf 78' lang='grc' dir='ltr'><em>πιθανοῦ</em></span> <span class='ocrx_word' id='word_1_41' title='bbox 991 954 1036 963; x_wconf 91' lang='grc'>-</span> <span class='ocrx_word' id='word_1_42' title='bbox 1062 917 1285 1004; x_wconf 77' lang='grc' dir='ltr'><strong><em>προειρημένα</em></strong></span> 
     </span>
     <span class='ocr_line' id='line_1_6' title="bbox 130 1018 1285 1111; baseline 0.005 -27"><span class='ocrx_word' id='word_1_43' title='bbox 130 1019 221 1107; x_wconf 81' lang='lat' dir='ltr'><strong>(lege</strong></span> <span class='ocrx_word' id='word_1_44' title='bbox 235 1019 473 1111; x_wconf 74' lang='grc' dir='ltr'><strong><em>προερχόμενα,</em></strong></span> <span class='ocrx_word' id='word_1_45' title='bbox 492 1023 532 1088; x_wconf 85' lang='lat' dir='ltr'><strong>cf.</strong></span> <span class='ocrx_word' id='word_1_46' title='bbox 547 1046 646 1108; x_wconf 83' lang='lat' dir='ltr'><strong>supra</strong></span> <span class='ocrx_word' id='word_1_47' title='bbox 659 1047 690 1108; x_wconf 89' lang='lat' dir='ltr'><strong>p.</strong></span> <span class='ocrx_word' id='word_1_48' title='bbox 704 1023 775 1110; x_wconf 88' lang='lat'><strong>53),</strong></span> <span class='ocrx_word' id='word_1_49' title='bbox 793 1022 858 1089; x_wconf 80' lang='grc' dir='ltr'><strong>καὶ</strong></span> <span class='ocrx_word' id='word_1_50' title='bbox 874 1019 930 1088; x_wconf 75' lang='grc' dir='ltr'><strong>διὰ</strong></span> <span class='ocrx_word' id='word_1_51' title='bbox 943 1024 1043 1090; x_wconf 85' lang='grc' dir='ltr'><strong><em>τοῦτο</em></strong></span> <span class='ocrx_word' id='word_1_52' title='bbox 1057 1018 1147 1108; x_wconf 78' lang='grc' dir='ltr'><strong><em>κάγάτ</em></strong></span> <span class='ocrx_word' id='word_1_53' title='bbox 1162 1050 1191 1090; x_wconf 88' lang='grc' dir='ltr'><strong>κ.</strong></span> <span class='ocrx_word' id='word_1_54' title='bbox 1204 1049 1232 1090; x_wconf 85' lang='grc' dir='ltr'><strong><em>τ.</em></strong></span> <span class='ocrx_word' id='word_1_55' title='bbox 1245 1030 1285 1108; x_wconf 85' lang='grc' dir='ltr'><strong>λ,</strong></span> 
     </span>
     <span class='ocr_line' id='line_1_7' title="bbox 131 1123 1285 1215; baseline 0.003 -21"><span class='ocrx_word' id='word_1_56' title='bbox 131 1149 164 1210; x_wconf 88' lang='lat' dir='ltr'><strong>p.</strong></span> <span class='ocrx_word' id='word_1_57' title='bbox 189 1130 256 1194; x_wconf 89' lang='grc'><strong>800</strong></span> <span class='ocrx_word' id='word_1_58' title='bbox 279 1135 359 1195; x_wconf 83' lang='lat' dir='ltr'><strong>extr.</strong></span> <span class='ocrx_word' id='word_1_59' title='bbox 381 1131 443 1195; x_wconf 84' lang='grc' dir='ltr'><strong><em>τοῦ</em></strong></span> <span class='ocrx_word' id='word_1_60' title='bbox 464 1155 499 1195; x_wconf 86' lang='grc' dir='ltr'><strong><em>τε</em></strong></span> <span class='ocrx_word' id='word_1_61' title='bbox 522 1123 666 1214; x_wconf 77' lang='grc' dir='ltr'><strong><em>ἀκριβῶς</em></strong></span> <span class='ocrx_word' id='word_1_62' title='bbox 688 1128 871 1215; x_wconf 79' lang='grc' dir='ltr'><strong><em>λεγομένου</em></strong></span> <span class='ocrx_word' id='word_1_63' title='bbox 892 1124 1032 1214; x_wconf 79' lang='grc' dir='ltr'><strong><em>ταύτοῦ,</em></strong></span> <span class='ocrx_word' id='word_1_64' title='bbox 1055 1129 1120 1196; x_wconf 82' lang='grc' dir='ltr'><strong><em>καλ</em></strong></span> <span class='ocrx_word' id='word_1_65' title='bbox 1141 1133 1203 1198; x_wconf 84' lang='grc' dir='ltr'><strong><em>τοῦ</em></strong></span> <span class='ocrx_word' id='word_1_66' title='bbox 1224 1155 1285 1198; x_wconf 87' lang='grc' dir='ltr'><strong>πα-</strong></span> 
     </span>
     <span class='ocr_line' id='line_1_8' title="bbox 130 1232 1284 1317; baseline 0.006 -19"><span class='ocrx_word' id='word_1_67' title='bbox 130 1232 210 1317; x_wconf 75' lang='grc' dir='ltr'><strong><em>χέος</em></strong></span> <span class='ocrx_word' id='word_1_68' title='bbox 235 1259 269 1300; x_wconf 84' lang='grc' dir='ltr'><strong><em>τε</em></strong></span> <span class='ocrx_word' id='word_1_69' title='bbox 297 1234 352 1301; x_wconf 84' lang='grc' dir='ltr'><strong>καὶ</strong></span> <span class='ocrx_word' id='word_1_70' title='bbox 375 1233 522 1314; x_wconf 87' lang='grc' dir='ltr'><strong><em>πλατέος.</em></strong></span> <span class='ocrx_word' id='word_1_71' title='bbox 567 1236 733 1303; x_wconf 82' lang='lat' dir='ltr'><strong>Particula</strong></span> <span class='ocrx_word' id='word_1_72' title='bbox 759 1261 797 1302; x_wconf 81' lang='grc' dir='ltr'><strong><em>τε</em></strong></span> <span class='ocrx_word' id='word_1_73' title='bbox 825 1261 899 1302; x_wconf 92' lang='lat' dir='ltr'><strong>cum</strong></span> <span class='ocrx_word' id='word_1_74' title='bbox 927 1237 1000 1302; x_wconf 85' lang='lat' dir='ltr'><strong>aliis</strong></span> <span class='ocrx_word' id='word_1_75' title='bbox 1028 1241 1100 1302; x_wconf 90' lang='lat' dir='ltr'><strong>tum</strong></span> <span class='ocrx_word' id='word_1_76' title='bbox 1127 1238 1179 1304; x_wconf 89' lang='lat' dir='ltr'><strong>his</strong></span> <span class='ocrx_word' id='word_1_77' title='bbox 1202 1237 1284 1305; x_wconf 93' lang='lat' dir='ltr'><strong>locis</strong></span> 
     </span>
     <span class='ocr_line' id='line_1_9' title="bbox 131 1341 1285 1430; baseline 0.003 -23"><span class='ocrx_word' id='word_1_78' title='bbox 131 1341 332 1427; x_wconf 73' lang='lat' dir='ltr'><strong>interpositu</strong></span> <span class='ocrx_word' id='word_1_79' title='bbox 359 1349 409 1408; x_wconf 85' lang='lat' dir='ltr'><strong>est</strong></span> <span class='ocrx_word' id='word_1_80' title='bbox 436 1343 470 1408; x_wconf 91' lang='lat' dir='ltr'><strong>in</strong></span> <span class='ocrx_word' id='word_1_81' title='bbox 497 1341 745 1430; x_wconf 80' lang='lat' dir='ltr'>MA(BOhK):</span> <span class='ocrx_word' id='word_1_82' title='bbox 775 1367 806 1428; x_wconf 91' lang='lat' dir='ltr'><strong>p.</strong></span> <span class='ocrx_word' id='word_1_83' title='bbox 829 1344 894 1409; x_wconf 90' lang='grc'><strong>253</strong></span> <span class='ocrx_word' id='word_1_84' title='bbox 918 1349 997 1408; x_wconf 85' lang='lat' dir='ltr'><strong>extr.</strong></span> <span class='ocrx_word' id='word_1_85' title='bbox 1023 1345 1124 1410; x_wconf 80' lang='grc' dir='ltr'><strong><em>τοῦτο</em></strong></span> <span class='ocrx_word' id='word_1_86' title='bbox 1151 1346 1285 1429; x_wconf 87' lang='grc' dir='ltr'><strong><em>σφὴλαν</em></strong></span> 
     </span>
     <span class='ocr_line' id='line_1_10' title="bbox 130 1442 1284 1538; baseline 0.006 -26"><span class='ocrx_word' id='word_1_87' title='bbox 130 1442 195 1513; x_wconf 90' lang='grc' dir='ltr'><strong><em>τόν</em></strong></span> <span class='ocrx_word' id='word_1_88' title='bbox 218 1473 257 1514; x_wconf 84' lang='grc' dir='ltr'><strong><em>τε</em></strong></span> <span class='ocrx_word' id='word_1_89' title='bbox 281 1445 424 1535; x_wconf 82' lang='grc' dir='ltr'><strong><em>Ζήνωνα</em></strong></span> <span class='ocrx_word' id='word_1_90' title='bbox 447 1451 596 1536; x_wconf 78' lang='grc' dir='ltr'><strong><em>πρῶτον,</em></strong></span> <span class='ocrx_word' id='word_1_91' title='bbox 619 1451 676 1516; x_wconf 90' lang='lat' dir='ltr'><strong>ubi</strong></span> <span class='ocrx_word' id='word_1_92' title='bbox 698 1449 726 1515; x_wconf 85' lang='grc' dir='ltr'><strong>Ιι</strong></span> <span class='ocrx_word' id='word_1_93' title='bbox 749 1455 837 1516; x_wconf 88' lang='lat' dir='ltr'><strong>recte</strong></span> <span class='ocrx_word' id='word_1_94' title='bbox 860 1474 894 1516; x_wconf 80' lang='grc' dir='ltr'><strong><em>τε</em></strong></span> <span class='ocrx_word' id='word_1_95' title='bbox 914 1451 1039 1535; x_wconf 90' lang='lat' dir='ltr'><strong>omisit,</strong></span> <span class='ocrx_word' id='word_1_96' title='bbox 1062 1475 1093 1536; x_wconf 92' lang='lat' dir='ltr'><strong>p.</strong></span> <span class='ocrx_word' id='word_1_97' title='bbox 1108 1453 1174 1518; x_wconf 97' lang='grc'><strong>375</strong></span> <span class='ocrx_word' id='word_1_98' title='bbox 1191 1476 1222 1538; x_wconf 92' lang='lat' dir='ltr'><strong>p.</strong></span> <span class='ocrx_word' id='word_1_99' title='bbox 1241 1454 1284 1522; x_wconf 86' lang='lat' dir='ltr'><strong>in.</strong></span> 
     </span>
     <span class='ocr_line' id='line_1_11' title="bbox 130 1551 1284 1645; baseline 0.007 -28"><span class='ocrx_word' id='word_1_100' title='bbox 130 1551 191 1618; x_wconf 74' lang='grc' dir='ltr'><strong>διὰ</strong></span> <span class='ocrx_word' id='word_1_101' title='bbox 220 1552 283 1642; x_wconf 88' lang='grc' dir='ltr'><strong>τὴν</strong></span> <span class='ocrx_word' id='word_1_102' title='bbox 309 1557 378 1623; x_wconf 76' lang='grc' dir='ltr'><strong><em>τῶν</em></strong></span> <span class='ocrx_word' id='word_1_103' title='bbox 404 1554 487 1622; x_wconf 79' lang='grc' dir='ltr'><strong><em>κατὰ</em></strong></span> <span class='ocrx_word' id='word_1_104' title='bbox 515 1555 614 1643; x_wconf 81' lang='grc' dir='ltr'><strong><em>μέρος</em></strong></span> <span class='ocrx_word' id='word_1_105' title='bbox 641 1558 774 1638; x_wconf 81' lang='grc' dir='ltr'><strong><em>αἰτίων,</em></strong></span> <span class='ocrx_word' id='word_1_106' title='bbox 806 1551 868 1623; x_wconf 83' lang='grc' dir='ltr'><strong>ὅσα</strong></span> <span class='ocrx_word' id='word_1_107' title='bbox 895 1581 934 1622; x_wconf 85' lang='grc' dir='ltr'><strong><em>τε</em></strong></span> <span class='ocrx_word' id='word_1_108' title='bbox 962 1569 1051 1623; x_wconf 83' lang='grc' dir='ltr'><strong><em>κινεῖ</em></strong></span> <span class='ocrx_word' id='word_1_109' title='bbox 1075 1551 1137 1644; x_wconf 85' lang='grc' dir='ltr'><strong>τὴν</strong></span> <span class='ocrx_word' id='word_1_110' title='bbox 1164 1554 1284 1645; x_wconf 84' lang='grc' dir='ltr'><strong><em>ὁρμήν,</em></strong></span> 
     </span>
     <span class='ocr_line' id='line_1_12' title="bbox 130 1655 1284 1752; baseline 0.005 -27"><span class='ocrx_word' id='word_1_111' title='bbox 130 1655 256 1726; x_wconf 77' lang='grc' dir='ltr'><strong><em>ἄνισον</em></strong></span> <span class='ocrx_word' id='word_1_112' title='bbox 283 1659 430 1748; x_wconf 80' lang='grc' dir='ltr'><strong><em>δύναμιν</em></strong></span> <span class='ocrx_word' id='word_1_113' title='bbox 457 1660 511 1750; x_wconf 91' lang='lat' dir='ltr'><strong>(cf.</strong></span> <span class='ocrx_word' id='word_1_114' title='bbox 538 1687 569 1750; x_wconf 94' lang='lat' dir='ltr'><strong>p.</strong></span> <span class='ocrx_word' id='word_1_115' title='bbox 593 1665 658 1731; x_wconf 87' lang='grc'><strong>376</strong></span> <span class='ocrx_word' id='word_1_116' title='bbox 682 1669 761 1731; x_wconf 79' lang='lat' dir='ltr'><strong>extr.</strong></span> <span class='ocrx_word' id='word_1_117' title='bbox 784 1665 824 1751; x_wconf 79' lang='grc' dir='ltr'><strong><em>τῇ</em></strong></span> <span class='ocrx_word' id='word_1_118' title='bbox 852 1660 989 1750; x_wconf 78' lang='grc' dir='ltr'><strong><em>τοιαύτῃ</em></strong></span> <span class='ocrx_word' id='word_1_119' title='bbox 1018 1666 1190 1752; x_wconf 75' lang='grc' dir='ltr'><strong><em>συμπλοκῇ</em></strong></span> <span class='ocrx_word' id='word_1_120' title='bbox 1217 1667 1284 1731; x_wconf 81' lang='grc' dir='ltr'><strong><em>τῶν</em></strong></span> 
     </span>
     <span class='ocr_line' id='line_1_13' title="bbox 128 1761 1283 1859; baseline 0.004 -28"><span class='ocrx_word' id='word_1_121' title='bbox 128 1761 192 1844; x_wconf 79' lang='grc' dir='ltr'><strong>τὰς</strong></span> <span class='ocrx_word' id='word_1_122' title='bbox 215 1761 321 1853; x_wconf 79' lang='grc' dir='ltr'><strong><em>ὁρμὰς</em></strong></span> <span class='ocrx_word' id='word_1_123' title='bbox 342 1766 531 1837; x_wconf 84' lang='grc' dir='ltr'><strong><em>κινούντων</em></strong></span> <span class='ocrx_word' id='word_1_124' title='bbox 552 1771 697 1859; x_wconf 68' lang='lat' dir='ltr'><strong>aleton),</strong></span> <span class='ocrx_word' id='word_1_125' title='bbox 720 1795 751 1856; x_wconf 93' lang='lat' dir='ltr'><strong>p.</strong></span> <span class='ocrx_word' id='word_1_126' title='bbox 774 1773 839 1837; x_wconf 83' lang='grc'><strong>423</strong></span> <span class='ocrx_word' id='word_1_127' title='bbox 863 1777 939 1836; x_wconf 80' lang='lat' dir='ltr'><strong>unte</strong></span> <span class='ocrx_word' id='word_1_128' title='bbox 962 1773 1015 1836; x_wconf 88' lang='lat' dir='ltr'><strong>fin.</strong></span> <span class='ocrx_word' id='word_1_129' title='bbox 1037 1769 1093 1837; x_wconf 80' lang='grc' dir='ltr'><strong>καὶ</strong></span> <span class='ocrx_word' id='word_1_130' title='bbox 1116 1772 1211 1857; x_wconf 83' lang='grc' dir='ltr'><strong><em>τιμῆς</em></strong></span> <span class='ocrx_word' id='word_1_131' title='bbox 1228 1769 1283 1837; x_wconf 82' lang='grc' dir='ltr'><strong>καὶ</strong></span> 
     </span>
     <span class='ocr_line' id='line_1_14' title="bbox 130 1870 1284 1967; baseline 0.005 -29"><span class='ocrx_word' id='word_1_132' title='bbox 130 1870 271 1941; x_wconf 86' lang='grc' dir='ltr'><strong><em>πάντων</em></strong></span> <span class='ocrx_word' id='word_1_133' title='bbox 296 1900 336 1942; x_wconf 83' lang='grc' dir='ltr'><strong><em>τε</em></strong></span> <span class='ocrx_word' id='word_1_134' title='bbox 363 1878 431 1943; x_wconf 73' lang='grc' dir='ltr'><strong><em>τῶν</em></strong></span> <span class='ocrx_word' id='word_1_135' title='bbox 452 1874 629 1959; x_wconf 85' lang='grc' dir='ltr'><strong><em>τοιούτων,</em></strong></span> <span class='ocrx_word' id='word_1_136' title='bbox 656 1903 687 1964; x_wconf 95' lang='lat' dir='ltr'><strong>p.</strong></span> <span class='ocrx_word' id='word_1_137' title='bbox 711 1880 776 1945; x_wconf 91' lang='grc'><strong>672</strong></span> <span class='ocrx_word' id='word_1_138' title='bbox 805 1880 886 1944; x_wconf 89' lang='lat' dir='ltr'><strong>med.</strong></span> <span class='ocrx_word' id='word_1_139' title='bbox 913 1876 969 1943; x_wconf 79' lang='grc' dir='ltr'><strong>καὶ</strong></span> <span class='ocrx_word' id='word_1_140' title='bbox 996 1875 1059 1962; x_wconf 82' lang='grc' dir='ltr'><strong><em>τήν</em></strong></span> <span class='ocrx_word' id='word_1_141' title='bbox 1087 1903 1126 1945; x_wconf 86' lang='grc' dir='ltr'><strong><em>τε</em></strong></span> <span class='ocrx_word' id='word_1_142' title='bbox 1149 1875 1284 1967; x_wconf 74' lang='grc' dir='ltr'><strong><em>πρώτην</em></strong></span> 
     </span>
     <span class='ocr_line' id='line_1_15' title="bbox 130 1976 1283 2071; baseline 0.007 -26"><span class='ocrx_word' id='word_1_143' title='bbox 130 1976 327 2067; x_wconf 78' lang='grc' dir='ltr'><strong><em>διάπλασιν,</em></strong></span> <span class='ocrx_word' id='word_1_144' title='bbox 350 2008 380 2070; x_wconf 93' lang='lat' dir='ltr'><strong>p.</strong></span> <span class='ocrx_word' id='word_1_145' title='bbox 397 1987 460 2051; x_wconf 91' lang='grc'><strong>768</strong></span> <span class='ocrx_word' id='word_1_146' title='bbox 479 2009 510 2070; x_wconf 89' lang='lat' dir='ltr'><strong>p.</strong></span> <span class='ocrx_word' id='word_1_147' title='bbox 529 1987 571 2052; x_wconf 91' lang='lat' dir='ltr'><strong>in.</strong></span> <span class='ocrx_word' id='word_1_148' title='bbox 590 1997 660 2063; x_wconf 90' lang='grc' dir='ltr'><strong><em>τοῖς</em></strong></span> <span class='ocrx_word' id='word_1_149' title='bbox 677 2009 717 2052; x_wconf 84' lang='grc' dir='ltr'><strong><em>τε</em></strong></span> <span class='ocrx_word' id='word_1_150' title='bbox 735 1981 799 2071; x_wconf 83' lang='grc' dir='ltr'><strong>γὰρ</strong></span> <span class='ocrx_word' id='word_1_151' title='bbox 818 1983 1050 2071; x_wconf 77' lang='grc' dir='ltr'><strong><em>ἐγνωσμένοις,</em></strong></span> <span class='ocrx_word' id='word_1_152' title='bbox 1073 2010 1103 2070; x_wconf 90' lang='lat' dir='ltr'><strong>p.</strong></span> <span class='ocrx_word' id='word_1_153' title='bbox 1119 1988 1183 2053; x_wconf 92' lang='grc'><strong>775</strong></span> <span class='ocrx_word' id='word_1_154' title='bbox 1202 1987 1283 2053; x_wconf 87' lang='lat' dir='ltr'><strong>med.</strong></span> 
     </span>
     <span class='ocr_line' id='line_1_16' title="bbox 129 2083 1283 2178; baseline 0.008 -27"><span class='ocrx_word' id='word_1_155' title='bbox 129 2083 196 2172; x_wconf 81' lang='grc' dir='ltr'><strong><em>τὴν</em></strong></span> <span class='ocrx_word' id='word_1_156' title='bbox 220 2087 255 2154; x_wconf 80' lang='grc' dir='ltr'><strong>ἐκ</strong></span> <span class='ocrx_word' id='word_1_157' title='bbox 276 2090 335 2175; x_wconf 85' lang='grc' dir='ltr'><strong>τῆς</strong></span> <span class='ocrx_word' id='word_1_158' title='bbox 356 2088 438 2158; x_wconf 80' lang='grc' dir='ltr'><strong><em>κατὰ</em></strong></span> <span class='ocrx_word' id='word_1_159' title='bbox 463 2094 629 2178; x_wconf 76' lang='grc' dir='ltr'><strong><em>διαίρεσίν</em></strong></span> <span class='ocrx_word' id='word_1_160' title='bbox 650 2117 690 2158; x_wconf 82' lang='grc' dir='ltr'><strong><em>τε</em></strong></span> <span class='ocrx_word' id='word_1_161' title='bbox 712 2093 780 2159; x_wconf 77' lang='grc' dir='ltr'><strong><em>τῶν</em></strong></span> <span class='ocrx_word' id='word_1_162' title='bbox 798 2093 916 2176; x_wconf 77' lang='grc' dir='ltr'><strong><em>γενῶν.</em></strong></span> <span class='ocrx_word' id='word_1_163' title='bbox 945 2092 1112 2158; x_wconf 83' lang='lat' dir='ltr'><strong>Particuls</strong></span> <span class='ocrx_word' id='word_1_164' title='bbox 1129 2091 1200 2177; x_wconf 89' lang='grc' dir='ltr'><strong>μέν</strong></span> <span class='ocrx_word' id='word_1_165' title='bbox 1217 2117 1283 2160; x_wconf 90' lang='lat' dir='ltr'><strong>nou</strong></span> 
     </span>
     <span class='ocr_line' id='line_1_17' title="bbox 130 2194 1283 2286; baseline 0.007 -28"><span class='ocrx_word' id='word_1_166' title='bbox 130 2196 240 2262; x_wconf 89' lang='lat' dir='ltr'><strong>solum</strong></span> <span class='ocrx_word' id='word_1_167' title='bbox 267 2199 303 2263; x_wconf 91' lang='lat' dir='ltr'><strong>in</strong></span> <span class='ocrx_word' id='word_1_168' title='bbox 330 2199 413 2264; x_wconf 86' lang='lat' dir='ltr'><strong>locis</strong></span> <span class='ocrx_word' id='word_1_169' title='bbox 436 2199 630 2285; x_wconf 74' lang='lat' dir='ltr'>Platonicis,</span> <span class='ocrx_word' id='word_1_170' title='bbox 657 2202 748 2266; x_wconf 88' lang='lat' dir='ltr'><strong>velut</strong></span> <span class='ocrx_word' id='word_1_171' title='bbox 769 2223 800 2285; x_wconf 93' lang='lat' dir='ltr'><strong>p.</strong></span> <span class='ocrx_word' id='word_1_172' title='bbox 824 2199 889 2265; x_wconf 90' lang='grc'><strong>292</strong></span> <span class='ocrx_word' id='word_1_173' title='bbox 917 2199 998 2264; x_wconf 85' lang='lat' dir='ltr'><strong>med.</strong></span> <span class='ocrx_word' id='word_1_174' title='bbox 1029 2194 1097 2286; x_wconf 80' lang='grc' dir='ltr'><strong>ἅμα</strong></span> <span class='ocrx_word' id='word_1_175' title='bbox 1123 2195 1194 2284; x_wconf 75' lang='grc' dir='ltr'><strong>μὲν</strong></span> <span class='ocrx_word' id='word_1_176' title='bbox 1214 2201 1283 2266; x_wconf 86' lang='grc' dir='ltr'><strong><em>των</em></strong></span> 
     </span>
     <span class='ocr_line' id='line_1_18' title="bbox 130 2301 1282 2392; baseline 0.004 -25"><span class='ocrx_word' id='word_1_177' title='bbox 130 2304 269 2388; x_wconf 77' lang='grc' dir='ltr'><strong><em>φλεβῶν</em></strong></span> <span class='ocrx_word' id='word_1_178' title='bbox 296 2306 348 2370; x_wconf 88' lang='lat' dir='ltr'><strong>vel</strong></span> <span class='ocrx_word' id='word_1_179' title='bbox 375 2329 405 2390; x_wconf 92' lang='lat' dir='ltr'><strong>p.</strong></span> <span class='ocrx_word' id='word_1_180' title='bbox 430 2308 494 2372; x_wconf 90' lang='grc'><strong>669</strong></span> <span class='ocrx_word' id='word_1_181' title='bbox 523 2311 588 2372; x_wconf 83' lang='lat' dir='ltr'><strong>ont.</strong></span> <span class='ocrx_word' id='word_1_182' title='bbox 611 2309 663 2372; x_wconf 87' lang='lat' dir='ltr'><strong>fin</strong></span> <span class='ocrx_word' id='word_1_183' title='bbox 687 2302 777 2392; x_wconf 81' lang='grc' dir='ltr'><strong><em>ἄρξει</em></strong></span> <span class='ocrx_word' id='word_1_184' title='bbox 802 2301 843 2391; x_wconf 79' lang='grc' dir='ltr'><strong><em>δὴ</em></strong></span> <span class='ocrx_word' id='word_1_185' title='bbox 867 2303 905 2372; x_wconf 92' lang='grc' dir='ltr'><strong><em>τό</em></strong></span> <span class='ocrx_word' id='word_1_186' title='bbox 929 2329 963 2372; x_wconf 85' lang='grc' dir='ltr'><strong><em>τε</em></strong></span> <span class='ocrx_word' id='word_1_187' title='bbox 988 2302 1215 2390; x_wconf 76' lang='grc' dir='ltr'><strong><em>πρῶτονμὲν</em></strong></span> <span class='ocrx_word' id='word_1_188' title='bbox 1238 2302 1282 2372; x_wconf 80' lang='grc' dir='ltr'><strong>εἶ-</strong></span> 
     </span>
     <span class='ocr_line' id='line_1_19' title="bbox 130 2405 1343 2499; baseline 0.004 -26"><span class='ocrx_word' id='word_1_189' title='bbox 130 2409 208 2490; x_wconf 80' lang='grc' dir='ltr'><strong><em>δος,</em></strong></span> <span class='ocrx_word' id='word_1_190' title='bbox 236 2413 292 2476; x_wconf 90' lang='lat' dir='ltr'><strong>sed</strong></span> <span class='ocrx_word' id='word_1_191' title='bbox 315 2413 395 2478; x_wconf 82' lang='lat' dir='ltr'><strong>alibi</strong></span> <span class='ocrx_word' id='word_1_192' title='bbox 419 2414 519 2479; x_wconf 84' lang='lat' dir='ltr'><strong>etiam</strong></span> <span class='ocrx_word' id='word_1_193' title='bbox 548 2415 671 2480; x_wconf 84' lang='lat' dir='ltr'><strong>inserto</strong></span> <span class='ocrx_word' id='word_1_194' title='bbox 693 2413 834 2499; x_wconf 75' lang='lat' dir='ltr'><strong>videtur,</strong></span> <span class='ocrx_word' id='word_1_195' title='bbox 861 2436 892 2497; x_wconf 90' lang='lat' dir='ltr'><strong>p.</strong></span> <span class='ocrx_word' id='word_1_196' title='bbox 916 2413 980 2478; x_wconf 93' lang='grc'><strong>208</strong></span> <span class='ocrx_word' id='word_1_197' title='bbox 1005 2413 1039 2478; x_wconf 91' lang='lat' dir='ltr'><strong>in</strong></span> <span class='ocrx_word' id='word_1_198' title='bbox 1063 2411 1088 2478; x_wconf 81' lang='lat'>0</span> <span class='ocrx_word' id='word_1_199' title='bbox 1111 2414 1183 2479; x_wconf 87' lang='lat' dir='ltr'><strong>init.</strong></span> <span class='ocrx_word' id='word_1_200' title='bbox 1206 2407 1279 2478; x_wconf 77' lang='grc' dir='ltr'><strong><em>ἀλλ’</em></strong></span> <span class='ocrx_word' id='word_1_201' title='bbox 1317 2405 1343 2436; x_wconf 81' lang='grc'><strong>”</strong></span> 
     </span>
     <span class='ocr_line' id='line_1_20' title="bbox 130 2511 1282 2604; baseline 0.006 -24"><span class='ocrx_word' id='word_1_202' title='bbox 130 2514 166 2594; x_wconf 79' lang='grc' dir='ltr'><strong>ἐξ</strong></span> <span class='ocrx_word' id='word_1_203' title='bbox 200 2511 403 2597; x_wconf 78' lang='grc' dir='ltr'><strong><em>ἀκολουθίας</em></strong></span> <span class='ocrx_word' id='word_1_204' title='bbox 434 2518 504 2604; x_wconf 86' lang='grc' dir='ltr'><strong>μέν</strong></span> <span class='ocrx_word' id='word_1_205' title='bbox 535 2545 627 2598; x_wconf 93' lang='grc' dir='ltr'><strong><em>τινος</em></strong></span> <span class='ocrx_word' id='word_1_206' title='bbox 658 2517 881 2602; x_wconf 78' lang='grc' dir='ltr'><strong><em>ἐλπισάντων,</em></strong></span> <span class='ocrx_word' id='word_1_207' title='bbox 912 2542 944 2604; x_wconf 92' lang='lat' dir='ltr'><strong>p.</strong></span> <span class='ocrx_word' id='word_1_208' title='bbox 972 2520 1036 2584; x_wconf 89' lang='grc'><strong>670</strong></span> <span class='ocrx_word' id='word_1_209' title='bbox 1065 2524 1139 2586; x_wconf 78' lang='lat' dir='ltr'><strong>ante</strong></span> <span class='ocrx_word' id='word_1_210' title='bbox 1167 2521 1219 2586; x_wconf 89' lang='lat' dir='ltr'><strong>fin.</strong></span> <span class='ocrx_word' id='word_1_211' title='bbox 1248 2522 1282 2587; x_wconf 90' lang='lat' dir='ltr'><strong>in</strong></span> 
     </span>
     <span class='ocr_line' id='line_1_21' title="bbox 129 2621 1282 2714; baseline 0.004 -26"><span class='ocrx_word' id='word_1_212' title='bbox 129 2621 367 2714; x_wconf 74' lang='lat' dir='ltr'>MAfflOhK)</span> <span class='ocrx_word' id='word_1_213' title='bbox 394 2622 476 2692; x_wconf 83' lang='grc' dir='ltr'><strong><em>κατά</em></strong></span> <span class='ocrx_word' id='word_1_214' title='bbox 501 2623 538 2692; x_wconf 73' lang='grc' dir='ltr'><strong>δὲ</strong></span> <span class='ocrx_word' id='word_1_215' title='bbox 560 2623 621 2693; x_wconf 89' lang='grc' dir='ltr'><strong><em>τὸν</em></strong></span> <span class='ocrx_word' id='word_1_216' title='bbox 644 2622 749 2693; x_wconf 79' lang='grc' dir='ltr'><strong><em>αὐτὸν</em></strong></span> <span class='ocrx_word' id='word_1_217' title='bbox 771 2621 875 2710; x_wconf 89' lang='grc' dir='ltr'><strong><em>λόγον</em></strong></span> <span class='ocrx_word' id='word_1_218' title='bbox 897 2624 952 2692; x_wconf 84' lang='grc' dir='ltr'><strong>καὶ</strong></span> <span class='ocrx_word' id='word_1_219' title='bbox 975 2625 1015 2691; x_wconf 80' lang='grc' dir='ltr'><strong><em>τὰ</em></strong></span> <span class='ocrx_word' id='word_1_220' title='bbox 1041 2622 1112 2710; x_wconf 73' lang='grc' dir='ltr'><strong>μὲν</strong></span> <span class='ocrx_word' id='word_1_221' title='bbox 1133 2627 1192 2711; x_wconf 77' lang='grc' dir='ltr'><strong>τῆς</strong></span> <span class='ocrx_word' id='word_1_222' title='bbox 1214 2651 1282 2712; x_wconf 86' lang='grc' dir='ltr'><strong>φω-</strong></span> 
     </span>
     <span class='ocr_line' id='line_1_22' title="bbox 129 2731 1282 2819; baseline 0.003 -23"><span class='ocrx_word' id='word_1_223' title='bbox 129 2731 194 2814; x_wconf 79' lang='grc' dir='ltr'><strong><em>νῆς</em></strong></span> <span class='ocrx_word' id='word_1_224' title='bbox 217 2744 361 2817; x_wconf 84' lang='grc' dir='ltr'><strong><em>στοιχεῖα</em></strong></span> <span class='ocrx_word' id='word_1_225' title='bbox 384 2733 518 2816; x_wconf 81' lang='grc' dir='ltr'><strong><em>γεννᾶν.</em></strong></span> <span class='ocrx_word' id='word_1_226' title='bbox 561 2734 728 2800; x_wconf 84' lang='lat' dir='ltr'><strong>Particuls</strong></span> <span class='ocrx_word' id='word_1_227' title='bbox 752 2735 772 2798; x_wconf 82' lang='grc'>6</span> <span class='ocrx_word' id='word_1_228' title='bbox 778 2731 797 2798; x_wconf 89' lang='grc' dir='ltr'><strong><em>έ</em></strong></span> <span class='ocrx_word' id='word_1_229' title='bbox 816 2735 851 2800; x_wconf 91' lang='lat' dir='ltr'><strong>in</strong></span> <span class='ocrx_word' id='word_1_230' title='bbox 873 2733 908 2798; x_wconf 90' lang='lat' dir='ltr'>M</span> <span class='ocrx_word' id='word_1_231' title='bbox 932 2734 1136 2819; x_wconf 81' lang='lat' dir='ltr'><strong>saepissime,</strong></span> <span class='ocrx_word' id='word_1_232' title='bbox 1164 2734 1220 2799; x_wconf 90' lang='lat' dir='ltr'><strong>sed</strong></span> <span class='ocrx_word' id='word_1_233' title='bbox 1247 2735 1282 2799; x_wconf 89' lang='lat' dir='ltr'><strong>in</strong></span> 
     </span>
     <span class='ocr_line' id='line_1_23' title="bbox 129 2837 1281 2926; baseline 0.003 -24"><span class='ocrx_word' id='word_1_234' title='bbox 129 2837 162 2902; x_wconf 80' lang='lat' dir='ltr'>A</span> <span class='ocrx_word' id='word_1_235' title='bbox 187 2863 314 2926; x_wconf 87' lang='lat' dir='ltr'><strong>quoque</strong></span> <span class='ocrx_word' id='word_1_236' title='bbox 336 2841 390 2906; x_wconf 92' lang='lat' dir='ltr'><strong>hic</strong></span> <span class='ocrx_word' id='word_1_237' title='bbox 417 2841 486 2906; x_wconf 91' lang='lat' dir='ltr'><strong>illic</strong></span> <span class='ocrx_word' id='word_1_238' title='bbox 513 2841 677 2907; x_wconf 82' lang='lat' dir='ltr'><strong>inculcata</strong></span> <span class='ocrx_word' id='word_1_239' title='bbox 704 2845 767 2925; x_wconf 90' lang='lat' dir='ltr'><strong>est,</strong></span> <span class='ocrx_word' id='word_1_240' title='bbox 790 2842 879 2906; x_wconf 87' lang='lat' dir='ltr'><strong>velut</strong></span> <span class='ocrx_word' id='word_1_241' title='bbox 901 2864 932 2926; x_wconf 90' lang='lat' dir='ltr'><strong>p.</strong></span> <span class='ocrx_word' id='word_1_242' title='bbox 955 2841 1021 2906; x_wconf 87' lang='grc'><strong>332</strong></span> <span class='ocrx_word' id='word_1_243' title='bbox 1050 2841 1111 2905; x_wconf 88' lang='lat' dir='ltr'><strong>sub</strong></span> <span class='ocrx_word' id='word_1_244' title='bbox 1134 2842 1202 2926; x_wconf 80' lang='lat' dir='ltr'><strong>fin,</strong></span> <span class='ocrx_word' id='word_1_245' title='bbox 1225 2842 1281 2907; x_wconf 89' lang='lat' dir='ltr'><strong>ubi</strong></span> 
     </span>
     <span class='ocr_line' id='line_1_24' title="bbox 129 2941 1281 3035; baseline 0 -23"><span class='ocrx_word' id='word_1_246' title='bbox 129 2949 167 3012; x_wconf 92' lang='lat' dir='ltr'><strong>in</strong></span> <span class='ocrx_word' id='word_1_247' title='bbox 189 2947 261 3013; x_wconf 87' lang='lat' dir='ltr'><strong>MA</strong></span> <span class='ocrx_word' id='word_1_248' title='bbox 283 2941 377 3031; x_wconf 83' lang='grc' dir='ltr'><strong><em>ἡμεῖς</em></strong></span> <span class='ocrx_word' id='word_1_249' title='bbox 402 2943 444 3012; x_wconf 74' lang='grc' dir='ltr'><strong>δὲ</strong></span> <span class='ocrx_word' id='word_1_250' title='bbox 471 2946 526 3013; x_wconf 84' lang='grc' dir='ltr'><strong>καὶ</strong></span> <span class='ocrx_word' id='word_1_251' title='bbox 553 2946 627 3035; x_wconf 79' lang='grc' dir='ltr'><strong><em>περὶ</em></strong></span> <span class='ocrx_word' id='word_1_252' title='bbox 654 2948 716 3014; x_wconf 85' lang='grc' dir='ltr'><strong><em>τοῦ</em></strong></span> <span class='ocrx_word' id='word_1_253' title='bbox 742 2945 975 3031; x_wconf 75' lang='grc' dir='ltr'><strong><em>λογιζομένου,</em></strong></span> <span class='ocrx_word' id='word_1_254' title='bbox 1002 2948 1036 3012; x_wconf 91' lang='lat' dir='ltr'><strong>in</strong></span> <span class='ocrx_word' id='word_1_255' title='bbox 1063 2945 1184 3014; x_wconf 80' lang='lat' dir='ltr'><strong>BOhK</strong></span> <span class='ocrx_word' id='word_1_256' title='bbox 1211 2971 1281 3032; x_wconf 92' lang='lat' dir='ltr'><strong>per-</strong></span> 
     </span>
     <span class='ocr_line' id='line_1_25' title="bbox 130 3048 1281 3140; baseline 0.001 -21"><span class='ocrx_word' id='word_1_257' title='bbox 130 3077 245 3138; x_wconf 77' lang='lat' dir='ltr'><strong>peram</strong></span> <span class='ocrx_word' id='word_1_258' title='bbox 273 3048 367 3139; x_wconf 81' lang='grc' dir='ltr'><strong><em>ἡμεῖς</em></strong></span> <span class='ocrx_word' id='word_1_259' title='bbox 395 3052 431 3120; x_wconf 73' lang='grc' dir='ltr'><strong>δὲ</strong></span> <span class='ocrx_word' id='word_1_260' title='bbox 460 3058 495 3121; x_wconf 83' lang='grc' dir='ltr'><strong>εἰ</strong></span> <span class='ocrx_word' id='word_1_261' title='bbox 520 3079 549 3120; x_wconf 87' lang='grc' dir='ltr'><strong>κ.</strong></span> <span class='ocrx_word' id='word_1_262' title='bbox 571 3079 598 3120; x_wconf 92' lang='grc' dir='ltr'><strong>τ.</strong></span> <span class='ocrx_word' id='word_1_263' title='bbox 621 3059 649 3120; x_wconf 93' lang='grc' dir='ltr'><strong><em>λ.</em></strong></span> <span class='ocrx_word' id='word_1_264' title='bbox 676 3055 810 3140; x_wconf 82' lang='lat' dir='ltr'><strong>legitur,</strong></span> <span class='ocrx_word' id='word_1_265' title='bbox 842 3076 905 3139; x_wconf 90' lang='lat' dir='ltr'><strong>quo</strong></span> <span class='ocrx_word' id='word_1_266' title='bbox 934 3054 973 3119; x_wconf 89' lang='lat' dir='ltr'><strong>de</strong></span> <span class='ocrx_word' id='word_1_267' title='bbox 1003 3056 1075 3120; x_wconf 91' lang='lat' dir='ltr'><strong>loco</strong></span> <span class='ocrx_word' id='word_1_268' title='bbox 1105 3055 1144 3119; x_wconf 90' lang='lat' dir='ltr'><strong>cf.</strong></span> <span class='ocrx_word' id='word_1_269' title='bbox 1167 3055 1281 3140; x_wconf 80' lang='lat' dir='ltr'><strong>Progr.</strong></span> 
     </span>
     <span class='ocr_line' id='line_1_26' title="bbox 129 3151 1280 3247; baseline 0 -21"><span class='ocrx_word' id='word_1_270' title='bbox 129 3161 177 3246; x_wconf 94' lang='lat' dir='ltr'><strong>Il,</strong></span> <span class='ocrx_word' id='word_1_271' title='bbox 204 3162 258 3246; x_wconf 88' lang='lat'><strong>18,</strong></span> <span class='ocrx_word' id='word_1_272' title='bbox 281 3163 310 3228; x_wconf 91' lang='lat'><strong>6.</strong></span> <span class='ocrx_word' id='word_1_273' title='bbox 356 3162 464 3247; x_wconf 86' lang='lat' dir='ltr'><strong>Atque</strong></span> <span class='ocrx_word' id='word_1_274' title='bbox 488 3163 588 3227; x_wconf 84' lang='lat' dir='ltr'><strong>etiem</strong></span> <span class='ocrx_word' id='word_1_275' title='bbox 612 3151 683 3227; x_wconf 83' lang='grc' dir='ltr'><strong>οὖν</strong></span> <span class='ocrx_word' id='word_1_276' title='bbox 706 3165 869 3228; x_wconf 87' lang='lat' dir='ltr'><strong>corrector</strong></span> <span class='ocrx_word' id='word_1_277' title='bbox 896 3162 947 3225; x_wconf 86' lang='lat' dir='ltr'><strong>vel</strong></span> <span class='ocrx_word' id='word_1_278' title='bbox 970 3159 1188 3246; x_wconf 70' lang='lat' dir='ltr'><strong>interpolator</strong></span> <span class='ocrx_word' id='word_1_279' title='bbox 1210 3161 1280 3245; x_wconf 92' lang='lat' dir='ltr'><strong>plu-</strong></span> 
     </span>
     <span class='ocr_line' id='line_1_27' title="bbox 129 3263 1281 3354; baseline -0.002 -22"><span class='ocrx_word' id='word_1_280' title='bbox 129 3269 222 3333; x_wconf 87' lang='lat' dir='ltr'><strong>ribus</strong></span> <span class='ocrx_word' id='word_1_281' title='bbox 246 3268 327 3334; x_wconf 88' lang='lat' dir='ltr'><strong>locis</strong></span> <span class='ocrx_word' id='word_1_282' title='bbox 350 3268 535 3335; x_wconf 78' lang='lat' dir='ltr'><strong>inculcavit.</strong></span> <span class='ocrx_word' id='word_1_283' title='bbox 580 3269 616 3333; x_wconf 93' lang='lat' dir='ltr'><strong>P.</strong></span> <span class='ocrx_word' id='word_1_284' title='bbox 639 3269 704 3334; x_wconf 90' lang='grc'><strong>512</strong></span> <span class='ocrx_word' id='word_1_285' title='bbox 729 3273 804 3334; x_wconf 83' lang='lat' dir='ltr'><strong>ante</strong></span> <span class='ocrx_word' id='word_1_286' title='bbox 827 3268 909 3332; x_wconf 88' lang='lat' dir='ltr'><strong>med.</strong></span> <span class='ocrx_word' id='word_1_287' title='bbox 932 3268 967 3332; x_wconf 91' lang='lat' dir='ltr'><strong>in</strong></span> <span class='ocrx_word' id='word_1_288' title='bbox 989 3267 1024 3334; x_wconf 88' lang='lat' dir='ltr'>M</span> <span class='ocrx_word' id='word_1_289' title='bbox 1046 3268 1200 3354; x_wconf 81' lang='lat' dir='ltr'><strong>legimus:</strong></span> <span class='ocrx_word' id='word_1_290' title='bbox 1224 3263 1281 3331; x_wconf 79' lang='grc' dir='ltr'><strong>διὰ</strong></span> 
     </span>
     <span class='ocr_line' id='line_1_28' title="bbox 128 3363 1279 3461; baseline -0.003 -22"><span class='ocrx_word' id='word_1_291' title='bbox 128 3370 254 3452; x_wconf 83' lang='grc' dir='ltr'><strong><em>ταύτας</em></strong></span> <span class='ocrx_word' id='word_1_292' title='bbox 276 3371 338 3461; x_wconf 71' lang='grc' dir='ltr'><strong>μὶν</strong></span> <span class='ocrx_word' id='word_1_293' title='bbox 361 3363 433 3441; x_wconf 86' lang='grc' dir='ltr'><strong>οὖν</strong></span> <span class='ocrx_word' id='word_1_294' title='bbox 455 3369 528 3460; x_wconf 78' lang='grc' dir='ltr'><strong>ἡὸη</strong></span> <span class='ocrx_word' id='word_1_295' title='bbox 551 3369 610 3452; x_wconf 79' lang='grc' dir='ltr'><strong>τὰς</strong></span> <span class='ocrx_word' id='word_1_296' title='bbox 633 3377 756 3458; x_wconf 78' lang='grc' dir='ltr'><strong><em>αἰτίας,</em></strong></span> <span class='ocrx_word' id='word_1_297' title='bbox 783 3377 818 3440; x_wconf 92' lang='lat' dir='ltr'><strong>in</strong></span> <span class='ocrx_word' id='word_1_298' title='bbox 842 3375 871 3439; x_wconf 83' lang='lat' dir='ltr'><strong>A</strong></span> <span class='ocrx_word' id='word_1_299' title='bbox 899 3370 955 3438; x_wconf 78' lang='grc' dir='ltr'><strong>διὰ</strong></span> <span class='ocrx_word' id='word_1_300' title='bbox 983 3369 1104 3451; x_wconf 84' lang='grc' dir='ltr'><strong><em>ταύτας</em></strong></span> <span class='ocrx_word' id='word_1_301' title='bbox 1130 3370 1193 3458; x_wconf 74' lang='grc' dir='ltr'><strong>μὲν</strong></span> <span class='ocrx_word' id='word_1_302' title='bbox 1215 3367 1279 3457; x_wconf 76' lang='grc' dir='ltr'><strong>ἤδη</strong></span> 
     </span>
     <span class='ocr_line' id='line_1_29' title="bbox 128 3473 1281 3568; baseline -0.001 -23"><span class='ocrx_word' id='word_1_303' title='bbox 128 3506 157 3548; x_wconf 91' lang='grc' dir='ltr'><strong><em>τ.</em></strong></span> <span class='ocrx_word' id='word_1_304' title='bbox 180 3483 257 3568; x_wconf 68' lang='grc' dir='ltr'><strong><em>αλκ,</em></strong></span> <span class='ocrx_word' id='word_1_305' title='bbox 283 3482 311 3546; x_wconf 90' lang='lat' dir='ltr'>L</span> <span class='ocrx_word' id='word_1_306' title='bbox 339 3483 429 3548; x_wconf 88' lang='lat' dir='ltr'><strong>solus</strong></span> <span class='ocrx_word' id='word_1_307' title='bbox 452 3487 552 3548; x_wconf 89' lang='lat' dir='ltr'><strong>recte:</strong></span> <span class='ocrx_word' id='word_1_308' title='bbox 581 3483 637 3546; x_wconf 79' lang='grc' dir='ltr'><strong>διὰ</strong></span> <span class='ocrx_word' id='word_1_309' title='bbox 660 3477 783 3558; x_wconf 81' lang='grc' dir='ltr'><strong><em>ταύτας</em></strong></span> <span class='ocrx_word' id='word_1_310' title='bbox 809 3477 870 3565; x_wconf 71' lang='grc' dir='ltr'><strong>μὲν</strong></span> <span class='ocrx_word' id='word_1_311' title='bbox 898 3476 944 3565; x_wconf 76' lang='grc' dir='ltr'><strong><em>δὴ</em></strong></span> <span class='ocrx_word' id='word_1_312' title='bbox 962 3473 1031 3557; x_wconf 79' lang='grc' dir='ltr'><strong><em>’τὰς</em></strong></span> <span class='ocrx_word' id='word_1_313' title='bbox 1058 3482 1132 3568; x_wconf 54' lang='lat' dir='ltr'><strong>cclcc</strong></span> <span class='ocrx_word' id='word_1_314' title='bbox 1161 3504 1191 3565; x_wconf 94' lang='lat' dir='ltr'><strong>p.</strong></span> <span class='ocrx_word' id='word_1_315' title='bbox 1215 3479 1281 3546; x_wconf 88' lang='grc'><strong>375</strong></span> 
     </span>
     <span class='ocr_line' id='line_1_30' title="bbox 129 3576 1280 3674; baseline -0.002 -21"><span class='ocrx_word' id='word_1_316' title='bbox 129 3595 211 3654; x_wconf 82' lang='lat' dir='ltr'><strong>extr.</strong></span> <span class='ocrx_word' id='word_1_317' title='bbox 229 3589 313 3656; x_wconf 87' lang='lat' dir='ltr'><strong>MA:</strong></span> <span class='ocrx_word' id='word_1_318' title='bbox 337 3591 368 3654; x_wconf 81' lang='grc' dir='ltr'><strong>εἰ</strong></span> <span class='ocrx_word' id='word_1_319' title='bbox 388 3585 449 3674; x_wconf 71' lang='grc' dir='ltr'><strong>μέν</strong></span> <span class='ocrx_word' id='word_1_320' title='bbox 473 3578 544 3654; x_wconf 82' lang='grc' dir='ltr'><strong>οὖν</strong></span> <span class='ocrx_word' id='word_1_321' title='bbox 568 3581 807 3672; x_wconf 78' lang='grc' dir='ltr'><strong><em>ἀντιστάντος,</em></strong></span> <span class='ocrx_word' id='word_1_322' title='bbox 831 3587 886 3653; x_wconf 88' lang='lat' dir='ltr'><strong>sed</strong></span> <span class='ocrx_word' id='word_1_323' title='bbox 906 3588 987 3652; x_wconf 89' lang='lat' dir='ltr'><strong>illud</strong></span> <span class='ocrx_word' id='word_1_324' title='bbox 1007 3576 1071 3652; x_wconf 85' lang='grc' dir='ltr'><strong>οὖν</strong></span> <span class='ocrx_word' id='word_1_325' title='bbox 1088 3587 1214 3652; x_wconf 90' lang='lat' dir='ltr'><strong>nullum</strong></span> <span class='ocrx_word' id='word_1_326' title='bbox 1233 3587 1280 3651; x_wconf 88' lang='lat' dir='ltr'><strong>ibi</strong></span> 
     </span>
     <span class='ocr_line' id='line_1_31' title="bbox 129 3693 1279 3783; baseline -0.003 -23"><span class='ocrx_word' id='word_1_327' title='bbox 129 3696 240 3761; x_wconf 92' lang='lat' dir='ltr'><strong>locum</strong></span> <span class='ocrx_word' id='word_1_328' title='bbox 267 3696 388 3761; x_wconf 80' lang='lat' dir='ltr'><strong>hebere</strong></span> <span class='ocrx_word' id='word_1_329' title='bbox 415 3697 522 3783; x_wconf 76' lang='lat' dir='ltr'><strong>quivis</strong></span> <span class='ocrx_word' id='word_1_330' title='bbox 550 3697 693 3780; x_wconf 77' lang='lat' dir='ltr'><strong>perlecta</strong></span> <span class='ocrx_word' id='word_1_331' title='bbox 719 3695 853 3780; x_wconf 86' lang='lat' dir='ltr'><strong>periodo</strong></span> <span class='ocrx_word' id='word_1_332' title='bbox 880 3695 1057 3779; x_wconf 72' lang='lat' dir='ltr'><strong>intellegit,</strong></span> <span class='ocrx_word' id='word_1_333' title='bbox 1088 3715 1147 3759; x_wconf 89' lang='lat' dir='ltr'><strong>nec</strong></span> <span class='ocrx_word' id='word_1_334' title='bbox 1174 3693 1279 3779; x_wconf 83' lang='lat' dir='ltr'><strong>magis</strong></span> 
     </span>
     <span class='ocr_line' id='line_1_32' title="bbox 128 3789 1281 3887; baseline -0.004 -18"><span class='ocrx_word' id='word_1_335' title='bbox 128 3825 159 3886; x_wconf 87' lang='lat' dir='ltr'><strong>p.</strong></span> <span class='ocrx_word' id='word_1_336' title='bbox 180 3803 247 3869; x_wconf 91' lang='grc'><strong>592</strong></span> <span class='ocrx_word' id='word_1_337' title='bbox 270 3807 345 3869; x_wconf 81' lang='lat' dir='ltr'><strong>ante</strong></span> <span class='ocrx_word' id='word_1_338' title='bbox 369 3803 450 3869; x_wconf 86' lang='lat' dir='ltr'><strong>med.</strong></span> <span class='ocrx_word' id='word_1_339' title='bbox 473 3805 508 3869; x_wconf 90' lang='lat' dir='ltr'><strong>in</strong></span> <span class='ocrx_word' id='word_1_340' title='bbox 531 3803 667 3887; x_wconf 81' lang='lat' dir='ltr'><strong>spodosi</strong></span> <span class='ocrx_word' id='word_1_341' title='bbox 689 3795 951 3886; x_wconf 78' lang='grc' dir='ltr'><strong><em>ἠναγκάσθημεν</em></strong></span> <span class='ocrx_word' id='word_1_342' title='bbox 974 3789 1038 3866; x_wconf 76' lang='grc' dir='ltr'><strong>οὖν</strong></span> <span class='ocrx_word' id='word_1_343' title='bbox 1059 3789 1160 3876; x_wconf 82' lang='grc' dir='ltr'><strong><em>αὖθις</em></strong></span> <span class='ocrx_word' id='word_1_344' title='bbox 1177 3795 1281 3884; x_wconf 82' lang='grc' dir='ltr'><strong><em>ἡμεῖς.</em></strong></span> 
     </span>
     <span class='ocr_line' id='line_1_33' title="bbox 128 3905 1280 3995; baseline -0.003 -21"><span class='ocrx_word' id='word_1_345' title='bbox 128 3909 296 3975; x_wconf 79' lang='lat' dir='ltr'><strong>Particula</strong></span> <span class='ocrx_word' id='word_1_346' title='bbox 318 3905 391 3995; x_wconf 90' lang='grc' dir='ltr'><strong>γάρ</strong></span> <span class='ocrx_word' id='word_1_347' title='bbox 414 3910 559 3976; x_wconf 79' lang='lat' dir='ltr'><strong>tollendo</strong></span> <span class='ocrx_word' id='word_1_348' title='bbox 580 3909 645 3974; x_wconf 80' lang='lat' dir='ltr'><strong>fuit</strong></span> <span class='ocrx_word' id='word_1_349' title='bbox 667 3931 698 3992; x_wconf 91' lang='lat' dir='ltr'><strong>p.</strong></span> <span class='ocrx_word' id='word_1_350' title='bbox 723 3907 787 3974; x_wconf 91' lang='grc'><strong>785</strong></span> <span class='ocrx_word' id='word_1_351' title='bbox 811 3911 886 3972; x_wconf 80' lang='lat' dir='ltr'><strong>ente</strong></span> <span class='ocrx_word' id='word_1_352' title='bbox 909 3908 1005 3992; x_wconf 92' lang='lat' dir='ltr'><strong>med.,</strong></span> <span class='ocrx_word' id='word_1_353' title='bbox 1028 3908 1084 3973; x_wconf 92' lang='lat' dir='ltr'><strong>ubi</strong></span> <span class='ocrx_word' id='word_1_354' title='bbox 1107 3908 1194 3972; x_wconf 89' lang='lat' dir='ltr'><strong>inter</strong></span> <span class='ocrx_word' id='word_1_355' title='bbox 1216 3911 1280 3970; x_wconf 75' lang='grc' dir='ltr'><strong><em>εἴτε</em></strong></span> 
     </span>
     <span class='ocr_line' id='line_1_34' title="bbox 128 4010 1280 4100; baseline -0.003 -21"><span class='ocrx_word' id='word_1_356' title='bbox 128 4021 162 4080; x_wconf 83' lang='lat' dir='ltr'><strong>et</strong></span> <span class='ocrx_word' id='word_1_357' title='bbox 185 4011 293 4093; x_wconf 85' lang='grc' dir='ltr'><strong><em>ὄντως</em></strong></span> <span class='ocrx_word' id='word_1_358' title='bbox 315 4010 433 4081; x_wconf 79' lang='grc' dir='ltr'><strong><em>ἑκατόν</em></strong></span> <span class='ocrx_word' id='word_1_359' title='bbox 455 4016 650 4100; x_wconf 82' lang='lat' dir='ltr'><strong>interposita</strong></span> <span class='ocrx_word' id='word_1_360' title='bbox 672 4015 854 4079; x_wconf 83' lang='lat' dir='ltr'><strong>orationem</strong></span> <span class='ocrx_word' id='word_1_361' title='bbox 878 4015 959 4080; x_wconf 85' lang='lat' dir='ltr'><strong>facit</strong></span> <span class='ocrx_word' id='word_1_362' title='bbox 985 4013 1280 4099; x_wconf 84' lang='lat' dir='ltr'><strong>impeditissimam.</strong></span> 
     </span>
     <span class='ocr_line' id='line_1_35' title="bbox 128 4109 1278 4207; baseline -0.004 -21"><span class='ocrx_word' id='word_1_363' title='bbox 128 4123 242 4187; x_wconf 77' lang='lat' dir='ltr'><strong>Etiam</strong></span> <span class='ocrx_word' id='word_1_364' title='bbox 269 4117 290 4207; x_wconf 81' lang='grc' dir='ltr'><strong><em>ἡ</em></strong></span> <span class='ocrx_word' id='word_1_365' title='bbox 321 4145 491 4207; x_wconf 81' lang='lat' dir='ltr'><strong>perperam</strong></span> <span class='ocrx_word' id='word_1_366' title='bbox 517 4122 716 4187; x_wconf 85' lang='lat' dir='ltr'><strong>inculcatum</strong></span> <span class='ocrx_word' id='word_1_367' title='bbox 748 4109 876 4205; x_wconf 80' lang='lat' dir='ltr'><strong>saepius</strong></span> <span class='ocrx_word' id='word_1_368' title='bbox 904 4124 939 4186; x_wconf 93' lang='lat' dir='ltr'><strong>in</strong></span> <span class='ocrx_word' id='word_1_369' title='bbox 971 4121 1060 4187; x_wconf 89' lang='lat' dir='ltr'><strong>codd.</strong></span> <span class='ocrx_word' id='word_1_370' title='bbox 1086 4119 1278 4202; x_wconf 88' lang='lat' dir='ltr'><strong>invenimus,</strong></span> 
     </span>
     <span class='ocr_line' id='line_1_36' title="bbox 130 4227 1278 4312; baseline -0.003 -19"><span class='ocrx_word' id='word_1_371' title='bbox 130 4229 232 4312; x_wconf 83' lang='lat' dir='ltr'><strong>velut,</strong></span> <span class='ocrx_word' id='word_1_372' title='bbox 255 4233 293 4293; x_wconf 90' lang='lat' dir='ltr'><strong>ut</strong></span> <span class='ocrx_word' id='word_1_373' title='bbox 316 4229 397 4294; x_wconf 85' lang='lat' dir='ltr'><strong>alios</strong></span> <span class='ocrx_word' id='word_1_374' title='bbox 420 4230 509 4295; x_wconf 92' lang='lat' dir='ltr'><strong>locos</strong></span> <span class='ocrx_word' id='word_1_375' title='bbox 533 4228 678 4310; x_wconf 79' lang='lat' dir='ltr'><strong>mittam,</strong></span> <span class='ocrx_word' id='word_1_376' title='bbox 705 4228 757 4292; x_wconf 87' lang='lat' dir='ltr'><strong>his</strong></span> <span class='ocrx_word' id='word_1_377' title='bbox 780 4227 860 4293; x_wconf 93' lang='lat' dir='ltr'><strong>locis</strong></span> <span class='ocrx_word' id='word_1_378' title='bbox 884 4228 1077 4310; x_wconf 80' lang='lat' dir='ltr'><strong>Platonicis,</strong></span> <span class='ocrx_word' id='word_1_379' title='bbox 1104 4249 1135 4310; x_wconf 91' lang='lat' dir='ltr'><strong>p.</strong></span> <span class='ocrx_word' id='word_1_380' title='bbox 1160 4227 1223 4291; x_wconf 90' lang='grc'><strong>718</strong></span> <span class='ocrx_word' id='word_1_381' title='bbox 1247 4249 1278 4310; x_wconf 93' lang='lat' dir='ltr'><strong>p.</strong></span> 
     </span>
     <span class='ocr_line' id='line_1_37' title="bbox 129 4325 1278 4422; baseline -0.003 -21"><span class='ocrx_word' id='word_1_382' title='bbox 129 4336 172 4400; x_wconf 91' lang='lat' dir='ltr'><strong>in.</strong></span> <span class='ocrx_word' id='word_1_383' title='bbox 196 4333 269 4419; x_wconf 74' lang='grc' dir='ltr'><strong><em>ῥεῖν</em></strong></span> <span class='ocrx_word' id='word_1_384' title='bbox 292 4328 312 4420; x_wconf 84' lang='grc' dir='ltr'><strong><em>ἡ</em></strong></span> <span class='ocrx_word' id='word_1_385' title='bbox 336 4329 461 4422; x_wconf 79' lang='grc' dir='ltr'><strong><em>ὥσπερ,</em></strong></span> <span class='ocrx_word' id='word_1_386' title='bbox 484 4361 515 4422; x_wconf 93' lang='lat' dir='ltr'><strong>p.</strong></span> <span class='ocrx_word' id='word_1_387' title='bbox 535 4336 600 4401; x_wconf 82' lang='grc'><strong>740</strong></span> <span class='ocrx_word' id='word_1_388' title='bbox 619 4339 697 4399; x_wconf 87' lang='lat' dir='ltr'><strong>extr.</strong></span> <span class='ocrx_word' id='word_1_389' title='bbox 721 4332 854 4418; x_wconf 84' lang='grc' dir='ltr'><strong><em>γυναικὶ</em></strong></span> <span class='ocrx_word' id='word_1_390' title='bbox 878 4328 909 4399; x_wconf 77' lang='grc' dir='ltr'><strong>δ’</strong></span> <span class='ocrx_word' id='word_1_391' title='bbox 936 4327 1051 4418; x_wconf 78' lang='grc' dir='ltr'><strong><em>οὐδέν;</em></strong></span> <span class='ocrx_word' id='word_1_392' title='bbox 1074 4325 1095 4416; x_wconf 86' lang='grc' dir='ltr'><strong><em>ἡ</em></strong></span> <span class='ocrx_word' id='word_1_393' title='bbox 1118 4331 1173 4398; x_wconf 80' lang='grc' dir='ltr'><strong>καὶ</strong></span> <span class='ocrx_word' id='word_1_394' title='bbox 1196 4333 1278 4418; x_wconf 68' lang='grc' dir='ltr'><strong><em>πῶς,</em></strong></span> 
     </span>
     <span class='ocr_line' id='line_1_38' title="bbox 129 4435 1276 4526; baseline -0.003 -19"><span class='ocrx_word' id='word_1_395' title='bbox 129 4479 173 4488; x_wconf 93' lang='grc'>-</span> <span class='ocrx_word' id='word_1_396' title='bbox 187 4442 250 4507; x_wconf 88' lang='lat' dir='ltr'><strong>His</strong></span> <span class='ocrx_word' id='word_1_397' title='bbox 265 4443 436 4526; x_wconf 82' lang='lat' dir='ltr'><strong>particulis</strong></span> <span class='ocrx_word' id='word_1_398' title='bbox 451 4445 576 4510; x_wconf 85' lang='lat' dir='ltr'><strong>accedit</strong></span> <span class='ocrx_word' id='word_1_399' title='bbox 591 4435 655 4523; x_wconf 78' lang='grc' dir='ltr'><strong>ὦς,</strong></span> <span class='ocrx_word' id='word_1_400' title='bbox 670 4441 753 4526; x_wconf 87' lang='lat' dir='ltr'><strong>quod</strong></span> <span class='ocrx_word' id='word_1_401' title='bbox 767 4442 801 4505; x_wconf 91' lang='lat' dir='ltr'><strong>in</strong></span> <span class='ocrx_word' id='word_1_402' title='bbox 817 4439 842 4507; x_wconf 81' lang='lat'>0</span> <span class='ocrx_word' id='word_1_403' title='bbox 856 4442 1018 4506; x_wconf 86' lang='lat' dir='ltr'><strong>intrusum</strong></span> <span class='ocrx_word' id='word_1_404' title='bbox 1032 4439 1155 4526; x_wconf 79' lang='lat' dir='ltr'><strong>legitur</strong></span> <span class='ocrx_word' id='word_1_405' title='bbox 1167 4463 1198 4524; x_wconf 94' lang='lat' dir='ltr'><strong>p.</strong></span> <span class='ocrx_word' id='word_1_406' title='bbox 1215 4439 1276 4506; x_wconf 91' lang='grc'><strong>187</strong></span> 
     </span>
     <span class='ocr_line' id='line_1_39' title="bbox 1031 4561 1065 4618; baseline 0 -28"><span class='ocrx_word' id='word_1_407' title='bbox 1031 4561 1065 4618; x_wconf 60' lang='grc'><strong>81</strong></span> 
     </span>
    </p>
   </div>
   <div class='ocr_carea' id='block_1_3' title="bbox 0 0 1618 5148">
    <p class='ocr_par' dir='ltr' id='par_1_3' title="bbox 0 0 1618 5148">
     <span class='ocr_line' id='line_1_40' title="bbox 0 0 1618 5148; baseline 0 1"><span class='ocrx_word' id='word_1_408' title='bbox 0 0 1618 5148; x_wconf 95' lang='lat' dir='ltr'><strong> </strong></span> 
     </span>
    </p>
   </div>
  </div>
 </body>
</html>
