3166 5192
556 408 596 418 -
645 370 797 436 535-

89 537 172 616 βῶυ
197 529 364 619 ἀνατομῆς
386 528 493 618 ἀρχὴν
511 533 555 621 τῷ
580 528 668 620 λόγῳ
692 529 850 616 γενέσθαι
875 529 918 598 τὸΙ
938 521 1046 617 ἧπαρ]
1083 526 1250 613 ιἰναιτίως,

49 663 56 674 ·
92 631 120 704 ai
150 637 356 724 σοφώτατοι,
385 632 404 704 ί
430 633 479 704 ὄτι
503 635 634 715 παντως
661 639 701 724 τῇ
732 635 831 722 φύσει
855 645 1057 719 πλεονεκτεῖ,
1084 637 1138 703 καὶ
1168 633 1251 722 πρὸς

92 742 162 831 τὴν
190 747 248 830 τῆς
278 748 492 822 διδασκαλίας
520 739 626 829 ἀρχὴν
654 743 919 830 ἐπιτηδειότερον
947 744 1031 819 ἕσας
1059 749 1108 822 τίς
1139 734 1202 811 οὖν
1228 740 1249 829 ἡ

92 853 282 938 πλεονεξία,
308 855 439 938 ζητῆσαι
465 855 612 932 δίκαιον,
643 847 704 918 οὐκ
728 847 837 936 ἀργῶς
861 847 939 918 οὐδὲ
968 849 1129 940 ῥᾳθύμως
1152 847 1250 935 ὑπερ-

92 962 211 1044 βῆναι.
256 956 320 1044 τὴν
343 957 378 1024 δὲ
407 955 513 1044 ἀρχὴν
536 960 594 1042 τῆς
617 955 777 1042 εὑρέσεως
800 953 880 1024 αὐτὸ
910 961 1008 1026 τοῦτο
1037 955 1128 1045 οἶμαι
1153 955 1276 1042 παρέ-5

94 1067 186 1146 ξειν,
219 1061 236 1132 δ
267 1063 350 1151 πρὸς
380 1062 539 1131 ἁπάντων
568 1061 774 1150 ὁμολογεῖται
805 1068 873 1132 τῶν
902 1061 1114 1151 ιἰνατομικῶν
1143 1062 1250 1149 ἐπιτή-

94 1175 195 1238 δειον
215 1169 300 1238 εἶναι
320 1170 520 1257 φασκόντων
538 1167 619 1238 αὐτὸ
639 1171 722 1257 πρὸς
740 1168 802 1258 τὴν
825 1175 881 1257 τῆς
901 1176 1116 1252 διδασκαλίας
1134 1168 1250 1257 ἀρχήν.

95 1281 128 1342 εί
156 1275 222 1364 γὰρ
249 1279 303 1344 καὶ
332 1275 476 1364 μηδενὸς
508 1275 627 1360 ἄλλον,
660 1275 783 1345 τούτου
815 1274 921 1346 αὐτοῦ
948 1277 1007 1347 τὸν
1036 1277 1138 1363 λόγου
1171 1273 1249 1365 ἡμῖν

95 1379 288 1452 ιἰποδοῦυαι
321 1383 541 1470 δυνήσονται,
572 1386 633 1450 τοῦ
660 1382 802 1468 φάσκειν
834 1384 1038 1471 ’ἐπιτήδειον
1069 1389 1116 1463 είς
1142 1381 1266 1470 ἀρχὴν

97 1491 318 1569 διδασκαλίας
341 1491 460 1558 ἐστίν’·
489 1489 677 1576 ἐπιτήδειον
700 1491 739 1556 δι’
761 1491 852 1558 ἐστιν
875 1487 953 1558 οὔθ’
984 1489 1034 1558 ὅτι
1058 1489 1120 1577 τὴν
1143 1488 1249 1576 χρόαν
1263 1513 1288 1552 ιο

98 1595 253 1683 ἐρυθρόν
286 1597 376 1664 ε’στιυ
409 1593 490 1664 οὔθ’
531 1594 580 1664 ὅτι
615 1600 797 1682 διείληπται
832 1603 945 1682 λοβοῖς
976 1595 1053 1666 οὔθ’
1089 1595 1138 1664 ὅτι
1168 1591 1245 1664 καθ’

9 1789 10 1792 ¹
97 1698 176 1780 ε’νὸς
200 1697 312 1770 αὐτῶν
336 1706 517 1773 ἐπιτέταται
546 1701 583 1770 τὸ
613 1707 670 1790 τῆς
697 1707 796 1790 χολῆς
820 1700 956 1790 ἀγγεῖον
984 1702 1059 1772 οὔτε
1089 1701 1144 1772 διὰ
1168 1701 1248 1770 ἄλλο

96 1811 167 1875 τῶν
199 1809 363 1878 τοιούτων
396 1807 513 1896 οὐδέν,
550 1807 633 1878 ἀλλὰ
668 1807 717 1878 ὄτι
751 1814 852 1876 πᾶσαι
886 1827 1033 1898 συνεχεῖς
1065 1815 1102 1878 αι’
1131 1810 1249 1896 φλέβες

100 1910 309 2000 ὑπάρχουσιν
332 1915 429 2009 αὐτῷ.
466 1919 521 1985 καλ
545 1915 613 2003 μὴν
637 1913 698 1984 οὐκ
722 1915 826 1984 ἄλλον
845 1917 936 1996 τινός
955 1919 1022 1985 ἐστι
1041 1922 1139 1986 τουτο
1164 1913 1245 1984 αὐτὸ

98 2019 272 2108 γνώρισμα
295 2023 383 2110 πλὴν
406 2029 463 2110 τῆς
486 2020 596 2110 ἀρχῆς.
638 2020 716 2090 οὐδὲ
742 2024 806 2108 γὰρ
831 2021 909 2090 οὐδὲ
935 2023 990 2092 διὰ
1014 2023 1094 2092 ἄλλο
1118 2051 1149 2092 τι
1174 2022 1246 2091 νεύ-
1263 2045 1288 2084 1⁵

124 2242 149 2316 ,¹
171 2228 243 2318 ‘feld
265 2237 342 2320 codd.
363 2237 424 2292 edd.
444 2231 535 2305 α’ρχὴν
556 2255 617 2302 ιιοιις
641 2237 676 2292 cs.
696 2237 780 2310 Pron.
805 2255 831 2306 p.
851 2245 892 2290 δῑ.
915 2269 945 2276 ·-
972 2247 987 2290 3
1008 2241 1048 2299 τίς
1069 2229 1103 2306 ἦν
1124 2259 1138 2304 ι,
1160 2239 1187 2290 Μ
1208 2240 1248 2300 τίς

100 2325 153 2358 ουν
172 2325 189 2373 η
209 2323 270 2372 n0s3
290 2327 342 2362 ουν
361 2325 413 2362 orn.
434 2306 572 2362 ABChK.
595 2303 767 2374 -40293153
808 2325 838 2362 [ο
857 2302 950 2376 ‘1975‘
969 2309 1004 2362 M·
1028 2339 1059 2348 ,,
1082 2309 1135 2392 ,αἱ
1154 2304 1244 2392 §⁶3²3-

9 2427 10 2436 ,
99 2396 157 2444 μως
175 2395 225 2446 pro
245 2373 312 2434 οὐδὲ
333 2377 402 2446 dud.
422 2379 457 2432 M.
479 2409 510 2418 ψ
532 2387 547 2433 6
567 2374 744 2448 ὁμολογεῖται
810 2373 980 2448 decidantur
1000 2379 1051 2434 AB
1071 2383 1247 2449 ομολοριιται

9 2489 10 2494 ,
100 2447 183 2514 cn&
212 2447 246 2504 cf.
265 2435 401 2520 Proll.'1r.
422 2457 464 2503 ⁶22.
490 2481 521 2488 -
549 2445 600 2518 δὴ
621 2447 674 2519 μὲν
693 2466 742 2520 pro
766 2444 834 2519 ἡμῖν
852 2449 888 2504 Μ.
913 2479 947 2489 -
973 2459 1005 2504 10
1029 2445 1190 2519 ἐπιτήδειον
1213 2450 1245 2505 δὲ

101 2514 176 2574 ε’στιν
199 2537 216 2572 a
239 2521 318 2576 codd.
342 2521 403 2576 edd.
429 2519 563 2575 omissum
589 2539 638 2574 nos
662 2519 836 2575 inseruimus.
866 2551 898 2560 -
929 2529 958 2575 11
980 2522 1080 2591 λοιβαῖς
1098 2521 1192 2575 ΜΑΒ.
1214 2553 1245 2562 -

105 2599 133 2645 1·.’
154 2585 332 2647 ἐπιτέτακται
352 2593 388 2646 M.
411 2625 439 2630 --
465 2597 496 2646 14
516 2587 578 2646 οὔτ’
598 2587 683 2646 ἄλλον
703 2591 781 2646 codd.
802 2591 865 2646 cdd.
886 2587 938 2646 oda
958 2587 1016 2646 dri.
1037 2609 1094 2646 nos.
1115 2624 1147 2631 —

102 2799 232 2840 causam
251 2775 391 2858 primurn
412 2773 718 2839 consideraverunt?
756 2771 970 2838 ‘Conveniens
995 2777 1045 2838 cst
1069 2775 1109 2838 ad
1133 2779 1244 2840 anatu-

103 2885 200 2948 rniarn
217 2904 370 2947 venarum
385 2881 561 2946 docendam
577 2881 665 2945 iecur
679 2879 875 2964 principium
890 2880 1107 2945 constitucrc.'
1128 2881 1246 2946 Utrum

103 2989 170 3054 sinc
194 3013 301 3072 causa,
325 2987 575 3073 sapientissimi,
599 3010 653 3070 an,
678 2987 754 3071 quia
777 2985 960 3050 naturalem
984 2988 1144 3072 quandam
1169 2989 1245 3056 emi·

9 3101 10 3106 ’
101 3097 243 3164 ueritiam
266 3095 375 3179 habet,
398 3096 518 3160 idcirco
543 3094 642 3158 ctiam
667 3093 706 3158 ad
730 3093 896 3158 doctrinae
920 3092 1137 3159 instituendae
1161 3095 1245 3179 prin-

102 3203 218 3286 cipium
243 3203 485 3268 convenientius
511 3207 581 3266 cst?
627 3201 716 3278 Quae
745 3201 847 3285 igitur
870 3200 1127 3284 criminantis,
1150 3223 1244 3287 quae-

104 3333 169 3374 rcrc
202 3332 337 3394 aequum
370 3315 433 3392 cst,
468 3333 535 3376 nou
568 3310 712 3394 segniter
751 3311 784 3372 et
820 3307 1028 3393 neglegenter
1060 3307 1244 3391 praeterire.

9 3429 10 3436 ’
104 3416 232 3480 Initium
256 3423 361 3481 autem
389 3417 584 3481 inventionis
613 3417 644 3480 id
674 3415 781 3500 ipsum
810 3419 888 3498 puto
917 3415 1139 3498 praebiturum
1164 3437 1244 3498 esse,

9 3539 10 3544 ’
105 3521 184 3604 quod
208 3521 249 3586 ab
273 3523 424 3588 amnibus
449 3523 642 3588 anatomicis
671 3522 859 3588 conceditur
886 3522 974 3585 iecur
1002 3521 1242 3588 affirmantibus

105 3627 142 3690 ad
164 3627 328 3692 doctrinae
347 3629 543 3713 principium
563 3652 632 3694 esse
657 3631 817 3696 idoneum.
852 3626 939 3693 Nam
963 3627 991 3690 si
1014 3626 1135 3692 nullius
1159 3629 1242 3692 alius

106 3733 160 3801 rei.
192 3733 287 3798 tinius
321 3735 422 3820 ipsius
456 3737 573 3800 saltem
606 3737 766 3800 rationem
794 3735 925 3798 reddere
957 3733 1051 3798 nobis
1080 3739 1243 3818 poterunt,

105 3863 156 3905 cur
186 3863 255 3905 csse
283 3841 322 3905 ad
351 3842 515 3908 doctrinae
544 3843 740 3926 principium
767 3841 919 3906 idoneum
947 3841 1118 3905 affirment.
1168 3827 1255 3906 ldo-¹

105 3969 194 4012 neum
217 3953 327 4013 autem
351 3955 400 4012 est
427 3971 492 4014 uon
517 3949 603 4032 ideo,
625 3949 711 4033 quod
740 3949 847 4014 colore
876 3947 973 4012 rubro
998 3953 1048 4010 est
1071 3952 1128 4012 aut
1151 3947 1242 4012 fibris

106 4055 289 4121 distinctum
308 4059 364 4120 aut
387 4057 472 4140 quod
496 4057 536 4120 ad
556 4077 652 4120 unam
676 4077 715 4120 ex
738 4055 777 4120 iis
797 4055 939 4138 pertinet
963 4076 1019 4117 vas
1040 4055 1115 4118 bilis
1137 4076 1240 4138 neque

106 4162 246 4227 abaliud
265 4161 417 4246 quiddam
437 4161 632 4246 huiusmodi,
650 4163 705 4226 sed
723 4167 896 4248 propterca
915 4161 999 4246 (laud
1015 4183 1125 4226 omnes
1140 4183 1240 4226 venae

106 4269 131 4332 ci
156 4269 362 4336 continuatae
390 4273 473 4334 sunt.
524 4269 626 4354 Atqui
658 4268 779 4334 nullius
808 4269 890 4332 alius
924 4269 971 4332 rei
998 4267 1061 4332 nisi
1088 4267 1239 4352 principii

107 4375 159 4440 hoc
183 4375 335 4441 indicium
360 4381 417 4440 cst.
458 4375 571 4460 Neque
596 4376 681 4440 cuim
705 4375 772 4440 ulla
796 4375 860 4440 alia
884 4375 922 4438 dc
946 4395 1044 4438 causa
1066 4394 1238 4440 nervorum
