3298 5136
618 437 861 501 -173—

160 592 275 664 ὀὐδέν
298 589 566 681 άποστηματικὸν
588 599 882 682 παρεμφαίνουσα,
910 590 991 680 ὅπερ
1019 587 1071 660 ἐπὶ
1094 594 1155 662 τοῦ
1183 589 1309 672 ἐκεῖνος

158 700 407 788 ’συντέτευχενῖ
453 699 509 768 διὰ
539 700 660 786 ταύτης
691 693 755 768 οὖν
782 697 913 787 ἁπάσης
935 703 992 786 τῆς
1020 698 1147 786 ρήσεως
1174 697 1192 768 ὁ
1222 699 1309 787 Χρά

160 826 282 886 σιππος
304 803 406 874 οὐδὲν
433 805 496 893 μέν
522 802 780 894 ἐπιστημονικὸν
808 810 919 894 λῆμμα
946 809 1007 874 τοῦ
1033 804 1096 892 τὴν
1123 802 1230 893 ἀρχὴν
1251 809 1311 892 τῆς

162 916 271 999 ψυχῆς
293 909 455 1000 ὑπάρχειν
478 909 516 980 ἐν
537 917 577 1002 τῇ
601 915 721 1002 καρδίᾳ
745 911 1009 1000 παραλαμβάνει,
1034 911 1096 980 δύο
1121 912 1157 980 δὲ
1180 909 1213 991 ἐς
1235 908 1311 979 ταύ-

161 1017 224 1086 τὸν
247 1015 309 1086 οὐκ
333 1023 438 1087 οἰκεία
460 1022 505 1110 τῷ
528 1019 734 1109 προκειμένῳ
759 1020 947 1106 συμπλέκει,
969 1017 1006 1087 τὸ
1030 1019 1091 1106 μὲν
1110 1019 1225 1104 ἕτερον
1247 1015 1338 1085 άπὸι

161 1129 221 1212 της
243 1122 475 1212 ἐτυμολογίας,
502 1123 553 1192 ὅτι
580 1124 643 1213 τὴν
666 1123 730 1212 ἐγώ
754 1124 874 1213 φωνὴν
896 1124 1123 1212 φθεγγόμενοι
1145 1122 1227 1192 κατὰ
1250 1122 1313 1212 τὴν

161 1229 299 1318 πρώτην
313 1229 484 1318 συλλαβὴν
497 1229 588 1318 rivi
609 1233 614 1320 Ι
634 1233 818 1319 λεγομένην
830 1229 868 1300 τὸ
884 1231 988 1319 στόμα
1001 1231 1088 1300 κάτω
1103 1255 1169 1300 που
1182 1231 1237 1299 καὶ
1251 1230 1313 1318 τὴν
1322 1249 1379 1305 21ss

163 1339 268 1425 γένυν
277 1335 449 1424 ἀνάγομεν
462 1335 507 1418 ὡς
517 1334 569 1406 ἐπὶ
583 1337 622 1406 τὰ
639 1340 770 1426 στέρνα,
783 1335 820 1405 τὸ
833 1337 870 1405 δέ
884 1339 1008 1425 ἕτερον,
1023 1335 1072 1406 ὅτι
1084 1339 1138 1406 καὶ
1148 1336 1210 1425 τὴν
1219 1352 1311 1426 χεῖρα

164 1445 431 1532 συνεπιφέρομεν
451 1441 557 1512 ἐνίοτε
576 1459 646 1524 τοῖς
664 1445 814 1531 στέρνοις
834 1441 919 1531 ἡμᾶς
937 1441 1059 1523 αὐτοὺς
1073 1443 1263 1524 δεικνύντες
1275 1441 1313 1512 ἐν

163 1553 209 1642 τῷ
229 1551 339 1636 λέγειν
357 1547 442 1637 εἐμοὶ
470 1555 569 1620 τοῦτο
593 1549 764 1638 προσήκει,
786 1554 884 1618 τοῦτο
904 1547 968 1636 ἐγώ
987 1571 1040 1620 σοι
1059 1551 1164 1636 λέγω.’
1206 1547 1256 1617 ὅτι
1275 1550 1312 1617 <n
1328 1577 1352 1614 ιο

163 1657 220 1724 καὶ
243 1661 302 1743 τῆς
323 1655 417 1743 ῥινὸς
439 1655 597 1726 ἅπτονται
619 1656 777 1736 πολλάκις
800 1660 836 1725 oi
855 1655 1031 1745 ἄνθρωποι
1053 1658 1205 1743 λέγοντες
1228 1657 1312 1744 ‘ipol

162 1767 264 1832 τοῦτο
279 1761 348 1848 δός,
366 1761 439 1850 ἐμοὶ
453 1767 552 1834 τοῦτο
567 1761 737 1852 προσήκει,
754 1765 854 1831 τουτο
868 1760 933 1850 ἐγώ
948 1784 1001 1832 σοι
1019 1765 1129 1849 λέγει’,
1146 1766 1314 1842 παντελῶς

163 1866 382 1958 ἐπιλέλησται.
425 1876 532 1939 καίτοι
555 1870 638 1940 κατά
660 1897 696 1957 γε
719 1869 782 1957 τὴν
810 1867 875 1956 ἐγώ
899 1869 1020 1958 φωνὴν
1043 1867 1104 1939 οὐκ
1132 1867 1312 1940 ἐπελάθετο

163 1979 223 2063 τῆς
252 1973 378 2056 ἐκεῖνος
405 1972 466 2044 οὐκ
494 1973 560 2062 άπὸΙ
586 1983 816 2065 παραπλησίας
844 1975 886 2063 δή
913 2003 1021 2061 τινος,
1051 1974 1134 2046 ἀλλὰ
1162 1975 1228 2047 άπὸ
1256 1982 1314 2065 τῆς

164 2079 269 2170 αὐτῆς
291 2079 434 2240 ἀκριβῶς
456 2087 622 2170 συλλαβῆς
645 2081 840 2171 ἀρχομένης,
862 2087 921 2169 της
940 2094 969 2151 ῖ.
1014 2079 1117 2172 ἐχρῆν
1139 2086 1187 2170 δέ,
1211 2081 1314 2171 οἶμαι,
1328 2105 1353 2144 1⁵

204 2339 218 2386 1
249 2325 353 2388 ‘otrtv
381 2327 598 2402 ἐπιστημονικὸν
626 2333 677 2388 alii
703 2331 792 2387 falso'
824 2329 964 2386 Corn-
995 2333 1265 2416 παρενσημαίνουσοι
1292 2332 1313 2386 C

165 2397 277 2472 άπῆρεν
305 2405 479 2474 σημαίνουσα
502 2405 530 2457 Μ
554 2404 792 2488 παρεμφαίνοντα
815 2401 906 2456 Α.-
936 2395 1024 2456 λαιάν
1049 2420 1104 2459 οιιι.
1128 2401 1215 2458 O.-
1239 2411 1256 2458 4
1278 2404 1313 2488 τῇ

166 2477 233 2529 anto
252 2476 356 2550 καρδία
374 2491 428 2530 οιιι.
448 2473 559 2529 οΜ.-
579 2470 648 2537 δάος
666 2475 695 2528 Μ
714 2469 767 2528 δύο
786 2473 899 2527 CA-
923 2469 1010 2542 ’ίτὴν
1037 2470 1290 2530 e'MABChK
1260 2495 1293 2543 τη
1297 2494 1313 2527 ν

166 2545 278 2600 ΞΟ-
299 2529 419 2631 λέγομεν
443 2545 530 2600 G.-
558 2553 592 2600 10
614 2563 756 2614 προσηκον
779 2543 942 2599 MABOhK
965 2541 1202 2614 προσηκειθμ-
1228 2546 1312 2600 τοῦτο

167 2618 233 2672 ante
252 2612 307 2685 ἐγ’
286 2635 307 2670 οι
326 2632 380 2671 οιιι.
404 2616 487 2672 C.-
513 2623 545 2672 12
564 2617 648 2672 τοῦτο
670 2615 703 2671 δέ
723 2615 743 2671 C
767 2616 851 2670 τοῦτο
873 2612 923 2678 σός
948 2616 1038 2670 Μ.-
1064 2624 1097 2671 14
1116 2619 1313 2686 παραπλησίας

166 2685 199 2740 δέ
219 2637 420 2742 ΟΑγΒΟλιΚπ.
439 2683 476 2756 δή
495 2688 585 2743 M.-
606 2693 638 2744 15
657 2682 781 2758 άνριβῶς
799 2703 853 2742 οιιι.
872 2685 901 2740 C.
917 2717 950 2727 -

168 2940 359 3023 sequitur,
381 2943 424 3005 ut
440 2939 542 3005 nihil
560 2939 792 3006 remotionis
812 2961 855 3004 ao
874 2939 1162 3026 separationis,
1186 2963 1313 3026 quem-

167 3046 372 3112 admodum
395 3047 434 3111 in
456 3067 547 3111 voce
576 3043 744 3128 ἐκεῖνος,
774 3046 794 3110 i.
818 3069 843 3110 e.
867 3045 953 3130 ille,
983 3048 1039 3112 sit
1062 3047 1313 3113 adiunctum?

166 3153 251 3219 Toto
284 3153 387 3238 igitur
422 3151 484 3218 hoc
516 3153 588 3218 loco
616 3149 820 3238 Chrysippus
853 3155 889 3216 ut
921 3154 1012 3218 nulla
1044 3155 1218 3238 sumtione,
1249 3177 1313 3240 qua

168 3260 334 3345 eleganter
356 3259 475 3343 probet
502 3258 629 3324 animae
655 3259 876 3344 principatum
903 3260 940 3324 in
967 3261 1062 3328 eorde
1090 3283 1173 3345 esse,
1201 3261 1313 3344 utitur,

166 3366 217 3431 ita
234 3365 315 3430 duas
334 3365 375 3430 ad
392 3365 596 3450 propositam
614 3367 838 3450 quaestionem
858 3366 991 3432 minime
1010 3368 1142 3434 idoneas
1161 3369 1196 3432 in
1214 3389 1313 3432 unmn

168 3473 321 3556 contexit,
343 3473 481 3538 alteram
504 3473 545 3538 ab
568 3474 770 3560 etymologia
793 3475 984 3560 repetitam,
1007 3475 1092 3560 quod
1116 3495 1228 3541 voeem
1252 3495 1313 3558 ego

167 3579 417 3664 pronuntiantes
440 3579 475 3644 in
497 3579 627 3663 syllaba
649 3580 772 3666 prima,
800 3604 882 3667 qaae
906 3586 956 3646 est
979 3603 1010 3665 e,
1038 3605 1074 3647 os
1103 3603 1140 3646 ao
1168 3584 1313 3644 mentum

169 3687 320 3752 deornm
351 3685 443 3771 quasi
476 3685 516 3750 ad
547 3690 661 3769 peetus
692 3687 849 3773 feramus,
882 3691 1032 3773 alteram,
1065 3687 1150 3774 quod
1181 3709 1313 3752 manum

167 3815 397 3877 nonnunquam
426 3791 467 3856 ad
493 3797 606 3876 peetus
634 3792 863 3860 admoveamus
894 3799 989 3880 atque
1012 3817 1073 3860 nos
1100 3795 1189 3879 ipsos
1213 3794 1312 3880 signi·

168 3901 314 3983 ficemus,
338 3921 412 3964 eum
435 3899 593 3965 dieamus:
639 3899 696 3964 ‘ad
725 3923 776 3966 me
803 3901 867 3967 hoo
889 3903 1045 3987 pertinet,
1072 3902 1135 3968 hoe
1164 3921 1224 3986 ego
1251 3901 1313 3966 tibi

168 4006 262 4072 dico?
303 4006 349 4071 At
366 4029 482 4070 nasum
501 4006 600 4072 etiam
619 4008 780 4093 attingere
799 4031 895 4094 saepe
914 4007 1072 4092 homines,
1094 4008 1171 4072 dum
1189 4007 1313 4072 dieunt:

169 4111 263 4178 ‘mihi
286 4111 348 4178 hoo
371 4112 422 4197 da,
445 4113 485 4178 ad
509 4135 560 4178 me
583 4112 645 4179 hoe
669 4116 825 4200 pertinet,
847 4116 910 4181 hoe
934 4138 995 4200 ego
1019 4115 1080 4181 tibi
1104 4113 1202 4198 dioo’,
1225 4136 1313 4200 pror-

170 4242 224 4284 sus
247 4220 419 4285 immemor
440 4221 513 4286 fuit.
554 4220 657 4305 Atqui
679 4221 765 4287 idem
788 4246 862 4288 eum
884 4223 923 4287 de
942 4245 1020 4287 voce
1039 4241 1100 4306 ego
1124 4221 1313 4304 disputaret,

171 4327 304 4394 minime
330 4327 502 4393 immemor
525 4331 595 4392 erat
623 4349 736 4394 vocem
759 4327 884 4406 ἐκεῖνος
910 4352 977 4396 non
999 4351 1019 4394 a
1042 4329 1142 4393 simili
1165 4327 1313 4412 quadam,

170 4434 225 4498 sed
253 4434 365 4499 eadem
391 4456 526 4518 prorsus
553 4433 694 4520 syllaba,
721 4459 802 4522 quae
831 4439 881 4502 est
904 4443 936 4522 ἒ,
963 4435 1115 4520 incipere.
1163 4433 1314 4502 Debebat
