3300 5146
613 448 856 514 -283-

163 608 338 685 ἐλεοῦντας
364 605 491 693 μηδένα
523 605 602 694 μήτε
629 607 813 693 φιλοῦντας
844 600 929 691 μήθ’
961 602 1047 684 ὅλως
1072 609 1314 690 φροντίζοντας

163 711 183 801 ἢ
212 711 442 782 ἐπαινούντων
474 710 493 802 ἢ
529 713 701 801 ψεγόντων
734 707 755 799 ἢ
783 708 993 780 ἀδικούντων
1025 705 1045 798 ἢ
1078 707 1313 796 ὠφελούντων,

163 818 246 889 ἀλλὰ
266 817 375 907 ῶσπερ
398 827 518 898 λίθους
536 816 1011 907 άναισθήτουςῦπάρχονταςς
1036 814 1096 897 οὓς
1113 815 1177 904 γάρ
1200 812 1244 884 άν
1267 820 1314 895 είς

163 925 393 1014 ἀναισθησίαν
415 930 558 1012 παντελῆ
583 929 712 1006 σκῶψαι
731 927 960 1012 βουληθῶσιν,
983 921 1216 1010 άσπλάγχνους
1239 920 1313 992 ὀνο-

163 1032 336 1121 μάζουσιν,
355 1033 465 1122 ῶσπερ
483 1029 562 1112 τοὺς
576 1029 767 1120 ἀνάνδρους
780 1034 842 1119 μὲν
856 1028 1049 1119 άκαρδίυυς,
1068 1028 1316 1117 άυεγκεφάλους
1335 1048 1348 1088 ⁵

164 1140 201 1208 δὲ
224 1139 303 1220 τοὺς
325 1139 485 1228 άφρονας.
536 1141 604 1208 ἐπεὶ
632 1141 672 1208 δι’
698 1141 766 1207 ἐστι
793 1139 848 1206 καὶ
875 1144 990 1228 τρίτον
1017 1164 1048 1204 τι
1077 1139 1082 1224 Ι
1112 1137 1314 1224 σπλάγχνον,
1324 1152 1379 1208 ori

163 1246 201 1316 ιδ
225 1240 324 1336 ἧπαρ,
348 1239 435 1339 tupi
458 1246 495 1316 τὸ
520 1245 765 1336 ἐπιθυμητικὸν
786 1249 919 1335 ἵδρυται
942 1248 1002 1332 τῆς
1024 1247 1147 1330 ψυχῆς,
1174 1243 1230 1310 καὶ
1253 1243 1315 1331 χρὴ

165 1357 219 1423 καὶ
243 1354 349 1446 τούτῳ
373 1361 578 1444 συμμετρίαν
604 1351 680 1421 τινὰ
702 1355 772 1421 τῶν
799 1357 933 1420 οἰκείων
955 1348 1117 1439 ὑπάρχειν
1140 1349 1316 1438 κινήσεων,

164 1469 195 1531 εί
217 1464 326 1550 μέλλει
345 1462 463 1540 τελέως
484 1464 711 1547 κεκοσμῆσθαι
730 1457 793 1547 τὴν
811 1456 924 1545 ψυχὴν
947 1455 964 1526 6
984 1455 1175 1544 ἅνθρωπος,
1199 1466 1249 1544 είη
1273 1452 1317 1524 ἂν

164 1570 218 1638 καὶ
243 1568 261 1638 6
284 1567 367 1636 κατὰ
388 1571 488 1636 τοῦτο
517 1563 738 1654 ἀναίσθητος,
766 1563 811 1646 ῦς
839 1565 891 1634 ἐπὶ
914 1577 984 1644 τοῖς
1010 1561 1125 1643 ἄλλοις
1146 1578 1217 1643 τοῖς
1240 1563 1315 1648 δύο,
1331 1585 1356 1625 1⁰

164 1678 219 1744 καὶ
243 1679 422 1764 μοχθηρῶς
450 1679 657 1761 διακείμενος
684 1673 895 1760 ἄσπλαγχνος
922 1668 1035 1759 ὀρθῶς
1062 1667 1315 1758 ὀνομαζόμενος.

164 1781 182 1850 6
217 1781 254 1850 δὲ
286 1783 438 1861 ἐναντίος
469 1777 559 1873 αύτῷ
592 1780 904 1868 μεγαλόσπλαγχυος
935 1779 1080 1865 λέγεται,
1112 1775 1264 1864 καθάπερ
1297 1773 1314 1845 6

165 1885 351 1975 Εὐριπίδης
391 1886 515 1975 είσάγει
552 1886 614 1976 τὴν
652 1886 810 1974 Μήδειαν
847 1884 953 1966 ὄντως
988 1881 1316 1973 μεγαλύσπλαγχνον,

164 1993 294 2072 ἁπάσας
315 1993 373 2074 τὰς
399 1997 467 2061 τῶν
494 1997 597 2082 τριῶν
621 1993 821 2082 σπλάγχνων
844 1993 1003 2080 δυνάμεις
1030 2018 1065 2059 τε
1092 1992 1147 2084 καί
1171 1989 1317 2078 κινήσεις

165 2099 302 2188 ἰσχυρὰς
338 2106 491 2187 ἔχουσαν.
550 2097 883 2187 ἐπιθυμητικωτάτην
923 2099 985 2187 μὲν
1021 2097 1085 2185 γὰρ
1121 2103 1316 2187 προτίθεται
1332 2119 1356 2158 1⁵
1410 2112 1416 2124 ·

164 2208 225 2296 τὴν
252 2221 395 2294 γυναῖκα
421 2209 477 2276 καλ
505 2205 743 2295 θυμικωτάτην
775 2205 843 2294 ἅμα
875 2207 930 2274 καὶ
958 2211 1161 2292 λογίσασθαι
1190 2203 1317 2292 δεινήν.

166 2314 264 2384 ίκαυὰ
288 2313 324 2383 δὲ
349 2319 562 2403 γνωρίσματα
589 2318 650 2383 τοῦ
678 2313 740 2402 μὲν
770 2315 1014 2401 ἐπιθυμητικοῦ
1037 2317 1096 2400 τῆς
1118 2315 1242 2400 ψυχῆς,
1270 2315 1318 2390 είς

169 2455 380 2462 ---.---

200 2519 217 2568 ὅ
245 2507 311 2575 τοῦς
337 2507 447 2581 ἄνδρας
469 2510 601 2566 MABch
629 2506 696 2574 τοῦς
723 2503 869 2578 άνύνδρας
897 2509 925 2578 (i.
945 2526 968 2566 c.
992 2503 1164 2578 άνάνδρους)
1189 2507 1268 2563 Corn.
1292 2529 1315 2561 τ.

165 2579 325 2653 ἀνάνδρους
344 2583 378 2638 Κ.
399 2615 431 2624 —-
451 2589 467 2637 9
487 2580 581 2654 μέλλοι
600 2583 679 2638 codd.
699 2582 762 2638 cdd.
782 2580 877 2652 μέλλει
896 2598 954 2637 nos.
974 2611 1008 2622 -
1029 2587 1062 2636 16
1075 2573 1315 2650 θυμητιιιωτάτην

165 2656 193 2710 Μ
211 2658 310 2726 dupin.
329 2655 386 2709 AB.
406 2685 440 2695 —
459 2649 666 2724 λογισάσασδαι
685 2654 723 2708 Μ.
744 2685 776 2694 -

198 2785 378 2792 .-.-—--.

164 2857 280 2920 dentur
303 2855 372 2919 sive
390 2854 616 2938 vituperentur
639 2853 707 2917 sive
731 2852 901 2917 laedantur
924 2853 993 2919 sive
1015 2854 1176 2934 inventur,
1199 2872 1316 2936 parum

166 2967 293 3047 curant,
322 2963 377 3026 sed
405 2965 573 3046 tamquam
596 2959 722 3043 lapides
746 2983 843 3025 sensu
867 2963 1011 3025 carentes
1041 2983 1097 3025 eos
1120 2959 1315 3024 evisceratos

167 3073 271 3136 vocat
316 3069 368 3134 lta
395 3068 497 3154 igitur
523 3067 672 3132 homines
699 3067 889 3151 loquuntur,
916 3071 965 3152 ut,
993 3089 1129 3152 quorum
1158 3089 1317 3131 summam

166 3177 394 3262 stupiditatem
422 3175 557 3240 illudere
589 3173 705 3258 velint,
738 3174 946 3258 evisceratos,
979 3197 1114 3258 quorum
1143 3173 1317 3259 ignaviam,

166 3284 333 3367 excordes,
361 3303 498 3367 quorum
526 3281 763 3366 insipientiam,
795 3281 919 3346 cerebri
947 3284 1095 3365 expertes
1122 3283 1316 3364 nuncupent.

166 3391 327 3469 Quoniam
351 3412 428 3455 vero
456 3389 589 3453 tertium
618 3387 706 3453 aliud
730 3391 780 3452 est
807 3387 932 3472 viscus,
959 3387 1064 3471 iecur,
1090 3387 1125 3453 in
1153 3408 1216 3471 quo
1241 3407 1317 3470 pars

166 3499 292 3564 animae
321 3499 478 3582 appetens
512 3494 673 3562 collocata
700 3499 762 3579 est,
795 3497 905 3579 atque,
938 3495 965 3559 si
997 3493 1160 3578 perlectus
1190 3493 1316 3558 animae

165 3606 326 3669 humanae
351 3603 457 3668 cultus
477 3608 673 3687 ornatusque
695 3603 826 3667 futurus
850 3607 909 3686 est,
932 3603 1007 3667 huic
1026 3623 1152 3686 quoque
1171 3600 1317 3685 propria·

167 3734 238 3776 rum
257 3711 439 3776 motionum
459 3711 670 3794 congruentia
690 3709 798 3796 aliqua
818 3711 861 3774 sit
879 3731 1010 3775 necesse
1030 3713 1089 3793 est,
1111 3712 1198 3774 recte
1218 3707 1317 3772 etiam

167 3819 232 3903 ille,
256 3817 363 3901 quiin
382 3816 455 3900 hoc,
476 3816 561 3882 sicut
583 3818 616 3884 in
635 3817 760 3883 duobus
781 3818 866 3901 aliis,
889 3821 999 3902 torpet
1016 3818 1162 3902 maleque
1183 3815 1319 3880 affectus

166 3929 229 4008 est,
263 3924 460 3988 evisceratus
493 3924 652 4008 appellari
685 3929 803 4008 potest.
858 3921 919 3989 cui
951 3923 1006 4008 qui
1041 3922 1223 3989 contrarius
1259 3925 1318 4004 est,

165 4031 294 4116 magnis
315 4028 492 4096 visceribus
510 4031 685 4116 praeditus,
710 4031 831 4096 Graece
854 4025 1167 4115 μεγαλόσπλαγχνος
1190 4027 1318 4110 dicitur,

166 4139 295 4222 qualem
323 4135 497 4219 Euripides
525 4159 601 4202 vere
632 4138 732 4203 δαίετο
761 4139 859 4224 fingit
888 4139 1049 4220 Medeam,
1082 4137 1202 4220 quippe
1235 4155 1318 4219 quae

168 4267 280 4311 omnes
304 4244 404 4309 trium
422 4243 582 4310 viscerum
600 4244 774 4311 facultates
794 4249 828 4311 et
846 4243 1007 4310 motiones
1026 4241 1150 4308 validas
1173 4241 1319 4324 haberet,

165 4351 471 4418 libidinosissimam
494 4349 677 4435 mulierum,
701 4351 983 4420 iracundissimum
1003 4349 1200 4433 eandemque
1226 4347 1315 4413 calli-

165 4459 343 4528 dissimam.
389 4457 496 4544 Atque
525 4462 682 4546 appetens
710 4460 806 4528 huius
835 4459 962 4528 animae
989 4479 1066 4545 pars
1094 4457 1128 4522 in
1155 4459 1314 4542 quantam
