3228 5148
587 372 832 438 -123-

127 553 162 615 p.
190 531 234 596 in.
262 527 365 614 λόγον
393 531 488 615 ἔσχεν
515 553 574 615 pro
603 533 676 616 ἔσχε
703 527 822 614 λόγον,
854 555 884 616 p.
914 532 975 597 731
1005 554 1036 615 p.
1064 533 1146 596 med.
1179 526 1284 597 καλὸν
1392 621 1395 628 Ι

128 637 233 720 γοῦν,
256 626 282 702 oi
307 634 498 722 Σώκρατες,
521 631 610 714 εἶδος
632 643 682 721 εἴη
707 631 750 702 ἄν
773 660 832 722 pro
856 662 883 703 ιι.
907 639 992 721 γοῦν
1016 631 1059 703 ἂν
1082 627 1107 704 ul
1133 643 1173 704 Σ.
1196 633 1285 714 εἶδος

128 750 200 828 εἴη,
231 767 263 828 p.
297 745 358 808 'll'l
392 746 436 810 in.
468 738 573 820 εὐθὺς
602 739 640 808 τὸ
669 742 766 827 γένος
797 739 834 809 τὸ
865 742 995 828 θνητόν
1026 769 1086 830 pro
1117 742 1155 811 τὸ
1188 743 1285 828 γένος

128 845 240 928 εὐθὺς
270 846 307 916 τὸ
341 857 413 932 θα,
444 875 474 936 p.
504 851 567 915 728
601 850 682 914 med.
715 851 806 914 ἔστιν
834 846 909 928 ἑνὸς
941 845 1067 936 ἀνδρός
1102 875 1161 937 pro
1194 854 1284 916 ἔστιν

129 951 260 1042 ἀνδρὸς
291 953 381 1040 ἑνός,
413 981 444 1042 p.
478 957 542 1022 756
573 961 650 1042 post
678 957 720 1022 in.
754 959 826 1040 εἴδη
859 952 970 1040 λόγων
1002 954 1095 1045 μάθῃ
1123 981 1182 1044 pro
1211 959 1283 1042 εἴδη

129 1060 227 1150 μάθῃ
252 1061 378 1148 λόγων,
405 1086 436 1147 p.
461 1065 524 1130 758
552 1064 596 1129 in.
620 1057 726 1131 ὁπόσα
749 1059 789 1130 τὰ
817 1061 1022 1150 διαστήματα
1046 1064 1136 1130 ἐστιν
1161 1087 1221 1150 pro
1244 1041 1284 1128 vul

130 1167 340 1255 διαστήματα
364 1165 470 1238 ὁπόσα
495 1169 578 1252 ἐστὶ,
606 1173 649 1238 ib.
673 1177 751 1238 extr.
775 1160 873 1248 οὗτος
896 1166 914 1236 ὁ
939 1168 1038 1255 λόγος
1060 1195 1119 1256 pro
1143 1165 1161 1236 ὁ
1186 1166 1286 1254 λόγος

130 1265 232 1354 οὗτος
255 1283 287 1342 et
310 1282 383 1343 cett.
434 1279 505 1354 Quo
528 1301 561 1342 re
585 1279 690 1364 magis
720 1279 872 1362 adducor,
896 1283 932 1343 ut
954 1279 1083 1344 credam
1106 1278 1198 1343 illam
1221 1278 1284 1342 dis·

130 1385 337 1470 crepantiam
361 1407 430 1450 non
458 1386 622 1451 attaleni
651 1387 703 1450 vel
730 1387 941 1472 neglegenter
969 1386 1020 1450 vol
1048 1408 1065 1449 e
1093 1385 1202 1450 codiee
1232 1384 1284 1448 de-

129 1495 271 1575 pravato
304 1491 553 1557 transcribentia
581 1515 680 1558 manu
709 1493 891 1577 profectam
918 1529 963 1538 —-
990 1493 1024 1557 id
1052 1491 1137 1556 enim
1167 1513 1285 1576 parum

129 1598 286 1664 convenit
309 1599 353 1682 ei,
375 1598 431 1682 qui
448 1621 515 1665 non
533 1599 567 1664 in
585 1623 650 1666 uno
672 1601 849 1685 exemplari
869 1599 1044 1684 aequievit,
1067 1598 1124 1664 sed
1142 1597 1284 1683 plurium

130 1704 290 1770 lectiones
318 1705 403 1770 iuter
430 1727 465 1768 se
494 1705 640 1772 conferre
664 1707 780 1773 solitus
805 1711 855 1772 est
877 1703 931 1794 (of.
955 1705 1165 1790 Daremberg.
1184 1703 1284 1790 Freg-

131 1815 241 1876 menls
278 1812 320 1876 du
357 1809 597 1878 Commentaire
634 1815 672 1878 de
706 1813 821 1880 Galion
854 1839 884 1900 p.
919 1811 974 1902 12)
997 1851 1054 1896 —-,
1083 1813 1139 1877 sed
1175 1812 1284 1896 potius

129 1919 344 1984 librariorum
363 1925 572 2004 praepostere
587 1921 798 1987 scribentium
812 1921 1038 2008 neglegentiae
1053 1923 1284 1984 correctorum·

131 2049 196 2110 que
215 2027 320 2090 malae
340 2026 506 2090 sedulitati
524 2026 730 2092 tribuendam
749 2051 829 2112 esse,
848 2027 1041 2113 praesertim
1060 2049 1133 2091 oum
1153 2025 1284 2090 omnino

131 2135 168 2198 iu
197 2133 367 2198 reddendis
394 2132 475 2198 loois
502 2130 696 2218 Platonicis,
729 2138 765 2200 ut
793 2157 830 2199 ex
864 2133 1020 2219 exemplis
1049 2155 1148 2217 supra
1175 2131 1284 2198 allatis

131 2243 241 2326 patet,
263 2239 391 2305 librarii
414 2261 530 2324 parum
554 2242 698 2306 accurati
721 2242 851 2306 fuerint.
900 2239 970 2306 Neo
998 2243 1109 2305 tamen
1136 2239 1285 2323 equidem

132 2347 311 2432 quidquam
346 2346 425 2411 certi
454 2347 762 2434 affirmaraaude0,
794 2372 867 2413 eum
899 2347 1032 2432 plurimi
1063 2346 1113 2410 illi
1143 2345 1221 2428 loci,
1252 2344 1286 2409 id

132 2454 220 2540 quod
244 2453 451 2518 uehementer
473 2454 644 2519 dolendum
669 2457 731 2538 est,
754 2455 789 2519 in
812 2453 939 2519 schedis
959 2451 1286 2538 Cantabrigiensibus

133 2560 426 2645 Laurentianisque
453 2583 518 2626 uon
547 2563 674 2625 exstent
701 2565 798 2648 atque
826 2563 864 2625 de
889 2585 927 2627 ea
953 2559 1105 2626 retesti·
1132 2557 1286 2645 gravissi-

134 2690 208 2732 mus
232 2666 367 2732 alterius
389 2666 535 2732 familiae
559 2667 705 2734 codicum
727 2669 923 2754 interrogari
946 2690 1012 2734 non
1034 2667 1148 2752 possit.

226 2773 430 2857 Quamquam
465 2777 573 2838 autem
606 2773 666 2838 has
694 2775 774 2840 duas
805 2774 949 2840 familias
981 2773 1175 2840 lectionibus
1208 2772 1286 2837 seri-

134 2880 305 2964 pturisque
324 2880 469 2944 diversas
489 2903 558 2944 esse
577 2884 682 2965 patet,
705 2885 815 2948 tomen
834 2883 875 2947 ab
894 2905 958 2947 uno
978 2882 1153 2965 eodemque
1177 2880 1287 2945 codiee

134 2986 296 3072 originem
324 2987 458 3070 ducunt,
486 2988 540 3071 qui
570 2987 699 3072 quidem
728 2989 891 3054 saeculum
919 2989 1081 3053 decimum
1107 3009 1174 3052 non
1197 3007 1285 3050 exee-

134 3095 215 3158 dens
238 3093 309 3177 ipse
333 3073 445 3158 multis
469 3094 631 3178 variisque
655 3095 780 3160 mendis
804 3099 837 3160 et
861 3095 951 3160 vitiis
979 3093 1150 3159 laboravit.
1200 3091 1286 3156 Nam

134 3199 203 3265 MA
217 3195 321 3286 (FPp)
343 3199 425 3264 vitia
448 3222 521 3265 eum
546 3197 599 3266 GL
623 3202 806 3267 eommunia
830 3205 926 3286 atque
948 3223 986 3266 ea
1004 3199 1133 3284 quidem
1155 3198 1288 3280 habent,

135 3329 274 3392 quorum
296 3305 389 3391 origo
412 3306 477 3371 nisi
501 3329 518 3370 e
540 3307 642 3372 fontia
666 3311 772 3372 aetate
800 3307 964 3373 inferioris
987 3329 1047 3372 nea
1069 3315 1135 3371 iam
1158 3305 1286 3389 limpidi

135 3412 362 3478 communione
385 3413 489 3497 repeti
512 3436 578 3478 uon
601 3417 718 3497 potest.
764 3413 810 3480 Ut
832 3415 918 3480 enim
941 3413 1098 3479 nonnulla
1120 3411 1187 3476 sint
1209 3433 1287 3476 casu

135 3519 334 3603 eommunia,
367 3519 457 3584 velut
488 3543 539 3603 ea,
576 3542 657 3604 quae
691 3543 728 3584 ex
760 3520 910 3586 itacismo
941 3523 1020 3586 nata
1052 3522 1141 3604 sunt,
1177 3517 1288 3602 qualia

134 3651 167 3712 p.
200 3627 264 3690 227
298 3627 340 3690 in.
374 3627 528 3711 διακρίνη
560 3649 620 3710 pro
653 3627 835 3711 διακρίνοι,
867 3650 898 3712 p.
931 3627 996 3692 253
1028 3626 1072 3691 in.
1104 3631 1194 3709 εἰπερ
1225 3647 1285 3709 pro

134 3729 236 3818 ἥπερ,
263 3755 294 3817 p.
322 3733 388 3798 458
417 3755 510 3798 am.
539 3731 629 3817 λέγοι
652 3755 710 3816 pro
744 3731 846 3816 λέγει,
878 3756 908 3817 p.
931 3733 998 3798 496
1028 3756 1058 3817 p.
1086 3755 1128 3796 m.
1160 3725 1287 3816 ἡγεῖται

134 3863 195 3924 pro
220 3833 354 3924 ἡγῆται,
377 3862 407 3924 p.
431 3841 496 3906 483
519 3863 550 3924 p.
573 3839 615 3904 in.
639 3835 739 3922 φύσει
759 3863 818 3923 pro
838 3835 955 3928 φήσεις
972 3840 1069 3926 idque
1088 3860 1189 3924 genus
1214 3837 1288 3921 alia,

134 3951 247 4011 tamen
269 3968 310 4012 ne
329 3945 487 4011 eiusmodi
511 3946 640 4030 quidem
659 3951 794 4031 peecata
817 3947 927 4011 omnia
945 3947 985 4010 ad
1010 3968 1120 4012 casum
1139 3943 1286 4010 revocari

135 4056 283 4138 possunt.
337 4051 391 4116 An
418 4074 496 4116 oasu
526 4051 648 4117 factum
682 4055 744 4136 est,
776 4057 813 4116 ut
839 4076 870 4137 p.
893 4054 958 4119 268
987 4053 1023 4118 in
1050 4049 1112 4117 OM
1140 4048 1192 4115 ἐπὶ
1219 4050 1287 4114 τῶν

135 4157 257 4243 φόβων
279 4156 334 4223 καὶ
358 4159 509 4224 λοιπῶν
532 4181 591 4243 pro
615 4159 749 4224 λυπῶν
771 4156 870 4247 (quod
895 4159 1035 4225 editores
1058 4157 1196 4223 Aldinae
1221 4179 1289 4222 eor-

135 4267 258 4332 rexisse
280 4263 459 4351 videntur),
486 4289 516 4350 p.
540 4265 604 4330 221
628 4266 710 4330 med.
733 4265 767 4329 in
790 4261 884 4330 MAG
907 4276 1026 4348 πεῖραν
1054 4265 1170 4346 λαβεῖν
1192 4259 1287 4347 μνή-

136 4391 234 4450 σεοις
257 4395 317 4458 pro
340 4369 578 4457 μαιεύσεως,
601 4372 686 4458 quod
709 4394 769 4438 nos
796 4371 1011 4456 restituimus,
1039 4370 1197 4456 scriptum
1221 4369 1287 4435 sit?
