3246 5148
625 418 844 482 ...53-

157 577 408 664 progermiuans
440 579 537 662 etque
567 577 702 644 subinde
735 578 769 642 in
799 577 882 644 alios
913 578 948 642 in
978 600 1106 644 summe
1137 602 1237 665 usque
1270 603 1308 646 ee

158 685 381 752 minutissima
394 684 538 770 virgulta
552 684 745 750 diffindens.'
765 681 914 750 Oornarii
928 686 1092 752 restitutio
1111 708 1307 772 quamquam

157 815 223 858 non
249 793 400 859 omnibus
422 791 566 857 numeris
595 791 747 857 absoluta
769 790 909 876 videtur,
936 794 1047 856 tamen
1071 793 1184 859 multis
1206 794 1308 859 nomi-

156 899 257 964 nibus
276 896 509 964 Charterianae
533 898 777 983 praeferendam
801 919 960 963 essenon
983 899 1141 984 estquod
1165 898 1307 966 doceam.

156 1005 193 1070 P.
219 1005 283 1070 739
310 1005 391 1070 haee
420 1005 530 1070 estin
552 1003 646 1068 ΜΑΒ
675 1003 849 1087 scriptura:
876 999 985 1088 ὥσπερ
1013 992 1077 1069 οῦν
1103 1006 1207 1070 ταῦτα
1233 1004 1307 1089 περὶ

157 1112 267 1196 ψυχῆς
290 1106 380 1176 εἶπεν
402 1109 460 1198 (aa.
484 1106 501 1178 ὁ
526 1107 684 1196 Πλάτων)
708 1105 783 1195 άχρι
811 1111 872 1176 τοῦ
899 1111 1049 1175 πιθανοῦ
1076 1109 1131 1176 καὶ
1160 1108 1308 1189 εἰκότως

157 1213 241 1303 ἡμῖν
263 1214 508 1302 γιγνώσκεσθαι
530 1240 595 1304 προ
618 1214 716 1304 (spat.
735 1239 802 1282 vae.
819 1215 964 1304 tlitter.)
987 1215 1079 1301 μένα.
1116 1216 1306 1286 Charterius

157 1323 324 1410 supplevit
351 1323 616 1409 προειρημένα
648 1324 788 1409 pessime
816 1346 854 1388 ae
881 1326 1001 1388 temere
1030 1325 1060 1388 ei
1083 1347 1233 1390 assensus
1257 1329 1308 1392 est

157 1431 299 1514 Kuahn.‚
325 1430 389 1494 nisi
413 1431 498 1515 quod
520 1427 655 1507 εἰκότως
677 1433 763 1496 reete
786 1431 821 1496 in
848 1427 973 1508 είκότος
996 1431 1147 1516 mutavit3
1174 1455 1234 1498 nos
1257 1454 1306 1498 re·

157 1539 325 1603 stituimus
349 1533 620 1622 προερχόμενα
642 1538 703 1621 ita,
726 1541 763 1603 ut
780 1533 860 1622 ἡμίν
879 1533 1124 1620 γιγνώσκεσθαι
1141 1561 1202 1624 pro
1221 1539 1306 1624 gloe-

155 1649 280 1711 semate
299 1644 483 1710 habendum
502 1666 572 1708 esse
588 1645 855 1710 existimaremus.
879 1642 928 1710 cf.
943 1645 1066 1728 pree:
1090 1639 1132 1710 οῦ
1145 1641 1214 1729 μὴν
1231 1650 1309 1732 περί

155 1775 192 1836 γε
215 1753 285 1818 τῶν
308 1750 412 1839 ἐντῷ
435 1747 578 1839 τετάρτῳ
601 1753 659 1836 τῆς
686 1749 740 1839 (ef.
763 1751 876 1837 Progr.
899 1755 999 1816 nostr.
1022 1751 1069 1835 11,
1095 1753 1149 1837 10,
1173 1753 1245 1819 adn.
1270 1751 1305 1840 7)

156 1862 333 1934 Πολιτείας
355 1851 411 1922 ὑπ’
438 1851 542 1923 αὐτοῦ
565 1856 803 1944 γεγραμμένων
826 1859 917 1924 ἔστιν
944 1859 1048 1922 είπεῑν
1075 1852 1120 1936 ὡς
1144 1853 1220 1944 ἄχρι
1243 1861 1304 1926 τοῦ

154 1967 306 2032 πιθανοῦ
332 1962 588 2050 προερχομίνων
611 1961 733 2049 μόνον;
766 1963 878 2030 Geden.
906 1965 945 2029 de
969 1962 1078 2031 Subst.
1100 1965 1127 2030 F
1129 1987 1175 2032 ae.
1198 1970 1304 2032 natur.

154 2073 228 2138 Vol.
242 2071 290 2136 IV
308 2095 339 2156 p.
356 2073 417 2136 761
424 2122 433 2155 ,
450 2072 503 2136 14:
527 2066 603 2156 ἄχρι
626 2072 686 2136 τοῦ
709 2071 859 2138 πιθανοῦ
881 2069 1105 2156 προσέρχομαι
1129 2069 1204 2158 (leg.
1224 2095 1302 2159 προ-

154 2175 323 2267 ε’ρχομαι);
345 2178 423 2244 ibid.
445 2199 476 2262 p.
497 2177 574 2262 765,
600 2179 639 2243 17
664 2171 829 2264 ἀρκοῦμαι
853 2174 910 2243 διὰ
932 2173 995 2262 τὴν
1013 2172 1222 2245 ἀκολουθίαν
1244 2176 1304 2263 μό-

155 2311 219 2370 νην
241 2282 317 2371 ἄχρι
340 2285 402 2350 τοῦ
423 2284 573 2350 πιθανοῦ
599 2282 842 2370 προερχόμενος
870 2282 1019 2349 ἐπαινεῖν
1045 2309 1105 2350 τον
1128 2282 1303 2352 Πλάτωνα.

156 2432 196 2441 -
222 2393 307 2459 Aliis
330 2392 411 2459 loeis
435 2389 493 2457 Ch.
517 2413 667 2457 successu
697 2393 803 2478 magis
833 2413 990 2475 prospero
1018 2415 1096 2457 usus
1124 2395 1186 2476 est,
1214 2394 1304 2459 velut

152 2503 283 2585 praeter
307 2521 362 2565 eos
385 2499 488 2582 locos,
512 2497 550 2562 de
574 2498 691 2583 quibus
715 2520 814 2582 supra
837 2501 870 2562 et
892 2498 927 2562 in
949 2497 1062 2584 Progr.
1084 2501 1185 2565 nostr.
1205 2497 1235 2582 Ι,
1262 2501 1303 2566 15

152 2608 356 2690 disputatum
384 2609 447 2688 est,
475 2627 506 2688 p.
529 2605 594 2670 530
617 2605 712 2688 med,
740 2604 796 2668 ubi
823 2604 926 2669 MAB
954 2609 1032 2690 post
1057 2605 1158 2671 verba
1185 2605 1242 2670 ἵνα
1266 2603 1303 2672 δὲ

151 2708 198 2798 μὴ
226 2715 329 2799 τρίβω
355 2708 416 2777 τὸν
443 2707 583 2795 χρόνον,
615 2706 633 2776 ὁ
661 2724 815 2788 νωτιαῑος
842 2712 986 2796 spatium
1013 2734 1152 2778 vaenum
1179 2713 1302 2779 habent

152 2821 324 2887 duedecim
346 2819 413 2884 fere
432 2819 560 2883 litteras
579 2818 796 2904 expleturum,
819 2821 904 2904 quod
924 2820 971 2885 sie
988 2819 1143 2904 explevit:
1167 2818 1201 2898 ἐξ
1215 2819 1301 2904 ἐγκε-

151 2925 264 3012 φάλου
288 2923 501 3010 ίκφνόμενος.
541 2925 628 2990 Bene
652 2926 780 3010 quidem
804 2925 837 3004 ἐξ
861 2922 1061 3009 ἐγκεφάλου,
1085 2930 1120 2990 at
1143 2923 1300 3011 ἐκφνόμε-

151 3059 211 3111 νος
233 3056 367 3118 prorsus
391 3055 665 3118 supervacaneum
690 3037 751 3116 est,
779 3034 856 3117 quia
884 3036 1061 3117 sequuntur
1087 3033 1188 3098 verba
1210 3036 1301 3116 βλα·

151 3138 315 3206 στάνειν
337 3133 425 3228 αὐτῷ
449 3140 549 3204 δοκεῖ.
585 3139 619 3204 Ρ.
638 3139 703 3204 532
726 3144 803 3224 post
824 3138 906 3203 med.
928 3138 1019 3204 locus
1043 3141 1093 3202 est
1115 3138 1300 3205 ‘crudeliter

151 3247 265 3332 leeer’‚
292 3269 387 3333 quem
410 3245 469 3310 AB
494 3245 540 3311 sic
564 3245 780 3310 tradiderunt:
807 3239 991 3329 εὐρύτατον
1017 3240 1080 3327 μὲν
1107 3233 1171 3309 οῦν
1198 3239 1301 3330 αὐτῆς

150 3353 208 3440 (se.
231 3353 290 3436 τῆς
312 3357 425 3437 κοίλης
445 3347 582 3438 φλεβός)
611 3349 678 3416 ἐστι
706 3347 743 3417 τὸ
771 3347 859 3416 κάτω
886 3351 948 3416 τοῦ
970 3344 1110 3434 ἥπατος,
1137 3339 1237 3434 ἦττον
1265 3346 1296 3415 d’

150 3455 234 3545 εὐρὺ
256 3456 293 3526 τὸ
318 3456 374 3524 διὰ
392 3459 460 3524 τῶν
478 3463 540 3541 φλε
559 3481 607 3543 sp.
626 3480 694 3524 vae.
709 3459 819 3524 decem
836 3458 904 3523 fere
922 3458 985 3522 litt.
1000 3451 1186 3540 άνατετάμι.
1209 3459 1298 3523 ἔλατ-

149 3591 211 3633 τον
235 3563 272 3632 δὲ
295 3561 340 3650 άμ
363 3589 410 3651 sp.
429 3587 497 3629 vae.
517 3565 740 3652 duodeviginti
763 3566 827 3631 litt
850 3567 957 3629 καίτοι
980 3565 1011 3628 εί
1033 3585 1080 3648 sp.
1100 3585 1167 3628 vae.
1181 3586 1298 3630 novem

150 3675 218 3738 sere
241 3673 304 3738 litt.
326 3673 448 3757 καρδία
470 3673 528 3755 τῆς
550 3674 663 3754 κοίλης
686 3665 823 3755 φλεβὸς,
851 3665 896 3747 οῦς
918 3667 973 3735 καὶ
996 3671 1054 3753 τῆς
1075 3666 1219 3754 μεγάλης
1241 3665 1298 3756 άρ-

149 3783 280 3865 τηρίας,
304 3773 403 3864 ἀρχὴ,
426 3777 582 3863 μέγιστον
605 3771 648 3842 dv
670 3767 728 3862 ἦν,
752 3772 859 3863 οἶμαι,
882 3774 919 3842 τὸ
939 3774 1074 3862 συνεχὲς
1092 3771 1194 3861 αὐτῆς
1212 3774 1297 3864 (lege

150 3881 248 3973 αὐτῇ)
270 3884 380 3971 μέρος.
424 3885 458 3949 Μ
481 3888 558 3969 post
583 3885 664 3950 illud
690 3881 727 3950 τὸ
757 3883 813 3949 διὰ
840 3885 908 3949 τῶν
934 3889 996 3968 φλε
1023 3884 1151 3950 hiatum
1174 3885 1297 3950 maiore

150 3994 277 4060 ambitu
299 3993 411 4078 habet3
438 4015 516 4058 nam
544 3991 697 4056 librarius
725 3991 867 4075 spatium
895 3990 1027 4076 reliquit
1055 3991 1095 4056 ad
1122 3991 1296 4075 explendas

148 4100 288 4186 triginta
309 4099 451 4184 litteras,
473 4099 623 4184 deinceps
644 4099 775 4184 scripsit
797 4100 904 4162 καίτοι
926 4095 967 4180 γέ
986 4119 1047 4183 περ
1070 4085 1113 4181 ἦν
1135 4091 1156 4180 ἡ
1175 4098 1296 4180 καρδία

148 4206 206 4290 τῆς
228 4229 258 4269 κ.
279 4229 307 4270 τ.
330 4209 374 4285 λ,
396 4205 431 4270 in
454 4206 568 4271 ceteris
592 4227 665 4272 eum
688 4207 719 4272 A
742 4206 960 4289 consentiens,
986 4204 1052 4270 nisi
1074 4203 1159 4286 qnod
1182 4191 1225 4286 ἦν
1247 4203 1295 4267 in-

150 4317 200 4380 ter
223 4307 267 4376 άν
290 4315 324 4376 et
347 4305 437 4396 οἶμαι
461 4312 581 4378 omisit.
619 4309 808 4376 Charterius
826 4311 934 4376 laeum
949 4311 995 4375 sie
1014 4310 1143 4373 reficere
1163 4309 1295 4395 studuit,

150 4423 185 4486 ut
208 4418 378 4486 scriberet:
402 4457 444 4466 —
468 4407 569 4504 ἦττον
592 4411 622 4484 δ’
649 4411 731 4503 εὐρὺ
756 4415 794 4483 τὸ
824 4418 880 4483 δια
907 4417 975 4483 τῶν
1003 4415 1154 4501 φρενῶν
1181 4409 1294 4483 άνατε-
