3298 5136
744 422 987 487 —lao—

287 581 355 646 τῶν
382 575 444 664 τὴν
471 577 681 666 φαινομένην
704 574 889 664 άπόδειξιν,
917 576 979 647 οὐκ
1007 570 1114 648 οὖσαν
1141 578 1178 646 δὲ
1206 577 1435 648 συνιστάντων

288 792 441 879 κειμένου
461 785 652 878 σκέμματος.
694 791 766 878 ἣτις
785 792 821 860 δὲ
839 793 969 861 τούτων
988 790 1100 862 αὐτῶν
1119 794 1187 860 ἐστι
1207 790 1291 880 πρὸς
1309 789 1434 878 άλληλα

288 897 450 985 διαφορά,
477 895 557 966 καθ’
588 897 672 967 ὅσον
695 893 766 978 οἷός
792 901 830 967 τί
850 905 933 988 εἰμι,
956 901 1145 987 σαφέστατα
1169 900 1269 987 [περὶ]
1298 897 1434 967 πάντων

260 1006 361 1092 otoni.
406 1005 474 1072 ἐπεὶ
497 1011 616 1073 τοίνυν
638 1005 807 1095 πρόκειται
831 1008 1020 1080 σκέψασθαι
1047 1007 1121 1094 περὶ
1144 1009 1202 1092 τῆς
1224 1009 1377 1092 καρδίας,
1405 1009 1436 1072 εἰ

286 1109 323 1179 τὸ
352 1115 410 1198 τῆς
432 1116 539 1198 ψυχῆς
565 1111 766 1200 ἡγεμονικὸν
791 1114 892 1182 τοῦτό
921 1115 1012 1182 ἐστιν
1039 1115 1076 1181 ἐν
1109 1109 1209 1201 αὐτῇ,
1237 1108 1256 1181 δ
1279 1111 1433 1200 κατάρχει

286 1222 367 1286 πᾶσι
389 1233 459 1297 τοῖς
480 1222 541 1287 τοῦ
570 1219 655 1311 ζςόον
681 1227 813 1308 μορίοις
834 1220 1023 1308 αἰσθήσεως
1044 1246 1080 1287 τε
1103 1218 1171 1306 άμα
1192 1219 1247 1286 καὶ
1270 1222 1329 1305 τῆς
1351 1215 1429 1286 καθ’

287 1323 395 1412 ὁρμὴν
417 1325 592 1412 κινήσεως,
620 1328 731 1395 ίστεόν
759 1325 819 1412 ῶς,
847 1325 909 1396 ὅσα
938 1327 999 1415 μὲν
1027 1323 1091 1395 άπὸ
1118 1329 1186 1394 τῶν
1213 1322 1433 1413 ὑπαρχόντων

287 1429 370 1521 αὐτῇ
393 1432 595 1520 λαμβάνεται
621 1433 788 1521 λήμματα,
813 1433 928 1521 διττὴν
954 1435 1018 1514 ἕξει
1046 1432 1108 1521 τὴν
1136 1430 1318 1519 διαφοράν·
1342 1435 1433 1498 ἔσται

246 1561 272 1598 1⁰
287 1538 351 1626 γάρ
374 1537 486 1607 αὐτῶν
512 1538 552 1607 τὰ
575 1539 637 1628 μὲν
659 1539 741 1608 κατά
765 1538 845 1609 αὐτὸ
869 1539 906 1608 τὸ
930 1539 1150 1628 προκείμενόν
1176 1566 1211 1607 τε
1237 1539 1293 1607 καὶ
1321 1536 1432 1625 ζητού-

286 1672 390 1734 μενον
413 1646 661 1734 ἐπιστημονικά,
683 1646 724 1714 τά
748 1647 783 1714 δὲ
808 1645 891 1716 άλλα
913 1646 1020 1715 πάντα
1043 1648 1164 1733 μένους
1187 1647 1300 1734 ἑτέρον
1324 1646 1431 1714 δευτέ-

285 1779 349 1841 ρου
385 1755 629 1841 παρακειμένου
663 1769 734 1834 τοίς
771 1755 1048 1841 ἐπιστημονικοῖς·
1087 1751 1150 1821 ὅσα
1187 1753 1224 1821 δὲ
1261 1749 1325 1820 άπὸ
1363 1755 1431 1820 τῶν

286 1857 514 1948 ἀνθρωπίνων
538 1862 649 1943 δοξῶν
672 1870 736 1929 εἴτε
756 1853 818 1929 οὖν
841 1865 985 1930 ἰδιωτῶν
1004 1869 1067 1928 είτε
1090 1864 1238 1946 ποιητῶν
1256 1868 1320 1927 εἴτε
1338 1867 1432 1946 φιλο-

286 1965 405 2052 σόφων
433 1975 497 2034 εἴτε
526 1968 558 2049 ἐξ
586 1969 802 2055 ἐτυμολογίας
827 1966 920 2048 τινὸς
951 1976 1015 2035 εἴτε
1043 1969 1078 2035 ἐκ
1105 1966 1280 2055 νευμάτων
1307 1975 1371 2034 εἴτε
1398 1968 1431 2047 ἐξ

246 2091 272 2133 1⁵
287 2071 368 2142 ὅτου
398 2073 440 2160 δή
476 2101 568 2153 τινος
604 2074 717 2163 ἑτέρου
748 2074 904 2144 τοιούτου
940 2074 1140 2162 λαμβάνεται
1172 2072 1339 2161 λήμματα,
1370 2077 1432 2140 τοῦ

284 2187 402 2270 τρίτου
421 2181 541 2267 γένους
563 2186 653 2249 ἕσται
676 2185 794 2270 ταῦτα,
823 2181 937 2269 διττὴν
964 2179 1026 2269 μὲν
1049 2179 1232 2248 ἀπόστασιν
1259 2177 1430 2267 ἀφεστῶτα

320 2355 403 2415 λοίπ’
422 2355 542 2414 αὐτοῦΟ
559 2354 605 2413 ἐπ’
621 2380 693 2417 αυτ..
704 2361 781 2416 Μ-
802 2356 1020 2415 καθόσονῦ-
1040 2360 1105 2446 περὶ
1119 2363 1184 2414 ante
1199 2354 1313 2414 πάντων
1328 2359 1430 2414 delevi-

283 2451 395 2486 mus.—
411 2426 612 2518 θηγεμονικον
627 2427 702 2486 ἐστίν
716 2427 803 2487 ΜΔ
791 2452 961 2502 ηγεμονικον
974 2451 1041 2485 τοντ
1046 2426 1232 2486 ’ἔστίνΟ-
1249 2426 1330 2485 ἐν
1293 2451 1365 2502 αντη
1376 2448 1429 2486 om

284 2503 366 2559 0.-
361 2500 658 2591 είκατάρχειῦμ
680 2510 712 2558 13
731 2500 839 2588 δόξωῦ
858 2504 949 2628 δοξῶν
968 2503 1084 2557 MA.-
1106 2509 1139 2556 14
1154 2497 1243 2557 ειτεέ
1245 2487 1429 2626 ξέπινενροὲ

284 2595 339 2630 των
358 2567 670 2711 ρξάνανευμάτωνείτε
687 2570 716 2641 ἐξ
736 2569 839 2629 ὅτονῦ
860 2569 946 2629 είτεέ
948 2569 1049 2640 §.law
1066 2575 1121 2628 εἴτε
1138 2567 1378 2639 ἕξοτουΜΑΒΟ

285 2648 340 2701 εἴτε
410 2641 475 2700 ἔπιν
502 2662 552 2700 noe
571 2645 785 2701 delevimus-
808 2653 840 2700 15
860 2575 989 2700 τοιούτξου
1008 2644 1163 2702 omo.
1185 2652 1217 2699 16
1238 2639 1343 2701 3⁶th
1364 2675 1397 2684 -

285 2826 359 2891 aliis
391 2825 606 2910 internoscat,
638 2831 807 2911 praeterea
839 2849 963 2910 earum,
1000 2848 1082 2910 quae
1110 2825 1429 2909 demonstrationem,

284 2955 366 3016 quae
390 2932 537 2997 videatur
563 2933 694 3017 quidem
715 2957 776 2998 nee
803 2938 914 2998 tamen
937 2934 993 3016 eit,
1016 2932 1173 3016 efficiunt,
1200 2935 1353 2997 naturam
1376 2955 1428 2996 ex-

284 3039 448 3124 plicabo
438 3063 472 3104 in
495 3040 639 3104 eadem
629 3063 716 3123 ipsa,
739 3063 820 3124 quae
848 3041 945 3107 nobis
968 3039 1175 3124 proponitur,
1198 3039 1428 3122 disputatione.

284 3147 437 3212 Omnium
465 3147 580 3210 harum
603 3169 685 3231 qnae
709 3147 815 3212 sitin
782 3152 867 3212 mter
888 3149 978 3231 ipsas
1002 3146 1197 3228 differentia,
1224 3147 1330 3230 quood
1357 3147 1428 3210 fieri

283 3254 419 3337 poterit,
447 3252 713 3318 manifestissime
743 3256 887 3320 omnium
919 3255 1063 3318 dicturus
1092 3276 1171 3318 sum.
1222 3252 1426 3336 Quandoqui-

284 3360 356 3423 dem
376 3359 478 3444 igitur
496 3359 534 3423 de
550 3360 644 3424 eorde
659 3361 806 3444 quaestio
825 3361 995 3445 proposita
1013 3365 1071 3444 est,
1090 3359 1173 3424 sitne
1192 3360 1228 3424 in
1246 3381 1283 3424 eo
1299 3359 1427 3424 animae
1483 3381 1485 3390 ‘

283 3465 334 3530 vis
357 3465 560 3550 principalis,
584 3489 601 3530 e
624 3489 689 3550 qua
712 3470 744 3530 et
768 3490 879 3532 sensus
903 3472 936 3532 et
958 3468 1040 3551 eiua,
1067 3488 1150 3551 quae
1173 3487 1231 3551 per
1254 3465 1427 3550 appetitio·

282 3595 357 3637 nem
381 3574 430 3656 fit,
454 3573 609 3638 motionis
633 3574 725 3659 origo
749 3574 784 3638 in
807 3577 913 3638 cetera
932 3574 1082 3639 animalis
1106 3575 1253 3638 membra
1280 3572 1427 3638 diffundi-

283 3683 351 3762 tur,
378 3680 552 3743 tenendum
581 3684 631 3743 est
657 3681 818 3764 omnium,
848 3702 930 3764 quae
954 3681 1074 3765 abiis,
1101 3703 1183 3766 quae
1206 3680 1240 3745 in
1263 3679 1358 3744 eorde
1380 3679 1427 3745 in·

275 3790 371 3870 aunt,
398 3789 561 3870 petuntur,
585 3787 782 3851 sumtionum
805 3809 906 3872 genus
931 3811 1001 3851 esse
1024 3788 1157 3871 duplex,
1184 3809 1285 3851 unum
1308 3785 1427 3852 subtile

283 3915 403 3975 earum,
426 3914 507 3976 quae
528 3915 566 3956 ex
589 3893 662 3976 ipsa
680 3915 723 3977 re,
746 3916 828 3978 quae
851 3895 885 3958 in
903 3895 1124 3979 quaestionem
1146 3896 1290 3976 vocatur,
1312 3898 1425 3977 petun-

282 4004 349 4084 tur,
373 4000 512 4065 alterum
536 4002 577 4064 ab
601 4000 668 4064 illis
691 4001 888 4086 proximum,
912 4002 952 4066 ad
976 4001 1060 4086 quod
1084 4003 1208 4065 ceterae
1230 4000 1424 4086 referuntur3

282 4129 490 4191 quaeeunque
520 4129 597 4172 vero
630 4108 670 4171 ab
702 4107 871 4172 hominum
903 4108 1111 4192 opinionibus
1143 4109 1211 4172 sive
1239 4107 1329 4192 vulgi
1357 4107 1425 4172 sivo

282 4217 452 4298 poetarum
476 4215 544 4279 sive
562 4213 833 4298 philosophorum
856 4215 908 4278 vel
932 4216 972 4278 ab
992 4215 1193 4300 etymologia
1211 4214 1350 4298 quadam
1374 4214 1425 4277 vel

284 4342 303 4383 a
330 4320 463 4385 nutibus
491 4322 542 4385 vel
570 4323 612 4386 ab
641 4321 706 4386 alia
733 4322 886 4405 quapiam
914 4343 947 4385 re
980 4322 1139 4387 eiusmodi
1166 4321 1325 4386 ducuntur
1332 4371 1341 4402 ,
1368 4343 1424 4384 eae

283 4427 371 4491 teitii
405 4428 531 4512 generis
563 4428 791 4514 censebuntur,
827 4449 908 4512 quae
940 4449 1011 4492 eum
1048 4427 1170 4513 duplici
1200 4427 1372 4494 intervallo
1405 4449 1424 4492 a
