3246 5148
610 437 828 502 ..25-

141 600 226 664 haec
251 599 331 663 dicit
354 597 509 664 Galenus:
538 595 691 662 ‘nudatur
719 621 775 664 cor
802 597 870 662 sine
899 598 966 662 ulla
989 597 1132 663 thoracis
1158 598 1297 680 persora·

143 707 228 770 tione
251 705 359 770 excisa
388 703 579 788 cartilagine
607 704 774 788 xiphoide‚
802 705 893 769 iuxta
920 726 1018 788 quam
1045 704 1149 770 cordis
1172 705 1297 771 involu-

143 835 238 877 crum
262 812 420 876 adnexum
444 815 514 874 est’
545 807 608 895 (De
626 832 661 874 re
681 811 719 875 cf.
737 811 777 875 de
796 833 855 876 usu
869 815 952 896 part.
966 809 1040 876 Vol.
1055 810 1118 894 111,
1138 809 1297 897 598,10.)

236 917 313 983 Non
335 917 643 1000 praetermittendae
667 921 774 982 autem
803 918 961 985 hocloco
986 921 1062 981 sunt
1079 916 1296 1000 Praepositio-

144 1047 225 1090 num
238 1024 453 1112 ,aliarumque
476 1022 714 1088 Particularum
743 1025 900 1091 orationis
928 1027 1062 1107 propter
1092 1023 1297 1106 compendio·

145 1155 220 1202 rum
243 1130 491 1196 similitudinem
514 1131 781 1212 permutationes.
812 1130 847 1194 P.
866 1131 931 1196 346
951 1133 1026 1214 post
1048 1130 1091 1194 in.
1115 1121 1186 1192 ἀλλ’
1204 1123 1298 1212 ἡμεῖς

146 1261 183 1321 γε
209 1230 350 1302 κατὰτὸ
374 1229 437 1321 πρὸ
466 1229 588 1300 τούτου
616 1233 750 1321 γράμμα
777 1232 837 1301 τὸν
861 1231 925 1302 ὑπὸ
953 1236 1014 1300 τοῦ
1038 1231 1196 1319 Ζήνωνος
1219 1232 1298 1319 ἐρω-

146 1341 294 1428 τηθέντα
321 1337 424 1426 λόγον
451 1336 534 1423 ὑπὲρ
560 1343 621 1407 τοῦ
651 1339 713 1426 τὴν
742 1338 863 1427 φωνὴν
893 1336 966 1407 ὑπὸ
997 1343 1056 1425 τῆς
1083 1340 1222 1424 καρδίας
1249 1338 1299 1404 ἐκ·

146 1448 335 1534 πέμπεσθαι
358 1443 534 1533 μοχθηρὸν
557 1446 780 1534 ἐπεδείξαμενς
803 1442 869 1514 ὑπό
887 1453 1105 1533 permutatum
1125 1448 1160 1511 in
1180 1446 1209 1511 A
1230 1469 1299 1510 esse

147 1579 223 1621 cum
243 1549 315 1620 ἀπό
335 1555 369 1620 Μ
384 1555 486 1621 docet
510 1554 543 1619 P.
560 1556 623 1619 776
644 1556 727 1620 med.
745 1548 897 1631 κάκεῖνος
914 1548 932 1618 ὁ
949 1549 1063 1636 λόγος,
1083 1546 1135 1635 ἐφ’
1153 1541 1178 1640 ᾦ
1193 1570 1298 1636 φησιν

147 1657 166 1728 ὁ
188 1659 348 1738 Μίνωας
373 1655 425 1746 ἐφ’
442 1650 469 1750 ᾧ
488 1661 670 1726 inauditum
694 1665 756 1746 est3
780 1662 823 1726 M.
842 1663 928 1726 recte
952 1659 995 1724 ἐν
1017 1648 1054 1748 ᾧ.
1085 1658 1121 1725 Ρ.
1135 1659 1199 1723 659
1220 1663 1298 1723 extr.

146 1771 188 1856 τῇ
207 1765 331 1854 μεγάλῃ
351 1761 507 1854 ἀρτηρίᾳ,
531 1760 573 1850 ἢν
592 1762 867 1852 ὁμολογουμένως
885 1761 1023 1830 ἁπασῶν
1041 1759 1200 1830 τῶνκαθ’
1218 1760 1299 1829 ὅλον

148 1872 186 1941 τὸ
212 1861 297 1964 ζῷον
320 1869 487 1958 ἀρτηριῶν
509 1867 617 1958 ἀρχὴν
641 1864 748 1938 οὖσαν
776 1875 863 1938 ίδεῐν
885 1875 953 1937 ἔστι
981 1867 1078 1937 κατὰ
1104 1866 1142 1936 τὸ
1166 1871 1299 1956 πρῶτον

149 1980 293 2064 ἐκφῦναι
321 1981 379 2064 τῆς
405 1981 544 2064 καρδίας
570 1982 646 2064 δίχα
676 1977 887 2064 σχιζομένηνς
918 1976 999 2044 κατά
1029 1983 1160 2044 auctore
1190 1978 1299 2042 codice

149 2089 184 2153 Μ
209 2087 398 2152 mutandum
422 2088 529 2151 estin
552 2083 660 2171 μετα;
683 2108 838 2172 magnam
862 2087 947 2151 enim
967 2086 1132 2170 arteriam,
1155 2085 1211 2148 ubi
1234 2085 1298 2168 pri-

150 2217 240 2260 mum
265 2217 282 2258 e
305 2195 400 2259 corde
423 2195 603 2277 emerserit,
629 2195 665 2258 in
692 2195 771 2259 duas
796 2193 898 2258 scindi
926 2195 1036 2277 partes
1061 2191 1202 2257 Galenus
1228 2213 1298 2256 cen-

149 2303 209 2365 set.
254 2300 400 2365 Eandem
431 2300 704 2385 permutationem
742 2300 930 2364 mendosam
963 2297 1232 2383 deprehendimus
1265 2298 1300 2361 in

149 2431 181 2492 p.
202 2409 266 2472 ‘196
290 2409 365 2472 ante
387 2408 450 2491 fin,
472 2407 528 2472 ubi
553 2407 674 2470 editum
698 2410 761 2470 est:
784 2401 969 2490 θαυμάζειν
992 2394 1055 2469 οὖν
1076 2399 1209 2468 δίκαιόν
1232 2402 1299 2467 ἐστι

149 2511 205 2578 καὶ
229 2509 322 2598 μετὰ
340 2514 438 2579 τοῦτο
457 2509 519 2578 τὸν
541 2509 703 2577 Πλάτωνα
722 2507 767 2596 μὴ
786 2507 894 2596 μόνον
911 2507 970 2588 τὰς
983 2507 1152 2596 μεθόδους
1166 2505 1300 2574 εἰπόντα

151 2615 209 2684 διὰ
238 2615 430 2704 συντόμων,
461 2613 545 2684 ἀλλὰ
573 2617 627 2683 καὶ
655 2615 871 2704 γυμνάσαντα
900 2612 979 2683 καθ’
1006 2613 1157 2701 ἑκάστην.
1201 2616 1300 2680 Mare.

150 2729 252 2792 reete:
281 2722 376 2791 κατὰ
403 2727 512 2793 τοῦτο.
557 2727 591 2790 P.
615 2727 679 2791 318
702 2727 746 2790 in.
767 2726 829 2790 τοῦ
857 2722 893 2790 δὲ
922 2723 1112 2814 λογιστικοῦ
1139 2723 1197 2805 τῆς
1224 2737 1301 2787 συν·

152 2832 253 2909 ε’σεως
275 2871 318 2878 -
341 2827 384 2898 οὐ
406 2828 528 2917 σμικρὰ
551 2843 669 2917 σημεῖα
687 2869 743 2913 -,
766 2827 830 2897 ὅσα
853 2827 936 2915 πρὸς
959 2826 1081 2912 ἑαυτὴν
1104 2827 1301 2912 διεξέρχεται

151 2941 210 3024 (sc.
242 2934 265 3023 ἡ
292 2936 441 3025 Μήδεια)
471 2937 535 3004 καί
568 2938 783 3004 στίλλουσα
813 2935 868 3002 καὶ
900 2940 1065 3002 πείθουσα
1097 2931 1157 3000 τὸν
1188 2921 1302 3018 θυμὸν

152 3042 340 3131 ἀποχωρεῖν
372 3049 480 3129 ἔργων
511 3040 668 3110 ἀνοσίων.
722 3045 827 3110 Multo
859 3045 974 3109 melius
1011 3045 1046 3108 in
1079 3043 1113 3107 M
1148 3043 1302 3106 scribitur

152 3151 482 3218 καταστίλλουσα.
514 3151 637 3217 Contra
660 3148 742 3216 κατά
760 3174 819 3235 pro
843 3154 902 3215 καί
921 3151 1032 3235 posuit
1049 3149 1171 3214 Aldina
1189 3170 1219 3231 p.
1236 3148 1301 3213 523

154 3265 231 3345 post
253 3260 310 3344 im,
338 3260 393 3324 ubi
418 3259 559 3324 Galenus
582 3260 621 3323 de
645 3258 796 3342 stirpium
820 3257 1028 3342 generatione
1052 3277 1089 3320 ac
1113 3249 1245 3318 seminis
1269 3254 1301 3317 vi

153 3367 326 3451 disputans
353 3369 527 3451 postquam
555 3367 679 3430 semina
705 3364 788 3429 nihil
816 3364 939 3448 valere,
967 3363 994 3427 si
1024 3383 1115 3447 ager,
1144 3361 1179 3425 in
1206 3381 1302 3444 quem

155 3475 242 3538 iacta
259 3473 411 3555 fuissent,
430 3472 540 3537 aridus
559 3475 657 3555 esset,
676 3471 771 3554 dixit,
789 3471 836 3535 sic
854 3471 976 3555 pergit:
999 3471 1137 3553 μετρίως
1152 3459 1182 3530 δ’
1200 3460 1303 3549 ὑπαρ-

154 3577 279 3664 χούσης
297 3574 401 3664 ὑγρᾶς
419 3576 476 3664 (sc.
495 3579 553 3662 τῆς
572 3577 645 3665 γῆς)
664 3572 814 3660 μαλακὸν
832 3572 921 3663 (μὲν)
940 3578 1087 3658 γίγνεται
1106 3569 1142 3638 τὸ
1165 3570 1303 3656 σπέρμα,

156 3687 372 3751 διοιδίσκεται
401 3681 436 3749 δὲ
468 3682 533 3749 καὶ
563 3680 604 3750 τὸ
635 3682 789 3768 περιέχον
816 3676 897 3747 αὐτὸ
929 3678 1106 3765 σύμφυτον
1133 3677 1304 3763 σκέπασμα

156 3788 221 3874 [τὸ]
248 3782 323 3856 οἷον
347 3788 451 3876 δέρμα
475 3790 530 3856 καὶ
554 3788 715 3875 ῥήγνυται
737 3814 766 3854 κ.
789 3812 816 3854 τ.
839 3793 881 3864 le
909 3788 956 3852 sic
984 3787 1070 3852 enim
1098 3788 1303 3852 scribendum

156 3903 219 3983 est,
241 3922 307 3965 non
326 3894 421 3963 κατὰ
440 3893 498 3980 τὸ,
522 3897 791 3982 quemadmodum
810 3897 844 3960 in
862 3895 893 3959 A
912 3895 1034 3958 editum
1054 3899 1116 3980 est3
1139 3916 1215 3959 nam
1235 3916 1303 3958 sen-

155 4007 260 4072 tentia
288 4010 351 4070 est:
382 4005 445 4070 ‘sin
474 4005 680 4070 mediocriter
709 4003 843 4068 humida
872 4003 969 4087 gleba
997 4001 1110 4085 fuerit,
1140 4002 1305 4066 emollitur

156 4137 267 4179 semen
291 4118 324 4177 et
347 4113 443 4178 simul
461 4115 699 4198 tegumentum,
722 4133 785 4194 quo
804 4109 896 4194 quasi
915 4111 988 4173 cute
1007 4107 1234 4190 circumdatur,
1257 4105 1304 4170 in-

156 4220 323 4304 tumescit,
346 4242 421 4285 mox
445 4215 625 4302 rumpitur?
671 4217 779 4301 Atque
801 4215 882 4280 haee
905 4215 1034 4299 quidem
1059 4214 1098 4278 de
1121 4214 1304 4277 litterarum

156 4326 406 4414 permutatione.

247 4431 402 4500 Nascitur
425 4435 533 4498 autem
557 4453 595 4498 ex
619 4454 657 4498 ea
680 4453 714 4495 rc
733 4451 834 4515 genus
853 4428 1013 4515 quoddam
1032 4425 1306 4512 interpolationis,
