3166 5192
578 459 823 524 -525-

117 639 232 682 πάντα
255 613 295 681 τὰ
319 613 402 682 κατά
430 614 489 694 τὰς
516 611 684 699 άνατομάς
706 615 894 703 φαινόμενα
918 617 972 684 καὶ
1000 615 1133 702 πρῶτόν
1156 643 1191 703 γε
1214 618 1269 685 καὶ

114 721 279 808 μέγιστον
311 718 331 807 ἡ
362 720 526 808 κάθαρσις
558 725 625 790 τῶν
652 721 908 809 περιττωμάτων
939 726 1000 790 τοῦ
1029 727 1177 808 αἵματος.
1225 720 1271 803 ῶς

113 826 187 914 γὰρ
207 829 513 917 σνμπεπληρωμένῃ
537 831 576 917 τῇ
596 832 657 896 τοῦ
680 833 788 916 χυμοῦ
811 831 936 915 γενέσει
961 827 1075 898 καὶτὸ
1100 833 1270 916 προσῆκον

113 931 212 1013 εἶδος
235 933 354 1024 ἐχούσῃ
382 931 628 1020 παρεσκεύασεν
657 931 677 1021 ἡ
706 935 806 1020 φύσις
834 934 962 1023 ὄργανα
989 934 1175 1024 καθαρτικὰ
1203 940 1271 1004 τῶν

112 1039 386 1127 περιττωμάτων,
406 1038 552 1127 νεφροὺς
566 1041 620 1110 κοιλ
640 1045 768 1128 σπλῆνα
787 1043 842 1110 καὶ
856 1041 918 1130 τὴν
937 1042 1123 1130 χοληδόχον
1141 1041 1297 1126 κύστεων

113 1143 202 1216 οὐδὲ
226 1152 317 1214 ἐστιν
340 1145 421 1216 ἄλλο
444 1149 603 1236 τέταρτον
627 1145 705 1216 ούδέ
730 1151 903 1236 ἐπινοῆσαι
927 1157 1095 1236 καθαῖρον
1117 1147 1270 1235 περιττῶ-

112 1279 208 1342 ματα
231 1257 358 1340 τροφῆς
376 1249 396 1339 ἢ
416 1251 496 1340 ὕλης
516 1251 718 1341 ἡστινοσοῦν
736 1252 800 1323 ὑπὸ
824 1259 955 1343 θερμοῦ
973 1256 1270 1344 μεταβαλλομένρς,

112 1359 205 1428 άλλδι
231 1359 272 1427 τά
302 1368 437 1428 πλεῖστα
460 1367 535 1446 τρία
563 1360 623 1428 τὸν
651 1350 800 1449 άριθμόν
828 1363 905 1430 ἐστι.
954 1363 1046 1430 τουτί
1075 1361 1138 1448 γάρ
1166 1364 1270 1430 δέδει-

112 1473 199 1536 κταί
218 1493 274 1554 μοι
299 1471 355 1535 διὰ
379 1467 501 1553 ἐτέρων
524 1466 589 1554 ἤδη
613 1472 846 1554 πραγματειῶν
869 1461 971 1548 αὖθίς
996 1495 1031 1536 τε
1060 1468 1270 1556 δειχθήσεται

112 1571 203 1642 κατά
231 1572 293 1660 τὴν
321 1575 507 1642 ἐνεστῶσαν
542 1575 593 1642 ἐπὶ
626 1574 805 1662 προήκοντι
836 1579 880 1667 τῷ
913 1575 1001 1666 λόγῳ
1028 1581 1269 1662 πραγματείαν·
1285 1599 1310 1636 10

114 1681 199 1750 νυνὶ
230 1679 265 1748 δὲ
294 1689 420 1767 είρηται
448 1681 524 1768 μέν,
552 1677 597 1760 ῶς
624 1681 729 1768 μηδὲν
756 1687 824 1750 τῶν
857 1679 997 1768 ἀληθῶν
1023 1689 1269 1770 παραλείποιτο,

112 1793 177 1875 τῆς
201 1787 238 1855 δὲ
267 1788 300 1868 ἐξ
328 1783 434 1855 αὐτοῦ
461 1794 599 1868 πίστεως
627 1785 729 1856 οὐδὲν
756 1792 811 1856 δεῖ
834 1804 904 1869 τοῖς
930 1793 1106 1876 παροῦσιν.
1151 1786 1269 1877 ὁμολο-

113 1910 225 1982 γεῖται
250 1892 313 1982 γάρ
344 1891 419 1980 ἥτε
441 1898 510 1964 τῶν
537 1899 673 1981 νεφρῶν
697 1897 845 1982 ἐνέργεια
868 1877 924 1964 καὶ
954 1893 974 1983 ἡ
1002 1900 1060 1982 τῆς
1082 1895 1269 1984 χοληδόχον

113 2002 264 2080 κύστεως
295 2003 507 2086 ἐκκαθαίρειν
539 2001 576 2068 τὸ
606 1997 695 2089 αἷμα.
747 2003 829 2071 κατὰ
857 2003 893 2070 δέ
925 2001 987 2090 τὴν
1019 2007 1162 2089 καρδίαν
1192 2001 1268 2071 οὔτε
1284 2024 1308 2062 ¹⁴

114 2107 202 2176 ἄλλο
225 2133 254 2174 τι
279 2106 486 2194 καθαρτικὸν
515 2106 663 2195 ὄργανον
686 2105 706 2196 ἡ
730 2109 832 2196 φύσις
859 2111 1014 2196 ἐποίησεν
1038 2111 1043 2198 Ι
1064 2107 1140 2178 οὔτε
1163 2108 1266 2178 ἄλλον
1277 2125 1331 2182 tt?

174 2245 262 2252 ..qn—‹-

154 2307 256 2373 tpost
274 2304 330 2356 τῶν
348 2298 564 2372 περιττωμάτων
582 2303 668 2358 verba
691 2304 756 2358 inde
781 2321 798 2358 a
820 2305 869 2359 τοῦ
896 2305 1014 2376 αἵματος
1038 2307 1074 2372 (v.
1095 2310 1121 2370 δ)
1146 2307 1267 2375 repetitu

115 2377 187 2429 sunt
210 2375 238 2428 in
262 2375 302 2440 M3
331 2374 365 2428 cf.
389 2373 474 2428 Proll.
498 2391 525 2443 p.
552 2381 610 2428 111.
637 2407 667 2414 -
697 2381 713 2431 6
744 2371 894 2443 ἐπινοῆσαι
917 2378 1076 2444 περίττωμα
1101 2377 1178 2431 codd.
1203 2377 1265 2431 edd.

115 2445 192 2502 ἐπιν.
218 2449 360 2512 καθαῖρον
383 2443 578 2514 περιττώματα
601 2463 659 2500 nos.
689 2479 719 2486 —
749 2453 765 2500 θ
791 2441 855 2500 ἐκεῖ
877 2463 928 2516 pro
952 2465 998 2516 μοι
1022 2447 1050 2500 M
1058 2449 1092 2510 A;
1122 2447 1155 2502 cf.
1180 2447 1266 2500 Proll.

114 2538 142 2588 p.
160 2525 204 2572 40.
227 2549 256 2556 -
282 2526 312 2570 10
331 2514 491 2584 repositione
507 2517 543 2571 M.
564 2549 594 2556 —
620 2525 648 2570 11
670 2517 722 2586 μέκ
741 2533 794 2571 om.
809 2517 845 2571 Μ.
866 2549 900 2558 —-
919 2521 1105 2585 παραλίποιτο
1125 2523 1145 2584 (ι
1164 2518 1192 2572 in
1211 2535 1266 2572 ras.

115 2591 155 2656 M)
177 2587 319 2643 MABCh.
339 2619 371 2628 —
398 2595 430 2642 14
451 2583 637 2656 ἐκκαθαίρειν
656 2609 671 2640 τ
695 2591 766 2658 spat.
790 2606 847 2644 vac.
872 2593 935 2644 octo
960 2588 1116 2644 litterarum
1141 2585 1214 2644 κατά
1233 2587 1264 2643 δὲ

114 2661 154 2716 Μ.
177 2693 207 2700 -
232 2667 264 2714 15
283 2656 461 2728 καθαρτικὸν
480 2661 552 2729 apat.
571 2675 630 2713 vac.
651 2677 750 2714 novem
769 2661 854 2716 litter.
873 2655 891 2728 ἡ
911 2655 996 2728 φύσις
1014 2659 1051 2714 Μ.
1072 2691 1105 2699 -

114 2859 298 2924 inferiores.
344 2857 444 2922 Cuius
467 2859 515 2922 rei
539 2864 731 2944 argumento
755 2864 831 2925 sunt
854 2883 927 2926 cum
952 2859 1017 2926 alia
1040 2861 1159 2947 omnia,
1182 2883 1265 2947 quae

114 2991 154 3034 ex
178 2967 293 3032 incisis
313 2965 502 3049 corporibus
522 2966 696 3032 manifesta
720 2971 804 3050 sunt,
827 2971 897 3032 tum
916 2967 1089 3052 praecipue
1113 2968 1155 3052 id,
1179 2969 1263 3052 quod

113 3073 350 3162 gravissimum
370 3075 428 3156 est,
452 3077 727 3138 excrementorum
748 3075 917 3160 sanguinis
940 3075 1102 3160 purgatio.
1138 3073 1266 3138 Natura

114 3183 204 3247 enim
237 3185 406 3266 tamquam
443 3180 605 3265 perfectae
643 3181 788 3248 humoris
825 3180 1028 3267 generationi
1061 3181 1264 3264 speciemque

114 3287 362 3355 convenientem
391 3287 527 3372 adeptae
554 3289 784 3370 instrumenta,
810 3309 893 3371 quae
921 3291 1125 3352 excrementa
1153 3307 1266 3368 expur-

114 3397 243 3480 garent,
266 3395 483 3478 praeparavit,
506 3417 608 3478 renes,
631 3395 748 3459 lienem
771 3392 921 3478 fellisque
949 3393 1159 3477 receptricem
1182 3392 1264 3456 vesi·

115 3523 189 3564 cam
223 3521 259 3564 ac
293 3505 444 3585 quartum
473 3501 562 3566 aliud
592 3523 632 3566 ne
670 3500 855 3588 excogitare
889 3499 1019 3584 quidem
1055 3499 1142 3582 licet,
1179 3497 1263 3584 quod

115 3611 277 3690 expurget
300 3602 504 3672 excrementa
527 3606 592 3672 cibi
616 3609 672 3670 aut
695 3606 852 3671 materiae
875 3607 1116 3692 qualiscunque,
1139 3627 1220 3690 quae
1244 3627 1264 3669 a

115 3712 226 3778 calore
250 3713 448 3795 immutetur,
472 3715 526 3777 scd
551 3713 590 3777 ad
614 3735 776 3778 summum
800 3713 864 3776 tria
886 3733 1021 3777 numero
1045 3715 1129 3776 sunt.
1171 3711 1262 3788 Quod

116 3822 150 3884 et
173 3819 209 3883 in
232 3819 306 3884 aliis
335 3820 400 3885 iam
429 3821 582 3905 operibus
611 3841 704 3883 ame
728 3819 985 3884 demonstratum
1014 3823 1064 3883 est
1093 3822 1125 3880 et
1152 3839 1262 3881 rursus

115 3926 150 3990 in
183 3923 246 3988 hoc
277 3948 373 4010 opere
410 3926 602 4010 procedente
635 3925 854 4008 disputatione
887 3924 1174 4008 demonstrabitur3
1207 3923 1263 3987 sed

115 4053 201 4096 nunc
226 4030 434 4115 dictumest,
462 4055 502 4096 ne
530 4031 606 4117 quid
630 4031 696 4095 veri
721 4031 986 4115 praetermissum
1009 4031 1169 4114 videatur,
1196 4049 1264 4094 non

116 4139 194 4222 quia
218 4139 258 4202 ad
281 4143 484 4222 praesentem
508 4160 576 4202 rem
604 4137 806 4222 probandam
829 4138 1004 4225 quidquam
1027 4135 1136 4201 faciat
1181 4134 1262 4201 Con-

116 4249 184 4309 stat
215 4244 300 4310 enim
329 4267 441 4311 renum
470 4249 503 4308 et
534 4245 620 4308 fellis
651 4244 846 4328 receptaculi
875 4244 1040 4308 functione
1070 4243 1260 4328 sanguinem

116 4352 299 4434 expurgari.
345 4354 390 4418 At
416 4353 451 4418 in
474 4351 568 4418 corde
590 4373 693 4434 neque
718 4351 804 4415 aliud
828 4351 1078 4414 instrumentum
1107 4353 1261 4434 purgato-

117 4458 201 4520 rium
232 4463 350 4524 natura
377 4459 538 4524 fabricata
561 4463 611 4522 est
637 4479 740 4540 neque
769 4457 938 4522 humorem
967 4456 1074 4542 ipsum
1097 4455 1259 4520 diversum
