3264 5136
781 391 1001 455 ..60-

318 577 381 638 γον
403 549 453 639 μὴ
477 553 576 634 δεῖν,
599 543 829 638 ἀντιπράττειν
852 546 968 636 οἶμαί
987 568 1029 616 σε
1053 543 1114 616 obn
1137 542 1181 616 ἀν
1203 575 1237 634 φ.
1257 548 1306 638 (M
1328 573 1394 618 non
1412 553 1467 618 αί-

318 661 458 744 ροῦντα,
482 661 537 726 sed
561 659 750 746 αἱροῦντος,
778 659 864 725 idem
886 655 932 744 μὴ
956 660 1044 741 δεῖν,
1074 682 1105 724 τι
1129 655 1285 745 πράττειν
1308 654 1404 744 οἶμαί
1428 677 1468 725 σε

317 767 440 856 habet).
475 767 548 835 Ηοο
570 768 671 854 igitur
693 767 790 832 modo
813 769 937 832 textum
955 764 1013 831 Oh.
1032 765 1156 850 passim
1175 767 1322 852 eorrupit
1339 769 1373 832 et
1391 789 1469 833 eum

318 879 447 942 secutus
471 875 640 941 Kuehnius
664 877 722 940 est.

406 982 553 1068 Denique
576 983 609 1047 id
636 1003 761 1066 quoque
785 979 963 1045 notandum
986 981 1050 1064 est,
1077 981 1162 1064 quod
1189 981 1355 1046 nonnullis
1383 983 1469 1048 loeis
1508 1059 1518 1080 ι

317 1091 418 1155 verba
445 1089 529 1154 mule
553 1087 734 1154 collocavit.
781 1086 880 1151 Velut
902 1109 932 1170 p.
956 1086 1022 1152 355
1045 1087 1127 1150 med.
1151 1087 1252 1152 edidit
1275 1084 1378 1173 ἐχρῆν
1401 1086 1468 1175 γὰρ

318 1190 423 1262 αὐτὸν
449 1193 507 1282 (sa.
534 1191 594 1260 τὸν
621 1190 832 1280 Χρύσιππον)
859 1185 879 1276 ἢ
907 1187 985 1276 μηδ’
1011 1188 1097 1269 ὅλως
1123 1181 1233 1277 ἧφθαι
1260 1196 1322 1260 τοῦ
1348 1191 1469 1280 μύθου

317 1301 423 1388 μηδέν
445 1297 475 1387 γ’
501 1296 684 1386 ἀναγκαῖον
708 1303 842 1384 ἔχοντος
864 1292 962 1384 ἀνδρὶ
989 1295 1165 1388 φιλοσόφῳ
1188 1295 1272 1384 πρὸς
1293 1295 1469 1382 ἀπόδειξιν

318 1407 483 1495 δόγματος
504 1403 525 1495 ἢ
544 1402 746 1494 ἀπτόμενον,
770 1402 851 1492 ὅπερ
873 1395 916 1490 ἦν
933 1401 1075 1489 μάλιστα
1093 1405 1155 1491 τὴν
1172 1402 1367 1492 ἀντιλογίαν
1385 1426 1468 1475 συν-

318 1516 410 1602 έχον,
438 1512 581 1603 ἀκριβῶς
603 1510 735 1580 ἅπασαν
758 1512 921 1594 ἐξελθεῖν,
948 1509 1010 1576 καὶ
1034 1515 1070 1578 εί
1094 1512 1141 1600 (εί
1163 1511 1218 1579 καὶ
1242 1513 1352 1600 ΜΑΒ)
1375 1521 1469 1582 πλει-

317 1621 409 1690 όνων
432 1627 542 1710 ἔχρῃζε
565 1618 691 1704 λόγων,
714 1613 776 1685 οὐκ
798 1613 987 1703 ὀκνήσαντα
1005 1615 1084 1696 τοὺς
1101 1616 1246 1698 πολλοὺς
1263 1619 1470 1708 συγγράψαι.

317 1730 431 1816 ltaque
454 1730 577 1796 malum
600 1727 687 1792 malo
711 1726 814 1811 auxit,
841 1727 1017 1792 nonenim
1046 1728 1077 1792 εί
1097 1725 1151 1792 καὶ
1175 1729 1378 1814 tentandum,
1407 1733 1467 1798 sed

317 1833 449 1903 ἅπασαν
463 1835 610 1916 ἐξελθεῖν
624 1833 850 1919 corrigendum
864 1833 929 1898 fuit
943 1834 1223 1920 seribendumque:
1242 1829 1344 1902 ἀιιαν
1362 1837 1467 1918 διεξ-

318 1948 452 2008 ελθεῖν
473 1943 537 2008 hoe
559 1963 667 2006 sensu:
696 1939 831 2006 ‘decebat
847 1938 1054 2023 Ctaerysippem
1076 1942 1122 2006 vel
1140 1943 1318 2024 ιιεαίαγααιιι
1336 1947 1467 2011 omnino

316 2050 456 2132 fabulam
485 2049 633 2132 attinpere
659 2049 703 2114 od
730 2049 881 2114 ἀεαιλιιαι
907 2047 1035 2130 aliquod
1058 2048 1256 2130 probandum
1285 2049 1467 2134 philosopho

317 2178 380 2222 ιιοιι
395 2157 604 2254 ,αεοοεοονιααι
626 2155 683 2235 ναί,
710 2157 739 2222 si
761 2156 931 2237 attinperet,
958 2155 1109 2237 qeeedqoid
1133 2157 1268 2220 ιαααίιιιο
1289 2179 1467 2240 relinquan-

318 2266 395 2328 tiom
414 2262 522 2328 babeo
544 2264 706 2346 vederetur,
728 2263 902 2328 ααοιααίίαο
918 2262 1075 2345 persequi,
1097 2263 1219 2329 ολαιαιεί
1235 2265 1343 2330 anubis
1364 2265 1466 2332 serbis

316 2393 391 2454 opus
412 2377 497 2454 esset,
526 2371 625 2436 molto
647 2369 815 2434 adscribere
837 2389 899 2434 ιιοιι
920 2367 1129 2434 dubitantem?
1174 2367 1209 2433 P.
1232 2371 1298 2436 448
1322 2373 1382 2438 sub
1406 2375 1463 2440 lin.

318 2476 369 2544 ἐπὶ
392 2473 541 2563 μὲνγὰρ
567 2477 628 2543 τοῦ
655 2471 806 2560 σώματος
833 2468 976 2558 ἀκριβῶς
1003 2468 1086 2540 αὐτὰ
1114 2475 1293 2559 διωρίσατο
1315 2473 1379 2563 τὴν
1399 2475 1467 2563 μὲν

317 2579 448 2668 ὑγίειαν
469 2584 547 2648 τῶν
569 2585 778 2666 στοιχείων
797 2581 837 2646 ἐν
856 2585 1072 2669 συμμετρίᾳ
1089 2578 1247 2666 θέμενος,
1270 2579 1308 2649 τὸ
1328 2581 1364 2650 db
1384 2581 1465 2650 κάλ-

316 2695 375 2766 λος
401 2689 438 2755 ἐν
459 2691 499 2776 τῇ
525 2687 594 2754 τῶν
619 2689 757 2772 μορίων.
800 2687 894 2754 Nihil
921 2711 1037 2754 causae
1064 2688 1141 2773 fuit,
1168 2711 1225 2755 eur
1253 2711 1273 2753 a
1300 2692 1465 2776 scriptura

316 2797 439 2860 tradita
461 2795 624 2860 recederet
647 2792 688 2857 ἐν
710 2793 754 2878 τῇ
777 2793 853 2860 τῶν
875 2799 1080 2880 στοιχείων
1103 2799 1331 2884 συμμετρίᾳ.

405 2899 543 2968 Possum
561 2900 666 2966 multa
685 2900 751 2965 alia
765 2901 912 2984 exempla
926 2903 1052 2986 afferre,
1072 2903 1233 2988 equibus,
1256 2924 1321 2989 qua
1334 2903 1462 2969 ratione

316 3009 350 3074 in
368 3007 570 3073 recensendis
589 3007 696 3090 libris,
718 3007 758 3071 de
777 3007 893 3091 quibus
912 3009 1111 3092 quaerimus,
1133 3013 1282 3074 versatus
1301 3010 1346 3076 sit
1361 3008 1462 3075 Char·

315 3115 429 3198 terius,
452 3113 674 3199 intellegatur3
703 3113 771 3198 sed,
799 3136 880 3197 quae
909 3115 1091 3198 attulimus,
1119 3117 1200 3180 satis
1227 3139 1386 3202 superque
1408 3117 1462 3182 de-

315 3223 441 3288 clarant
470 3243 543 3286 eum
574 3221 761 3285 emendasse
791 3221 920 3304 quidem
950 3223 1067 3305 multa,
1099 3222 1155 3286 sed
1187 3222 1323 3288 eundem
1356 3222 1462 3288 multa

314 3329 516 3414 depravasse.
560 3326 813 3410 Depravationis
838 3331 946 3392 autem
974 3351 1072 3394 eausa
1099 3329 1257 3412 primaria
1285 3329 1365 3394 haee
1389 3351 1460 3394 esse

315 3435 454 3520 videtur,
481 3435 567 3521 quod
591 3433 736 3500 omnium
759 3455 895 3516 operum
919 3433 1048 3518 Galeni,
1076 3458 1158 3520 quae
1181 3437 1323 3518 exstant,
1346 3435 1460 3502 editio·

313 3563 388 3606 nem
418 3545 591 3626 paraturus
624 3540 658 3604 in
688 3539 825 3626 singulis
857 3561 923 3605 non
952 3541 1090 3606 multum
1123 3564 1241 3627 operae
1271 3541 1460 3626 laborisque

315 3649 505 3729 consumsit,
529 3647 583 3712 sed
607 3647 648 3711 iis
673 3649 776 3710 artem
800 3647 947 3711 criticam
970 3647 1179 3714 festinatione
1203 3649 1343 3734 quodam
1367 3669 1459 3733 prae·

312 3775 451 3838 propera
472 3753 629 3818 adhibuit.

401 3857 441 3924 In
464 3859 598 3924 eandem
620 3859 905 3943 reprehensionem
928 3859 1064 3926 incurrit
1086 3862 1126 3944 is,
1149 3861 1205 3947 qui
1228 3863 1305 3946 post
1323 3859 1459 3928 Charta·

314 3967 399 4033 rium
421 3965 524 4031 libros
547 3965 586 4029 de
609 3964 744 4030 Placitis
768 3965 881 4048 edidit,
906 3963 942 4029 G.
966 3961 1001 4030 Ο.
1024 3965 1231 4060 KQnius.
1276 3967 1309 4032 Is
1333 3989 1461 4054 quoque

314 4073 464 4139 immensi
486 4071 609 4137 laboris
634 4093 715 4154 opus
737 4091 950 4156 aggressurus
970 4069 1045 4136 illos
1069 4077 1137 4136 tam
1159 4072 1353 4138 festinanter
1375 4079 1460 4140 trae·

316 4181 413 4264 tavit,
443 4185 479 4244 ut
507 4201 574 4244 non
603 4176 838 4263 percensuisse,
866 4177 923 4240 sed
953 4178 1139 4262 pervolasse
1169 4179 1324 4244 videatur.
1373 4179 1461 4246 Nam

315 4285 437 4351 nullius
461 4284 581 4351 codicis
606 4283 815 4350 firndaunento
840 4305 932 4367 usus,
958 4285 1048 4350 totus
1072 4307 1109 4350 ex
1133 4285 1274 4352 editione
1298 4281 1462 4350 Charterii

314 4391 457 4476 pendens
486 4413 527 4458 ne
557 4393 704 4478 inspectu
734 4389 862 4478 quidem
890 4389 1071 4458 Basileensi
1102 4394 1159 4460 aut
1189 4391 1308 4458 Aldina
1335 4391 1461 4480 passim
