3444 5140
685 418 728 429 -
775 381 838 446 713
869 418 927 456 ,-

230 536 450 625 βονλόμενος,
483 535 533 607 ὅτι
562 536 618 607 διδι
645 537 708 626 τὴν
733 541 796 607 τοῦ
826 536 930 624 πυρὸς
956 537 1047 624 μίξιν
1075 535 1140 606 σὺν
1165 551 1237 618 τοῖς
1264 535 1378 618 ἄλλοις

230 651 404 732 στοιχείοις
426 642 447 731 ἡ
471 644 554 734 πρὸς
576 643 616 714 τδι
641 645 732 725 ἐκτὸς
756 645 791 712 ἐκ
813 647 874 712 τοῦ
896 643 1027 730 βάθους
1055 642 1145 732 φορὰ
1168 649 1296 732 γίνεται
1319 649 1378 734 τῆς

230 747 311 818 κατὰ
334 747 371 818 τὸ
396 755 490 839 σῶμα
513 757 705 841 θερμασίας.
751 757 905 838 φαίνεται
928 753 1013 838 γοῦν
1036 775 1115 819 ποτε
1138 751 1193 819 καὶ
1216 760 1377 841 μεταλαμ-

228 857 344 944 βάνων
367 853 467 937 αὐτὸς
490 863 537 938 είς
558 859 621 948 τὴν
643 863 704 928 τοῦ
726 861 857 947 θερμοῦ
875 863 1106 946 προσηγορίαν
1127 856 1164 926 τὸ
1188 862 1249 927 τοῦ
1272 858 1378 948 πυρὸς

228 962 352 1050 ὄνομα,
382 965 535 1054 καθάπερ
562 967 616 1034 καὶ
645 965 726 1034 κατὰ
753 967 855 1054 τήνδε
878 965 941 1052 τὴν
963 966 1074 1052 ῥῆσιν·
1103 963 1155 1033 ετὸ
1179 965 1310 1053 θερμὸν
1332 964 1403 1054 δὴῠ

229 1070 321 1139 εκατὰ
351 1071 457 1158 φύσιν
485 1077 532 1152 είς
565 1072 628 1160 τὴν
661 1073 782 1141 ἑαυτοῦ
815 1070 927 1160 χώραν
956 1073 1016 1154 ἔξω
1048 1070 1131 1158 πρὸς
1156 1071 1193 1140 τὸ
1223 1073 1377 1159 ξυγγενὲς

229 1175 466 1266 “δμολογητεόν
489 1180 596 1248 ίίναι.’
641 1178 772 1258 τούτοις
796 1177 832 1246 δὲ
856 1175 1014 1265 ὁμολογεῖ
1033 1179 1089 1246 καὶ
1111 1178 1203 1247 τάδε·
1227 1181 1297 1247 ‘nal
1320 1180 1377 1248 διὰ

229 1287 343 1353 (ταῦτα
366 1284 409 1373 δὴ
432 1283 512 1353 καθ’
538 1285 619 1354 ὅλον
647 1285 684 1353 τὸ
709 1288 803 1372 σῶμα
827 1282 929 1352 ἅπασι
952 1299 1022 1364 τοῖς
1045 1283 1140 1377 ζῴοις
1161 1285 1201 1353 τδι
1224 1290 1281 1373 τῆς
1303 1312 1377 1374 τρο-

229 1394 306 1479 *φῆς
334 1391 464 1479 νάματα
492 1391 597 1472 οὕτως
624 1394 783 1481 ἐπίρρυτα
811 1391 936 1478 γέγονε.
987 1390 1149 1479 νεότμητα
1173 1392 1210 1460 δὲ
1233 1394 1287 1461 καὶ
1311 1390 1376 1463 ιἰπὸ

229 1501 412 1584 ’ξυγγενῶν
434 1497 516 1567 ὄντα
543 1498 583 1567 τδι
606 1499 667 1588 μὲν
691 1509 842 1586 καρπῶν,
865 1496 905 1565 τὰ
930 1496 966 1564 δὲ
989 1500 1101 1586 χλόης,
1129 1494 1150 1566 δ
1178 1496 1195 1567 ὁ
1220 1499 1301 1582 θεὸς
1324 1497 1375 1569 ἐπ’
1393 1521 1418 1561 1⁰

229 1603 322 1673 ‘auito
351 1611 450 1674 τοῦτο
479 1604 560 1695 ἡμῖν
590 1607 771 1694 ἐφύτευσεν
799 1604 884 1674 εἶναι
913 1603 1059 1693 τροφήν,
1092 1605 1288 1675 παντοδαπὰ
1316 1605 1378 1696 μὲν

229 1714 396 1800 ’χρώματα
421 1721 503 1800 ίσχει
528 1711 584 1780 διὰ
608 1711 672 1801 τὴν
697 1715 863 1801 ξύμμιξιν·
892 1710 911 1799 ἡ
937 1709 968 1780 δ’
994 1711 1122 1800 ἐρυθρὰ
1144 1720 1279 1800 πλείστη
1303 1715 1377 1802 περὶ

229 1815 323 1887 εαὐτὸ
347 1822 430 1906 χρόα
454 1819 592 1909 διαθεῑΙ
613 1819 669 1888 διὰ
692 1824 750 1907 τῆς
772 1823 834 1888 τοῦ
856 1819 962 1908 πυρὸς
984 1824 1086 1909 τομῆς
1108 1847 1142 1888 τε
1165 1819 1219 1886 καὶ
1244 1818 1442 1908 {gepito-707

230 1928 322 2007 εξεως
346 1926 383 1994 ἐν
405 1924 496 2017 ὑγρῷ
522 1926 851 2015 δεδημιουργημένης
873 1927 1021 2014 φύσεως,
1044 1925 1128 1995 ὅθεν
1149 1930 1210 1995 τοῦ
1233 1925 1315 1995 κατὰ
1339 1929 1376 1997 τὸ

230 2036 335 2120 ’σῶμα
358 2033 494 2121 δέοντος
522 2032 570 2101 τὸ·
588 2037 704 2122 χρῶμα
732 2039 827 2122 ἔσχεν
856 2037 932 2102 οἵαν
960 2031 1041 2116 ὄψιν
1064 2033 1327 2123 διεληλύθαμεν,
1359 2033 1418 2103 o'u

265 2205 293 2322 17
295 2198 376 2322 giga
396 2193 428 2251 ἐν
447 2201 505 2321 ἑοῖς
519 2195 624 2322 erlA'Bl
644 2196 678 2278 cl.
697 2195 782 2250 Proll.
802 2202 939 2321 pallul—
959 2189 1157 2322 ὁὸχόἕὲρμδν
1175 2216 1200 2321 χ.
1220 2215 1243 2280 τς
1261 2195 1376 2322 λΒΙΤὶιὲ.

229 2287 262 2380 ἓ
292 2335 343 2407 τὴν
358 2311 415 2425 'pris
440 2287 546 2407 τρδηδῆς
567 2285 710 2422 §.fu—m}
726 2287 853 2408 ’luliaco
868 2285 972 2426 Mp—
1003 2307 1151 2424 γργονένιχι
1174 2285 1318 2423 llllllllli.
1344 2309 1377 2376 -Ι

229 2410 751 2566 l{assuescamus
764 2407 1140 2549 :munuum
1157 2403 1375 2535 cnssntul

230 2549 403 2623 ἓξομόρσεως
421 2551 458 2608 Μ.
484 2584 516 2592 -
544 2559 577 2607 14
594 2571 689 2621 cypero
707 2553 745 2609 Μ.
770 2583 803 2592 -
830 2559 863 2607 15
881 2552 959 2622 χῶμα
980 2551 1012 2606 Α,
1036 2581 1071 2592 -
1095 2547 1126 2605 τὸ
1147 2583 1179 2590 -
1200 2547 1266 2620 δέον
1284 2551 1322 2606 M.
1342 2583 1374 2591 -

228 2618 246 2679 δ
266 2624 315 2678 καὶ
333 2624 476 2694 καλοῦμεν
495 2624 575 2680 οοδδ.
595 2623 656 2679 edd.
679 2654 710 2664 -

231 2790 318 2874 iguis
342 2811 416 2854 cum
435 2787 550 2852 ceteris
569 2787 738 2852 elementis
757 2787 914 2853 mixtione
937 2788 1089 2872 calorem,
1111 2787 1167 2873 qui
1190 2787 1225 2853 in
1243 2809 1378 2873 corpore

229 2899 288 2980 est,
313 2917 350 2960 ex
374 2895 500 2960 intimis
524 2894 699 2959 exteriores
729 2897 839 2979 partes
867 2897 985 2979 petere.
1030 2893 1106 2978 Ipse
1134 2893 1262 2979 quidem
1291 2895 1378 2980 ignis

228 3025 346 3069 nomen
370 3002 412 3066 ad
440 3001 536 3066 calidi
565 3000 817 3085 appellationem
847 3001 1010 3065 interdum
1038 2999 1214 3065 transferre
1243 3000 1378 3084 videtur,

229 3109 318 3175 velut
347 3107 410 3174 hoc
437 3107 524 3173 loco:
571 3105 763 3172 ‘Calidum
788 3129 878 3171 vero
907 3107 1114 3178 secuudum
1137 3109 1316 3171 naturam
1339 3107 1377 3172 in

229 3239 336 3282 suam
355 3215 557 3299 regionem
576 3215 621 3279 sd
640 3217 845 3299 cognatum
866 3214 970 3300 exire
990 3212 1271 3279 concedendum
1296 3213 1377 3279 cst'

228 3322 291 3388 His
315 3321 524 3387 consentiunt
546 3321 645 3386 etiam
669 3321 742 3385 illa:
789 3319 932 3406 ‘Atque
956 3321 1003 3386 ob
1030 3341 1108 3386 cam
1132 3342 1286 3386 causam
1309 3343 1378 3404 per

228 3433 353 3496 totum
382 3450 521 3512 corpus
550 3427 787 3492 animalibus
818 3429 998 3494 omnibus
1028 3426 1302 3493 alimentorum
1331 3426 1376 3492 li-

228 3557 370 3622 quores
404 3535 459 3600 sic
496 3534 615 3600 facile
652 3533 916 3599 affundnntur.
976 3533 1047 3610 Qui
1085 3556 1167 3598 cum
1204 3533 1377 3600 sectione

228 3643 384 3709 recenti
408 3641 637 3707 exstiterint
659 3664 679 3705 a
702 3641 960 3725 cognatisque
989 3641 1071 3705 s'int
1098 3640 1268 3725 profecti
1292 3662 1372 3725 par·

228 3751 298 3815 tim
321 3749 531 3833 fructibus
554 3747 700 3832 partim
718 3746 865 3829 herbis,
889 3770 984 3832 quae
1007 3748 1098 3812 deus
1118 3747 1166 3813 ob
1190 3747 1227 3811 id
1252 3747 1377 3831 ipsum

228 3857 342 3922 nobis
366 3856 607 3940 procreavit,
631 3860 671 3921 ut
691 3854 880 3919 alimento
900 3858 1046 3938 essent,
1070 3855 1200 3919 varios
1224 3853 1375 3938 quidem

228 3967 392 4049 propter
430 3962 656 4028 mixtionem
699 3961 850 4026 colores
883 3961 1041 4042 habent,
1081 3962 1148 4025 sed
1185 3959 1376 4045 plurimus

126 4091 135 4106 ·
228 4071 345 4136 ruber
377 4069 568 4135 discurrit
599 4091 666 4153 per
695 4091 835 4153 corpus
869 4069 989 4150 color,
1022 4067 1130 4132 cuius
1163 4072 1303 4132 natura
1331 4067 1376 4132 ab

227 4177 334 4264 ignis
363 4177 536 4242 sectione
564 4179 601 4238 et
629 4197 688 4258 eo,
721 4175 819 4260 quod
848 4174 887 4238 in
913 4172 1070 4240 humido
1100 4197 1138 4238 se
1171 4175 1377 4257 abstersit,

228 4282 375 4348 effecta
403 4285 475 4365 est,
503 4281 602 4347 unde
631 4282 713 4345 eius
741 4281 923 4366 liquoris,
951 4280 1014 4364 qui
1042 4303 1108 4365 per
1136 4303 1276 4365 corpus
1300 4303 1376 4345 ma-

228 4393 307 4475 nat,
327 4388 436 4473 color
455 4389 552 4454 talis
571 4388 700 4454 factus
720 4391 793 4473 est,
812 4387 964 4474 qualem
984 4388 1249 4474 exposuimus,
1268 4409 1376 4476 quem
