3210 5148
585 417 827 480 -431-

130 573 337 664 εὑρμωμένης
372 575 477 660 ψυχῆς
513 573 715 661 παραφόρου
747 574 908 655 ξυνέσεως
940 575 1139 662 γιγνομένης
1176 572 1278 643 οὐδὲν

129 681 222 751 ’λκιο
253 680 341 768 silv
373 679 628 768 παραφροσύνη.
681 685 782 764 [on]
834 680 925 751 πάνυ
956 680 1018 768 μὲν
1052 673 1123 750 οὖν.
1175 684 1275 766 [τε]

131 788 254 877 ’ψυχὴν
277 785 342 876 ἄρα
364 783 510 873 άνόητον
529 785 670 874 αἰσχρὰν
692 787 747 854 καὶ
766 784 910 872 ἄμετρον
928 788 1068 856 θετέον.’
1105 786 1192 857 οὕτω
1216 787 1278 875 μὲν

131 899 168 964 έν
194 899 240 987 τῷ
269 897 422 982 Σοφιστῇ
451 891 596 960 Πλάτων
627 889 820 979 ἀπεφήνατο
848 895 903 962 καλ
935 893 1087 963 καθόλου
1113 895 1168 962 καὶ
1196 893 1279 962 κατὰ

130 1005 229 1091 μέρος
255 999 339 1090 ὑπὲρ
367 997 494 1086 ὑγιείας
520 1025 555 1067 τε
583 999 637 1068 καὶ
665 999 823 1084 κάλλους,
856 1010 993 1089 αἴσχους
1019 1027 1053 1070 τε
1079 1002 1134 1070 καὶ
1162 1000 1305 1086 νόσου,ε

131 1109 283 1178 καθόλου
305 1107 367 1195 μὲν
390 1104 586 1194 ὑπογράψας
608 1105 670 1193 τὴν
693 1111 830 1175 ἔννοιαν
853 1103 980 1192 αὐτῶν,
1003 1107 1085 1175 κατὰ
1108 1109 1207 1195 μέρος
1230 1108 1278 1192 δέ,
1308 1119 1313 1130 ’

131 1215 221 1295 ὅπως
244 1217 406 1302 ἐγγίνεται
434 1227 507 1292 ταῖς
533 1225 668 1299 ψυχαῖς,
697 1213 842 1294 διδάξας.
886 1213 945 1293 τὰς
972 1214 1009 1281 δέ
1041 1213 1143 1294 άλλας
1173 1211 1279 1283 αὐτοῦ

131 1322 244 1410 δήσεις
266 1318 328 1389 οὐκ
351 1318 465 1406 ὀλίγας
488 1317 590 1398 οὔσας
614 1321 651 1388 έν
672 1327 809 1399 πολλοῖς
831 1325 898 1390 τῶν
922 1321 1199 1410 συγγραμμάτων,
1224 1321 1276 1409 ἐνί

133 1422 183 1508 οἷς
205 1425 287 1516 ὑπὲρ
306 1425 434 1513 ὑγιείας
455 1452 489 1494 τε
512 1427 567 1493 καὶ
590 1425 742 1512 κάλλους,
761 1435 897 1514 αίσχους
918 1454 953 1496 τε
980 1429 1035 1495 καὶ
1059 1426 1165 1495 νόσου
1187 1431 1345 1514 διήλ-454

131 1547 211 1620 θεν,
239 1533 285 1603 ὀὑ
314 1561 371 1621 μοι
405 1537 498 1602 δοκεῖ
531 1536 596 1600 νῦν
628 1529 713 1600 εἶναι
749 1540 997 1623 παρατίθεσθαι
1029 1534 1157 1623 καιρός·
1194 1531 1277 1603 άλλδι
1293 1561 1319 1600 m

133 1641 274 1718 ἐπειδάν,
290 1639 373 1729 ὑπὲρ
397 1637 523 1726 ὑγιείας
544 1667 578 1708 τε
602 1642 656 1709 καλ
680 1641 793 1710 νόσων
816 1639 834 1710 ό
859 1641 958 1728 λόγος
981 1640 1061 1729 ἡμῖν
1084 1648 1278 1730 περαίνηται

133 1747 348 1818 δεικνύουσιν
372 1745 537 1826 Ιοὑσαύτως
563 1744 768 1836 Ἱπποκράτει
804 1747 865 1817 τὸν
898 1747 1064 1817 Πλάτωνα
1102 1747 1279 1835 γινεόσκειν

132 1855 214 1943 ὑπὲρ
238 1853 360 1936 αὐτῶν,
383 1855 435 1921 lut
458 1855 560 1922 πλέον
583 1856 620 1922 έν
643 1856 757 1946 ἐκείνῳ
779 1858 847 1926 τῶν
869 1855 1034 1924 τοιούτων
1057 1853 1278 1944 μνημονεύσω
1322 1851 1331 1862 ’

134 1964 273 2052 ῥήσεων.

172 2185 184 2231 1
204 2198 220 2232 ο
209 2173 382 2263 ’ρμουμίνης
398 2175 486 2230 L.-
513 2174 652 2237 συνέσεως
670 2176 756 2230 MAB
779 2177 838 2242 ξαν.
862 2175 1025 2234 ΙιΟλιΚμ-
1150 2194 1182 2232 ro
1205 2172 1278 2246 πλὴν

136 2247 260 2302 LPP.—
295 2243 382 2316 θόρ’
402 2242 604 2301 MABChK'
584 2266 642 2314 αρα
660 2246 838 2317 LP(P?).-
873 2243 965 2302 ὖὺπό
985 2196 1105 2334 ὑγιείας
1148 2198 1278 2302 Auchi(
1338 2299 1346 2316 ,

134 2339 169 2374 πε
189 2315 235 2373 l
221 2338 266 2388 ογ.
288 2319 338 2372 PP
352 2267 475 2388 ρὺπλρ
460 2338 504 2387 ογ.
531 2318 565 2385 L,
592 2317 626 2372 ol.
645 2317 730 2374 Proll.
755 2337 782 2388 p
804 2325 922 2374 104.-
950 2313 1156 2388 6άπογράψας
1183 2319 1213 2374 L.
1245 2351 1277 2359 —

135 2339 415 2456 ’λλνδιδάλωῐιμ-
439 2387 471 2444 δὲ
491 2406 545 2443 om.
569 2389 657 2442 L.-
685 2395 700 2442 8
725 2384 757 2442 έν
775 2393 887 2452 πολλοῖς
910 2391 965 2444 τῶν
990 2407 1144 2513 ηυγγραμμ.
1169 2390 1279 2476 Lpoat

133 2458 253 2524 κάλλους
272 2461 432 2527 oollooaeit·
451 2460 485 2515 of
504 2458 589 2514 Proll.
608 2477 636 2528 p.
657 2467 767 2516 118.-
792 2457 838 2523 αίς
855 2477 906 2530 pro
926 2457 1018 2522 ένολς
1036 2461 1121 2514 L.—
1145 2455 1278 2546 {lipsiae

133 2535 218 2589 P.
244 2532 497 2588 1οδοκείνΙι.-
465 2531 575 2584 -νὺν
594 2547 648 2586 om.
667 2531 756 2586 L.-
783 2539 813 2586 11
834 2551 886 2616 περ
889 2532 898 2585 l
921 2548 972 2617 prp
991 2527 1169 2618 ὑπλρΡ.-
1194 2528 1279 2587 νόσον

132 2600 361 2690 deooul'.
386 2604 559 2687 παραίνηται
577 2602 670 2656 M.-
697 2599 762 2656 12
749 2598 916 2672 ιπποκράτει
934 2597 984 2656 τόν
1002 2607 1136 2656 πλατωνα
1154 2601 1209 2658 P
1196 2623 1278 2658 ιππο-

133 2673 240 2746 κράτην
262 2670 313 2729 τόν
336 2678 379 2728 πλ.
398 2668 536 2728 LMAB
538 2669 717 2742 Ιπποκράεην
740 2675 789 2728 καλ
812 2695 835 2730 τ.
855 2677 905 2728 Πλ
926 2673 1009 2740 ΟλιΚς
1033 2675 1067 2728 ef.
1086 2674 1170 2728 Proll.
1189 2692 1217 2744 p.
1236 2681 1278 2730 69.

134 2779 168 2789 -
190 2753 222 2802 13
242 2741 429 2800 αότοῦΙπ-
450 2739 570 2806 ἐκείνοις
588 2745 666 2799 οοδδ.
686 2745 748 2800 odd.
768 2739 869 2818 ἐκείνῳ
887 2762 998 2800 nos.-
965 2745 1047 2800 -in
1065 2745 1156 2800 verbis
1174 2765 1279 2817 μνημο-

135 2813 228 2872 νεύσω
247 2814 356 2886 dolosos
375 2815 461 2872 desin.
481 2831 539 2871 exo.
558 2815 609 2870 XV
627 2816 755 2871 codicum
773 2817 830 2872 FP.
851 2847 883 2859 —-

135 2955 349 2968 ..—-—---·

134 3037 262 3103 Plane.
316 3031 410 3120 (Ηο.)
468 3032 669 3118 Ignoratio
705 3056 795 3099 vero
830 3033 931 3099 nihil
962 3034 1068 3100 aliud
1105 3040 1164 3100 est
1200 3037 1332 3102 nisi·

136 3143 332 3210 aberratio
357 3141 490 3224 animi,
520 3141 583 3226 qui
613 3140 699 3205 dum
724 3140 769 3205 ad
792 3143 1000 3206 veritatem
1024 3142 1236 3227 contendit,
1260 3164 1280 3207 s

136 3239 356 3316 seien'tiaet
374 3247 598 3334 cognitione
618 3246 783 3313 aberrat.
815 3245 931 3334 (The.)
964 3247 1153 3314 Profecto.
1184 3245 1280 3336 (Ηο.)

137 3357 314 3422 Animum
336 3357 461 3442 igitur
484 3356 647 3420 stultum
670 3358 823 3439 turpem
846 3358 883 3418 et
905 3355 1177 3422 inconcinnum
1201 3361 1278 3422 sta·

137 3465 245 3527 tuere
269 3461 397 3527 deoet'
434 3461 487 3527 Ita
509 3462 544 3526 in
562 3459 720 3545 Sophiste
736 3461 831 3527 Plato
855 3461 893 3526 de
916 3461 1059 3526 sanitate
1082 3467 1115 3526 et
1137 3462 1279 3548 pulchri·

137 3567 258 3650 tudine,
280 3569 320 3632 de
338 3569 538 3654 turpitudine
557 3572 590 3632 et
607 3569 722 3635 morbo
745 3573 814 3634 tum
833 3569 1023 3654 generatim,
1045 3573 1115 3634 tum
1133 3569 1279 3656 singilla-

136 3674 198 3740 tim
217 3675 378 3758 disseruit,
396 3675 485 3758 illud,
507 3697 581 3740 oum
598 3677 765 3742 notionem
782 3697 891 3740 rerum
909 3675 1090 3761 descripsit,
1109 3676 1179 3762 hoo,
1198 3699 1280 3762 eum,

136 3783 299 3868 quomodo
327 3783 361 3848 in
389 3782 506 3847 animis
536 3783 761 3868 gignerentur,
787 3783 905 3848 docuit.
956 3781 1087 3848 Ceteras
1112 3784 1181 3849 eius
1209 3807 1279 3849 ora-

135 3891 254 3974 tiones,
276 3912 358 3976 quae
375 3911 441 3956 non
463 3911 586 3973 paucae
610 3891 742 3955 suntin
760 3889 872 3954 multis
891 3891 959 3955 eius
982 3889 1084 3974 libris,
1106 3891 1142 3954 in
1163 3892 1280 3976 quibus

135 3997 178 4062 de
202 3997 343 4064 sanitate
367 4000 399 4060 et
422 3995 674 4081 pulchritudine,
696 3997 735 4060 de
758 3997 958 4082 turpitudine
982 4001 1015 4060 et
1037 3995 1152 4063 morbo
1174 3997 1281 4080 dispu-

135 4105 235 4190 tavit,
269 4127 335 4170 non
364 4103 446 4168 mihi
477 4103 602 4167 videtur
633 4104 667 4167 in
693 4103 880 4186 praesentia
906 4103 1059 4168 afferendi
1087 4102 1191 4188 loeus,
1225 4102 1281 4166 sed

135 4236 212 4280 oum
235 4211 274 4276 de
303 4212 443 4276 sanitate
470 4210 657 4296 morbisque
680 4209 911 4295 disputandum
937 4209 1033 4274 nobis
1057 4209 1120 4273 erit
1142 4210 1280 4293 proben-

134 4322 278 4405 dumque
306 4319 440 4382 eandem
467 4339 537 4382 esse
564 4317 776 4402 Hippocratis
804 4321 837 4381 et
864 4315 1010 4380 Platonis
1038 4315 1077 4380 de
1104 4315 1156 4380 his
1184 4315 1280 4384 rebus

134 4427 343 4510 sententiam,
365 4430 436 4490 tum
458 4425 561 4491 fusius
585 4447 639 4490 eas
662 4422 996 4490 commemorabimus.
