3166 5192
579 415 821 480 -567-

124 571 221 642 αὐτά·
244 573 281 642 τὸ
307 571 344 640 δὲ
368 573 403 639 ἐκ
425 574 483 660 τῆς
501 567 674 658 άριστεράς
696 575 823 650 κοιλίας
842 573 900 658 τῆς
917 574 1056 657 καρδίας
1075 567 1271 659 ὁρμώμενον

124 677 343 770 θερμότεξρόυ
366 704 400 746 τε
423 681 521 746 τοῦδε
545 678 599 745 καὶ
622 680 856 765 πνευματῶδες
884 680 1005 756 [noveio
1028 677 1134 771 ἐστιν,
1160 673 1205 757 ὡς
1228 672 1337 750 doen

124 784 322 874 σφυζόντων
349 782 454 854 αὐτοῦ
480 788 548 853 τῶν
575 781 729 870 άγγείωυ.
777 791 922 852 καλεῖται
958 781 994 852 δὲ
1023 780 1086 852 ὑπὸ
1116 781 1177 870 μὲν
1203 787 1271 850 τῶν

123 891 357 962 παλαιοτάτων
380 894 504 981 ίατροῖν
526 892 581 958 καὶ
609 889 809 977 φιλοσόφων
831 890 886 957 καὶ
908 890 1001 958 τουτὶ
1023 889 1061 959 τὸ
1084 892 1181 976 γένος
1203 893 1270 957 τῶν

123 996 270 1086 ἀγγείων
292 994 450 1078 ὡσαύτως
471 998 603 1088 θατέρῳ
626 998 730 1083 φλέψ,
757 994 823 1064 ὑπὸ
848 995 883 1064 δὲ
906 999 975 1064 τῶν
997 994 1108 1064 ἄλλων
1130 993 1297 1084 ἆρτηρίαῡ

124 1105 188 1193 μὲν
211 1103 248 1173 τὸ
278 1102 421 1190 σφύζου,
449 1102 486 1170 τὸ
515 1102 552 1171 δὲ
581 1102 753 1190 ἄσφυκτον
780 1103 877 1190 φλέψ.
924 1101 974 1171 ὅτι
998 1103 1035 1172 δὲ
1058 1101 1165 1182 οὕτως
1186 1099 1270 1171 niud-

123 1218 229 1300 μαζον
248 1215 284 1278 ολ
302 1216 449 1294 παλαιοί,
473 1209 635 1278 δέδεικται
659 1209 720 1298 μὲν
739 1208 802 1297 ἤδη
825 1216 961 1290 πολλοῖς
983 1213 1051 1278 τῶν
1069 1215 1271 1298 ἔμπροσθεν,
1348 1263 1358 1286 ,

124 1319 343 1388 ἐπιδέδεικται
372 1315 408 1384 δὲ
432 1316 486 1383 καὶ
514 1313 597 1404 πρὸς
619 1313 715 1404 ἡμῶν
742 1316 893 1404 ἑτέρωθι.
937 1318 1014 1384 νυνὶ
1043 1315 1080 1384 δὲ
1107 1319 1269 1385 τοσοῦτον

124 1423 244 1510 μόνον,
268 1421 351 1492 ὅσον
375 1427 422 1502 είς
443 1420 483 1490 τὰ
507 1421 656 1510 παρόντα
679 1420 853 1509 χρήσιμον,
875 1419 1067 1509 ὑπομνήσω.
1107 1425 1165 1510 τῆς
1187 1421 1269 1490 κατὰ

123 1528 185 1598 τδν
217 1528 352 1616 άγκῶνα
384 1529 438 1596 καὶ
475 1527 616 1615 μάλιστα
648 1527 709 1596 τὸυ
741 1524 916 1616 ἀριστερὸν
946 1525 1104 1616 άρτηρίας
1135 1527 1216 1598 ὅταν
1248 1525 1309 1616 ἡιο

124 1643 255 1724 κίνησις
285 1637 321 1703 ἐκ
353 1639 486 1721 γενετῆς
518 1631 647 1724 ὑπάρχῃ
679 1633 791 1720 ταχεῖά
822 1661 856 1702 τε
888 1634 956 1724 ἅμα
983 1637 1038 1704 καὶ
1065 1635 1268 1724 μεγάλακαὶ

125 1742 271 1830 εὔτονος,
295 1739 437 1830 ἰσχυράν
455 1739 516 1829 μὲν
535 1742 742 1810 ἐνδείκνυται
765 1739 827 1827 τὴν
846 1741 883 1808 ἐν
905 1745 945 1830 τῇ
963 1747 1084 1833 καρδίᾳ
1102 1747 1268 1830 θυμοειδῆ

125 1849 288 1938 δύναμιν,
312 1846 455 1936 άκμαῑου
479 1847 515 1916 δὲ
538 1849 593 1916 καλ
618 1849 691 1930 ζέον
714 1845 751 1918 τὸ
775 1845 856 1914 κατὰ
885 1843 991 1935 αὐτὴν
1013 1848 1158 1937 θερμόν,
1189 1847 1269 1937 ὅπερ

125 1953 303 2044 ὀνομάζειν
326 1955 492 2042 μανιάδίς
514 1981 548 2021 τε
571 1956 626 2022 καὶ
650 1951 824 2041 ὀξύθυμον
852 1959 940 2034 ἔθος.
985 1952 1004 2022 ὁ
1025 1962 1143 2024 τοίνυν
1161 1953 1268 2024 Ἱππο-

8 2153 9 2164 ρ
124 2061 246 2149 κράτης
269 2059 443 2149 ὀνομάζων
464 2061 572 2147 φλέβα
593 2057 656 2148 τὴν
679 2057 842 2148 ἀρτηρίαν
864 2059 989 2148 ταύτην
1012 2052 1080 2130 ὧδέ
1099 2085 1169 2140 πως
1191 2059 1268 2148 γρά-
1284 2083 1309 2123 ιτ

163 2288 362 2364 ιδρμωμένην
381 2292 470 2347 Μ.·-
495 2287 632 2346 λτοάτου
650 2291 764 2345 FR-
791 2285 883 2346 edat
901 2291 958 2346 τῶν
977 2291 1105 2346 παλαιῶν
1124 2291 1172 2346 καλ
1191 2292 1269 2347 τουτί

124 2365 239 2418 FP.-
267 2361 415 2432 ὃδατίρω
434 2361 533 2430 φλέψ
552 2353 1269 2450 ddsodvsunouooitqo(v.14)FR-domolo

124 2435 155 2492 δὲ
176 2431 207 2490 τὸ
227 2435 268 2500 Μ·
288 2435 322 2490 oi.
337 2434 422 2489 Proll.
440 2452 467 2504 p.
490 2440 600 2488 105.—
621 2428 889 2518 θάφυκτονΜμ-
908 2429 1152 2504 δυόμαζουΜ.-
1120 2431 1267 2490 -8ετε-

124 2503 214 2594 ρόδεν
237 2477 268 2560 Μ
290 2500 432 2573 extenues
456 2503 620 2560 nBch-
646 2511 677 2559 11
703 2499 836 2573 γεννετής
859 2503 929 2570 ΜΑς
953 2505 988 2559 ei.
1012 2505 1096 2559 Proli.
1120 2523 1163 2590 p.
1167 2511 1209 2559 39.
1234 2537 1267 2546 -

124 2573 401 2668 δρεάργειΜΑΒ.-
396 2582 456 2630 -12
476 2571 591 2644 ἰσχυράν
610 2573 730 2662 pivom.
745 2575 829 2630 M.-
850 2571 1268 2646 δυμοειδῆγίγνεταιάκμαίον

8 2639 9 2696 ᾗ
124 2649 155 2704 σὲ
177 2649 266 2702 Μ.-
287 2655 321 2702 14
339 2667 367 2702 τε
388 2665 441 2701 om.
461 2646 549 2700 M.-
519 2649 634 2716 -post
651 2641 702 2712 δξά
722 2649 793 2716 spat.
814 2664 871 2702 vac.
892 2650 1025 2716 quattuor
1044 2647 1143 2714 litteo,
1168 2647 1268 2704 deindo

126 2739 180 2790 μον
200 2717 371 2782 lunen-
394 2725 425 2772 15
439 2721 506 2788 post
522 2709 577 2772 ὦδε
593 2720 665 2788 spat.
680 2735 739 2772 uae
754 2720 817 2772 ooto
832 2717 918 2772 ferme
937 2719 1031 2784 litter.‚
1051 2691 1152 2774 deinde
1167 2721 1267 2788 φειΜ.

126 2790 301 2860 -Hippoon
311 2789 438 2860 Epidem
453 2789 486 2842 11.
501 2791 567 2844 sect.
582 2795 606 2844 5.
621 2787 726 2858 (vol.,V
739 2789 883 2860 pwlssoed
894 2789 923 2844 L.
935 2789 947 2842 I
948 2808 996 2860 p.
1009 2791 1117 2845 dotted.
1128 2790 1223 2860 Erm..)
1233 2823 1268 2832 —-

124 3047 205 3111 quse
228 3047 302 3088 eum
326 3024 504 3106 continent,
533 3044 634 3088 venne
657 3021 799 3108 pulsent3
828 3025 864 3087 at
885 3022 940 3107 qui
963 3044 980 3086 e
1004 3023 1137 3089 sinistro
1161 3025 1267 3090 cordis

125 3131 304 3196 ventriculo
332 3129 495 3216 provenit,
527 3133 560 3194 et
591 3128 727 3194 ualidior
754 3128 812 3194 illo
840 3133 873 3193 et
901 3129 1066 3214 spirabilis
1094 3130 1267 3196 admodum

125 3242 187 3322 ost,
220 3237 339 3323 quippe
370 3239 460 3302 ouius
492 3259 570 3302 vaso
601 3235 739 3320 pulsent.
790 3234 993 3320 Quamquam
1025 3235 1087 3302 hoo
1114 3259 1266 3302 vesorum

125 3368 226 3430 genus
245 3344 287 3409 nb
305 3343 541 3428 antiquissimis
559 3347 630 3408 tum
650 3341 793 3426 medicis,
814 3347 885 3407 tum
903 3343 1109 3428 philosophis
1133 3343 1267 3428 perinde

125 3455 221 3534 atque
240 3449 378 3516 alterum
397 3473 479 3516 veno
498 3449 690 3534 appellatur,
713 3470 787 3514 oum
806 3471 826 3514 a
844 3450 959 3514 ceteris
982 3450 1025 3534 id,
1043 3449 1129 3535 qnod
1147 3451 1267 3536 pulsat,

126 3556 260 3640 ortena,
287 3557 370 3642 quod
400 3558 496 3642 pulsu
524 3559 632 3638 voest,
661 3577 741 3620 veno
770 3559 911 3621 vocetur.
959 3554 1009 3620 De
1036 3556 1094 3621 illa
1121 3561 1266 3624 veterum

125 3663 344 3750 appellatione
372 3664 526 3748 quonium
553 3665 586 3726 et
616 3662 710 3727 multi
738 3665 813 3727 onte
844 3683 905 3728 nos
933 3667 967 3726 et
997 3683 1057 3726 uos
1089 3664 1153 3748 ipsi
1186 3665 1266 3730 olibi

125 3770 306 3853 docuimus,
337 3791 422 3836 nunc
454 3773 598 3853 tuntum,
636 3773 792 3855 quantum
825 3767 865 3832 ud
903 3789 1056 3852 praesens
1094 3792 1174 3854 opus
1207 3773 1266 3855 est,

125 3899 309 3943 memorem.
354 3875 504 3940 muriae
527 3874 629 3959 illius,
657 3898 739 3961 quoe
763 3875 804 3940 ud
828 3875 987 3958 cubitum,
1009 3877 1200 3960 praesertim
1224 3877 1265 3942 si·

124 3984 261 4050 nistrum
281 3986 377 4066 ment,
395 3981 533 4068 agitatio
553 4004 626 4048 oum
646 4005 666 4046 ο
683 3982 848 4048 natalibus
867 3982 961 4049 velox
980 3984 1014 4046 et
1030 4002 1150 4066 magne
1168 3983 1265 4048 simul

124 4093 157 4156 et
182 4089 309 4156 intenta
336 4089 509 4173 reperitur,
537 4089 678 4154 validum
706 4089 740 4153 in
768 4088 863 4155 eorde
887 4089 953 4154 vim
981 4087 1167 4152 iracundiae
1195 4111 1265 4154 esse

124 4198 286 4283 significat
304 4219 342 4261 se
365 4199 516 4280 vegetum
536 4199 568 4260 et
590 4194 749 4260 fervidum
768 4179 860 4262 in'eo
878 4195 1030 4278 calorem,
1052 4215 1147 4278 quem
1165 4194 1264 4262 furio·

125 4327 194 4369 sum
218 4309 251 4368 et
273 4303 463 4368 iracundum
488 4303 651 4386 appellare
675 4304 918 4368 consueverunt.
962 4300 1181 4384 Hippocrates
1204 4301 1265 4387 igi-

125 4415 177 4476 tur
203 4410 286 4476 hano
315 4409 468 4476 arteriam
492 4410 526 4475 in
554 4409 693 4475 seeundo
720 4409 905 4496 vulgarium
932 4408 1121 4474 morbomm
1149 4429 1264 4476 venum
