3376 5144
601 369 841 433 -787-

148 525 246 590 ‘torm
272 528 373 591 ἔνθεν
399 524 453 590 καί
482 529 585 592 ἔνθεν
608 524 865 612 έπιὸεομένοισι·
902 525 1008 613 ἄχθος
1035 553 1098 614 γαρ
1128 524 1297 614 ἀνωφελὲς

148 631 244 716 “προς
280 634 325 722 τῷ
363 628 450 722 ἄλλῳ
488 637 628 724 σφυγμῷ
667 635 855 719 ἐπιγίνεται.
901 637 1115 712 τελευτῶντες
1143 633 1180 700 δὲ
1208 631 1298 722 ἄπο-Ι

147 735 281 806 λύουσι
305 736 344 804 ric
369 739 578 827 ἐπιίέσματα,
602 737 728 808 ὁπόταν
752 761 834 827 σφιν
856 743 1065 829 παλιγκοτέῃ,
1088 741 1143 812 καὶ
1168 740 1294 829 ίητρεύ-
1310 759 1367 814 No

148 843 238 912 ‘ovar
262 842 300 911 τὸ
324 844 443 913 λοιπὸν
466 844 549 914 ἄνευ
573 849 750 928 ἐπιθέσιος·
780 845 882 916 οὐδὲν
906 847 941 914 δὲ
967 839 1087 935 ἧσσον,
1115 849 1170 916 καὶ
1200 845 1242 934 ἦν
1265 875 1296 915 τι

147 947 243 1018 ’ἄλλο
271 955 384 1042 τρῶμα
410 957 566 1022 τοιοῦτον
588 954 730 1041 λάβωσι,
759 959 804 1047 τῷ
839 950 928 1046 αὐτῷ
957 957 1066 1046 τρόπω
1096 953 1325 1043 incurrionem

147 1055 202 1125 ‘ori
225 1057 292 1146 γὰρ
324 1068 450 1128 οίόνται
483 1059 545 1148 τὴν
569 1063 716 1130 ἐπίθεσιν
738 1061 800 1150 τὴν
824 1067 926 1130 ἔνθεν
949 1063 1003 1130 καί
1032 1069 1135 1130 ἔνθεν
1158 1063 1212 1130 καὶ
1236 1061 1297 1148 τὴν

149 1161 332 1247 “οἰνῶψυξιν
358 1171 419 1236 τοῦ
451 1171 561 1248 ἕλκεος
588 1174 699 1255 αἰτίην
727 1169 826 1254 εἰναι,
859 1165 943 1236 ἀλλὰ
977 1167 1083 1255 α”λλην
1114 1168 1191 1238 τινὰ
1223 1166 1298 1236 cirri-

150 1273 262 1358 εμηνί
309 1270 369 1340 οὐκ
393 1283 537 1360 ολονται,
565 1282 663 1362 φησί,
691 1274 753 1362 τὴν
776 1274 883 1362 κακὴν
907 1277 1055 1344 ἐπίθεσιν
1079 1281 1190 1343 αἰτίαν
1213 1273 1300 1343 εἰναι

148 1382 207 1464 τῆς
231 1377 372 1467 βλάβης,
396 1377 478 1448 ἀλλὰ
503 1379 608 1468 ἄλλην
631 1380 705 1449 τινὰ
729 1378 878 1468 ἀτυχίαν.
925 1381 981 1450 διὰ
1005 1385 1104 1450 τοῦτο
1129 1373 1192 1449 οὖν
1221 1377 1300 1448 οὐδὲ

150 1482 352 1571 ἀφίστανται
381 1490 438 1574 τῆς
466 1493 625 1568 εἰωθυίας
653 1487 766 1569 αὐτοῖς
799 1487 947 1577 ἀγωγῆς,
985 1486 1068 1557 ἀλλὰ
1107 1490 1299 1577 ἐπιμένουσι
1316 1514 1341 1552 lo

150 1607 220 1672 τοῖς
257 1598 362 1673 κακῶς
399 1596 629 1682 ἐγνωσμένοις.
689 1595 772 1684 αὕτη
815 1624 871 1685 μοι
913 1595 933 1683 ἡ
971 1599 1033 1664 τοῦ
1068 1595 1300 1684 προβλήματος

150 1699 247 1780 λύσις
284 1702 370 1786 έστί,
410 1700 489 1770 καθ’
529 1699 547 1771 d
589 1702 651 1790 τὴν
688 1710 799 1771 αἰτίαν
828 1703 915 1792 ἡμᾶς
947 1704 1136 1783 σκέψασθαι
1169 1706 1227 1789 τῆς
1265 1705 1301 1770 ἐν

150 1821 222 1888 τοῖς
250 1807 365 1895 ίοίμασι
389 1813 443 1876 δεῖ
468 1814 672 1896 διαφωνίας,
704 1807 747 1897 ἣν
779 1811 932 1880 καθόλου
963 1809 1154 1899 περιλαβῶν
1183 1808 1225 1878 ἄν
1253 1837 1302 1888 τις

152 1924 239 1982 εῖποι
270 1916 439 2003 διαφορὰν
471 1915 556 1984 εἰναι
585 1921 645 1985 τοῦ
673 1921 813 2004 γενικῶς
842 1920 1033 2005 νοουμένου
1065 1944 1099 1985 τε
1127 1919 1182 1985 καὶ
1211 1924 1302 2004 λεγο-

152 2022 258 2105 μένου
288 2024 346 2090 παί
379 2027 655 2112 προβαλλομένου
686 2023 894 2113 πράγματος,
937 2023 997 2091 dciv
1031 2051 1066 2090 τε
1098 2023 1209 2103 πάθος
1242 2023 1301 2092 dciv
1319 2048 1342 2086 ιι

152 2155 184 2194 τε
218 2126 282 2215 ῧλη
310 2157 359 2208 τις
390 2123 410 2218 ᾖ
438 2131 663 2218 βοηθήματος.
713 2135 797 2219 λέγω
826 2131 863 2199 δὲ
886 2131 997 2209 πάθος
1020 2132 1097 2217 με’ν,
1132 2127 1207 2198 οἷον
1239 2129 1303 2217 τὴν

189 2331 205 2378 2
226 2321 399 2394 ἐπιγίγνεται
422 2328 500 2382 codd.
521 2329 582 2384 edd.
608 2361 640 2368 -
666 2323 782 2383 3ὁπότ’
803 2323 839 2382 ἂν
858 2327 936 2383 codd.
961 2327 1023 2381 edd.
1050 2357 1081 2364 ..
1107 2323 1192 2381 πιίλιν
1216 2326 1301 2397 aovin

156 2397 233 2452 codd.
254 2397 315 2452 edd.
336 2399 504 2468 παλιγκοτέῃ
525 2399 605 2453 Corn.
627 2431 659 2439 -
685 2396 845 2469 ἰητρεύουσι
864 2401 891 2452 Μ
912 2392 1088 2466 ἰητρεέοοοοι
1109 2397 1246 2453 rsschK.
1267 2429 1300 2436 —

155 2469 245 2536 5τρῶ
267 2489 285 2520 α
309 2486 363 2523 om.
383 2470 461 2525 codd.
481 2470 544 2526 odd.
569 2503 601 2509 —
627 2478 641 2525 7
667 2471 761 2524 αἰτίαν
781 2469 856 2525 εἰναι
880 2471 928 2524 τοῦ
956 2469 1052 2530 ἕλκους
1076 2469 1156 2523 codd.
1181 2469 1243 2524 odd.
1268 2499 1301 2508 -

155 2489 272 2664 ιγὶἐλὰηλῶί
291 2533 352 2664 odiu,
372 2541 512 2596 ABChK.
533 2573 566 2581 -
586 2537 718 2612 εὐτυχίην
737 2543 824 2596 ΜΑΒ
844 2543 891 2611 (id.
911 2560 936 2596 v.
953 2543 988 2609 9).
1009 2571 1042 2579 —
1064 2545 1095 2594 12
1117 2536 1193 2595 καθὸ
1214 2541 1253 2596 M.
1268 2570 1301 2581 »-

208 2631 276 2679 ευη
326 2654 332 2666 .
354 2643 385 2651 -

158 2725 368 2732 ———-.—----—

157 2776 203 2862 ad
233 2775 424 2859 reliquum
457 2777 610 2860 pulsum
643 2777 793 2861 pondus
822 2778 941 2842 etiam
968 2776 1110 2854 inutile
1139 2778 1305 2842 accedat

157 2881 354 2947 Postremo
380 2904 483 2965 vero,
511 2905 593 2947 cum
617 2884 864 2949 recruduerit
893 2885 1046 2965 malum,
1075 2883 1223 2948 fascias
1247 2906 1306 2948 rc-

157 2989 314 3054 solvunt
346 2993 383 3052 et
414 2989 605 3074 reliquam
639 2991 883 3056 cirrationem
917 2989 998 3053 sine
1031 2988 1187 3052 vinculo
1219 3013 1305 3072 per·

157 3099 380 3180 sequuntur.
424 3096 709 3162 Nihilominus
735 3101 875 3181 autern,
904 3096 935 3160 si
966 3093 1064 3180 quod
1089 3094 1195 3159 aliud
1220 3096 1304 3160 vul-

157 3225 226 3266 nus
249 3203 473 3269 huiusmodi
495 3203 601 3268 nacti
625 3209 754 3288 crunt,
779 3204 910 3270 eodem
929 3202 1037 3268 modo
1062 3202 1304 3266 curationem

157 3310 384 3375 instituunt.
429 3309 560 3395 Neque
585 3312 683 3376 enim
707 3312 927 3376 vincturam
949 3311 1040 3376 hinc
1064 3311 1101 3372 et
1126 3307 1217 3373 hinc
1242 3306 1303 3374 ad·

157 3417 321 3482 hibitam
353 3439 420 3481 nec
448 3417 791 3502 refrigerationem
822 3419 968 3484 ulceris
998 3439 1080 3484 esse
1109 3417 1148 3481 in
1176 3438 1305 3499 causa,

158 3547 286 3589 verum
320 3523 437 3589 aliam
474 3526 662 3608 quandam
695 3524 977 3590 infelicitatem
1009 3521 1174 3607 putant?
1230 3522 1305 3588 Nou

158 3635 287 3715 putant,
316 3631 434 3716 inquit,
463 3655 599 3716 pravam
623 3633 714 3696 illam
738 3632 919 3696 vincturam
942 3652 1046 3695 noxae
1071 3652 1202 3694 causam
1227 3651 1306 3710 esse,

158 3738 213 3802 scd
236 3738 336 3802 aliam
355 3739 516 3822 quandam
539 3738 781 3824 infelicitatem
807 3738 1017 3824 quamobrem
1036 3758 1102 3800 non
1120 3735 1306 3820 relinquunt

159 3848 346 3910 consuetam
376 3867 468 3910 suam
495 3846 738 3928 tractationem,
769 3844 824 3910 sed
853 3845 887 3908 in
913 3844 999 3907 male
1031 3841 1171 3928 cognitis
1200 3863 1306 3926 persc-

159 3955 280 4016 verant.
326 3951 416 4017 Haec
440 3953 520 4018 mihi
550 3952 749 4037 quaestionis
777 3951 863 4015 illius
888 3951 1009 4016 solutio
1034 3953 1097 4034 est,
1125 3970 1188 4032 qua
1210 3948 1305 4012 nobis

159 4079 256 4123 causa
283 4057 493 4124 dissensionis
521 4058 555 4122 in
582 4059 733 4123 remediis
765 4057 957 4122 adhibendis
988 4054 1221 4123 consideranda
1249 4057 1305 4136 est,

158 4188 254 4248 quam
285 4165 433 4230 univerae
467 4166 583 4251 aliquis
615 4166 664 4230 ita
694 4163 867 4248 complecti
897 4167 1020 4250 potest,
1053 4165 1090 4226 ut
1119 4162 1206 4225 dicat
1237 4181 1305 4240 esse

159 4272 373 4338 differentiam
407 4273 466 4356 rei,
499 4295 580 4355 quae
609 4272 791 4356 generatim
823 4270 1027 4354 intellegitur
1058 4271 1091 4332 et
1124 4268 1241 4332 dicitur
1274 4271 1307 4328 et

159 4380 361 4464 proponitur,
390 4380 458 4445 sive
482 4401 520 4444 ea
544 4401 593 4442 res
625 4378 754 4444 affectio
778 4378 845 4441 sive
873 4378 1012 4441 materia
1035 4375 1144 4459 aliqua
1172 4372 1307 4438 remedii

1040 4481 1094 4533 60*
