3444 5140
685 434 728 444 -.
775 399 836 462 737
884 433 928 445 .-

234 559 308 646 recol
343 555 559 642 δικαιοσύνης
590 553 702 642 λόγον.
748 555 861 642 ἐπειδὴ
890 553 954 643 γὰρ
986 550 1143 640 ἠπίστατο
1177 551 1383 641 δεησόμενον

234 663 339 734 αὐτὸν
363 670 408 743 εἰς
433 661 470 731 τὸ
496 664 599 742 δεῖξαι
622 688 659 728 το
684 663 863 749 προτεθέν,
889 658 935 740 ὦς
963 657 1023 728 ούκ
1047 665 1114 728 ἔστι
1141 667 1200 749 μία
1223 664 1282 747 τῆς
1304 658 1384 746 ὅλης

234 771 328 860 ἡμῶν
356 775 463 857 ψυχῆς
487 767 506 856 ἡ
532 765 646 852 οὐσία,
674 767 730 835 διὰ
757 771 857 836 τοῦτο
880 766 1047 856 πρότερον
1071 767 1122 834 ἐπὶ
1145 767 1273 846 πόλεως
1296 763 1386 847 ἀξιοῖ

233 879 438 966 ποιήσασθαι
469 874 531 944 τὸν
559 873 672 961 λόγον.
722 879 786 961 ἔχει
820 873 857 942 δὲ
888 871 909 960 ἡ
943 876 1027 955 λέξις
1058 865 1136 942 ὦδε·
1169 872 1276 941 ἐἶπον
1309 865 1384 956 οὖν,

234 984 327 1073 ’ὅπερ
352 1011 409 1073 μοι
434 984 559 1067 ἔδοξεν,
583 979 634 1048 ὅτι
658 980 694 1048 τὸ
721 979 855 1067 ζήτημα,
878 972 1161 1071 ᾦέπιχειρούιιεν,
1186 977 1226 1048 ού
1241 987 1412 1066 pariturae

235 1090 313 1160 ‘dli'
340 1089 399 1172 ὀξὺ
422 1092 614 1177 βλέποντος,
647 1086 691 1166 ὡς
719 1089 791 1176 ἐμοὶ
821 1094 984 1172 φαίνεται.
1029 1085 1139 1174 ἐπειδὴ
1171 1095 1176 1170 l
1205 1079 1269 1154 οὖν
1291 1084 1385 1174 ἡμεῖς
1396 1102 1452 1157 728

235 1197 289 1267 ‘od
313 1203 435 1280 δεινοί,
459 1199 546 1264 δοκῶ
571 1222 639 1283 μοι,
662 1186 705 1280 ἦν
729 1191 759 1260 δ’
786 1193 861 1279 ἐγώ,
883 1195 1043 1281 τοιαύτην
1065 1187 1271 1282 ποιήσασθαι
1296 1192 1386 1281 ζήτη-

234 1311 301 1373 εσιν
324 1302 442 1388 αὐτοῦ,
466 1307 604 1389 οἵανπερ
640 1297 682 1369 διν
706 1305 737 1367 εἰ
767 1301 948 1387 προσέταξέ
976 1325 1026 1379 τις
1057 1301 1231 1388 γράμματα
1264 1297 1386 1387 σμικρὰ

238 1412 430 1500 ‘adopertae
462 1407 654 1495 ἀναγνῶναι
682 1405 727 1494 μὴ
756 1407 845 1474 πάνυ
865 1404 937 1488 ,ὀξὺ
969 1411 1166 1493 βλέπουσιν,
1199 1407 1308 1476 ἔπειτά
1340 1433 1388 1484 τις

238 1518 445 1604 εἐνενόησεν,
487 1514 537 1583 ὅτι
574 1512 613 1582 ric
647 1510 730 1581 αὐτὰ
767 1513 942 1601 γράμματα
979 1521 1047 1582 ἔστι
1080 1541 1146 1582 noo
1177 1515 1231 1582 καὶ
1264 1512 1385 1582 ἄλλοθι
1402 1533 1426 1570 10

236 1630 344 1714 ‘priter
372 1651 407 1692 τε
436 1625 491 1691 καὶ
516 1625 552 1690 ἐν
574 1629 712 1710 μείζονι·
741 1621 880 1708 ἕρμαιον
907 1617 950 1688 ἂν
983 1621 1105 1708 ἐφάνη,
1138 1619 1246 1709 οἶμαι,
1278 1627 1386 1689 ἐκεῖνοι

236 1736 382 1820 ’πρῶτον
421 1728 629 1816 ἀναγνόντας
670 1725 776 1806 οὕτως
808 1730 998 1796 ἐπισκοπεῖν
1028 1726 1069 1794 τδι
1107 1726 1244 1811 ἐλάττω,
1286 1732 1317 1794 εἰ
1346 1724 1386 1794 τὰ

236 1836 332 1908 ἀὐτὰ
365 1836 449 1906 ὄντα
481 1835 644 1922 τυγχάνει.
689 1833 779 1902 πάνυ
811 1835 873 1922 μὲν
906 1826 985 1920 οὖν,
1018 1839 1081 1921 ἔφη
1115 1832 1132 1901 ὁ
1163 1831 1386 1921 Ἀδείμαντος·

237 1944 334 2014 (ἀλλὰ
357 1951 393 2013 τί
412 1947 583 2026 τοιοῦτον,
607 1934 633 2009 ὦ
658 1940 848 2029 Σώκρατες,
873 1943 911 2008 ἐν
932 1946 972 2029 τῇ
1001 1943 1075 2028 περὶ
1104 1946 1237 2009 δικαίου
1261 1941 1387 2028 ζητήσει

236 2055 415 2141 ’καθορᾷμ
440 2049 503 2137 ἐγώ
527 2071 593 2134 σοι,
616 2053 713 2134 ἔφην,
737 2049 811 2135 ἐρῶ.
848 2047 1062 2134 δικαιοσύνη,
1086 2050 1212 2135 φαμέν,
1235 2053 1304 2115 ἔστι
1326 2049 1388 2136 μὲν
1402 2065 1426 2103 ¹⁵

236 2193 269 2198 --
275 2189 448 2198 ——.—---

274 2256 287 2302 1
312 2249 377 2316 ντερὶ
399 2248 449 2315 τῆς
473 2239 656 2312 δικαιοσύνης
674 2245 711 2327 M.
737 2275 769 2283 —
797 2251 813 2298 l
838 2241 918 2326 εἷπον
942 2235 995 2298 adv
1017 2264 1043 2299 κ.
1062 2265 1084 2298 τ.
1104 2249 1126 2298 λ.
1151 2243 1219 2314 Rep.
1239 2245 1264 2298 ll
1287 2263 1314 2314 p.
1334 2253 1386 2300 368

237 2321 296 2375 CD.
317 2352 348 2359 —
376 2326 391 2372 ὁ
412 2315 532 2387 ζήτημα·
559 2311 625 2385 cippi
650 2335 702 2398 τον
727 2311 758 2370 ἐν
781 2336 814 2382 τη
838 2335 888 2368 του
911 2310 1062 2404 ,ἐλάττονος
1085 2313 1154 2396 ἰδέα·
1168 2310 1387 2378 ἐπισκοποῦντες

237 2389 486 2532 lutlfltt·
501 2385 876 2514 ιιῗδέἶδῗν-Αδοὲιῗι
889 2385 1386 2512 δᾍδδὲἓῗῐὸδιδδίδιῗὲἵέὲ

237 2533 278 2596 εἰς
291 2528 326 2588 τὰ
346 2531 383 2586 M.
403 2561 436 2572 -
457 2537 489 2585 16
509 2529 562 2600 μὲν
582 2546 634 2584 om.
656 2529 735 2584 codd.
756 2529 829 2595 edd.;
852 2529 887 2582 cf.
906 2529 991 2586 Proll.
1011 2548 1039 2599 p.
1059 2535 1118 2582 123.
1139 2559 1170 2567 -—

238 2697 278 2761 ad
301 2700 408 2761 totam
431 2694 469 2758 de
494 2692 621 2757 iustitia
639 2692 701 2755 sibi
722 2692 948 2775 explicandam
967 2693 1158 2757 orationem.
1195 2689 1277 2757 Cum
1301 2693 1388 2756 enim

238 2825 310 2867 eam
334 2803 432 2866 sciret
451 2823 532 2884 opus
551 2799 620 2864 fore
645 2798 684 2861 ad
709 2798 996 2862 demonstrandum
1016 2799 1058 2880 id,
1081 2800 1166 2884 quod
1185 2800 1389 2884 propositum

239 2914 334 2991 esset,
357 2929 424 2973 non
443 2929 539 2970 unam
560 2927 630 2968 esse
654 2905 757 2968 totius
777 2906 876 2970 animi
896 2906 1001 2970 nostri
1021 2907 1250 2990 substantiam,
1268 2907 1387 2972 idcirco

237 3016 326 3100 prius
351 3013 389 3077 de
420 3013 552 3077 civitate
581 3010 803 3076 disserendum
833 3012 897 3077 sibi
925 3035 995 3077 esse
1023 3013 1232 3078 existimavit
1279 3013 1389 3078 Verba

239 3123 307 3187 eius
337 3122 385 3185 ita
414 3143 448 3184 se
476 3119 613 3182 habent:
660 3119 768 3182 ‘Dixi
798 3120 922 3204 igitur
944 3120 995 3202 id,
1028 3119 1127 3204 quod
1158 3120 1388 3188 sentiebam:

238 3227 420 3313 quaestio
453 3226 560 3308 haec,
597 3247 706 3308 quam
740 3226 1001 3310 aggredimur,
1037 3249 1111 3291 non
1143 3227 1280 3312 exigua
1315 3233 1387 3313 est,

239 3335 306 3399 sed
326 3333 497 3426 hominis
516 3335 629 3395 acute
649 3333 860 3416 cernentis,
883 3337 925 3397 ut
944 3334 1038 3398 milri
1057 3334 1222 3398 videtur.
1264 3335 1386 3410 Quon-

237 3443 315 3506 iam
353 3440 479 3524 igitur
511 3459 580 3502 nos
614 3460 746 3522 parum
779 3439 910 3504 idonei
945 3443 1086 3524 sumne,
1124 3441 1297 3525 perinde,
1329 3443 1387 3508 in-

237 3570 362 3632 quam,
397 3567 475 3610 rem
512 3545 833 3629 investigandam
871 3569 955 3610 esse
989 3569 1125 3613 censeo
1156 3569 1197 3612 ac
1238 3549 1270 3612 si
1301 3537 1386 3634 quis

236 3677 312 3719 non
347 3652 550 3718 admodum
584 3656 695 3715 acute
729 3653 976 3718 cernentibus
1009 3654 1167 3718 litteras
1200 3677 1340 3738 parvas
1370 3679 1386 3720 e

238 3761 457 3845 longinquo
475 3759 662 3842 legendas
682 3760 970 3843 proposuisset,
990 3759 1131 3824 deinde
1150 3761 1388 3827 animadver-

237 3868 357 3931 tisset
387 3867 533 3949 aliquis
566 3867 719 3928 easdem
752 3866 913 3930 litteras
943 3889 1026 3930 esse
1056 3867 1197 3932 alicubi
1222 3869 1387 3934 maiores

238 3979 276 4038 et
312 3975 350 4038 in
387 3974 533 4039 maiore
571 3973 752 4057 quapiam
786 3995 837 4058 re,
877 3971 1027 4038 lucrum
1064 3974 1101 4036 id
1139 3973 1387 4038 manifestum

238 4085 355 4164 esset,
392 4081 545 4164 opinor,
583 4083 625 4143 ut
660 4079 721 4144 his
760 4080 925 4162 primum
957 4080 1074 4145 lectis
1114 4081 1170 4145 ita
1205 4081 1388 4165 minores,

238 4190 421 4251 essentne
449 4187 620 4268 eaedem,
650 4187 956 4254 considerarent.
1002 4187 1066 4252 ltu
1092 4210 1268 4271 prorsus,
1297 4189 1387 4253 Adi-

239 4298 393 4358 mantus
417 4295 555 4378 inquit.
599 4291 670 4358 Sed
690 4294 781 4376 quid
805 4299 845 4358 tu
869 4294 1017 4376 simile,
1036 4293 1233 4377 Socrates,
1256 4295 1295 4361 in
1318 4295 1388 4360 hac

238 4401 282 4464 de
302 4401 408 4465 iusto
430 4401 665 4484 quaestione
684 4398 814 4464 vides?
860 4400 941 4486 Ego
960 4401 1049 4484 tibi,
1069 4401 1237 4485 inquam,
1256 4401 1388 4466 dicam.

295 4515 375 4554 ualent
389 4517 416 4554 da
431 4515 490 4556 Plan.
506 4517 563 4557 Plut.
577 4521 599 4555 et
614 4516 722 4562 llippoer.
737 4515 797 4554 libri.
1141 4509 1173 4558 *ll
