3168 5136
779 372 1016 436 -812-

318 530 377 615 γῆς
403 528 459 596 καὶ
488 531 556 598 τῶν
583 527 838 598 θιαπλασόντων
865 523 950 614 ἡμᾶς
981 530 1073 594 θεῶν
1101 532 1147 594 ἔτι
1179 554 1214 595 τε
1243 531 1367 614 μᾶλλον
1395 525 1453 597 ὅσα

319 635 394 723 περί
418 638 479 704 τοῦ
503 635 652 724 σώματος
676 634 770 723 ἡμῶν
788 635 915 721 λέγεται
939 631 996 701 διὰ
1014 632 1139 714 παντὸς
1161 631 1228 702 ὑπὸ
1251 638 1313 703 τοῦ
1334 635 1457 704 θειοτά-

320 767 381 810 του
404 741 586 822 Πλάτωνος
609 739 684 830 ἄχρι
707 745 769 810 τοῦ
796 743 946 810 πιθανοῦ
970 741 1024 808 καὶ
1048 739 1176 820 εἰκότος
1199 742 1392 826 ἐκτείνεται,
1418 740 1459 821 ὡς
1567 707 1568 772 i

321 845 421 928 αὐτὸς
448 849 615 937 ἐδήλωσεν
642 851 679 917 ἐν
711 855 837 940 Τιμαίῳ
864 851 997 936 πρῶτον
1024 845 1224 935 ἐνάρχεσθαι
1251 849 1382 936 μέλλον
1406 853 1459 936 τῆς

293 961 550 1044 εφυσιολογίας,
574 953 643 1024 εἶτα
666 957 720 1023 καί
743 954 864 1043 μεταξὺ
891 952 973 1022 κατὰ
1000 952 1063 1040 τόν
1090 955 1245 1035 διέξοδον
1273 959 1336 1024 τοῦ
1362 955 1460 1042 λόγου

319 1062 531 1149 παρεντιθεὶς
552 1059 616 1150 τὴν
638 1059 818 1148 ἀπόφασιν.
859 1059 1021 1149 ἄρχεσθαι
1040 1061 1103 1148 μὲν
1121 1051 1186 1130 οὖν
1206 1062 1339 1150 μέλλων
1361 1059 1459 1131 αι’ποῦ

321 1165 338 1236 ὁ
367 1174 513 1258 Τίμαιος,
530 1171 652 1238 τοῦτον
676 1166 740 1257 γὰρ
763 1166 906 1237 ὑπέθετο
929 1166 1008 1248 τοὺς
1035 1168 1109 1255 περὶ
1133 1167 1267 1254 φόσετος
1294 1171 1362 1238 τοῖν
1383 1169 1459 1237 κατὰ

320 1273 380 1343 τὸν
408 1275 536 1365 κόσμον
564 1274 712 1355 ἅπαντας
738 1274 860 1362 λόγους
892 1273 1125 1363 διερχόμενον,
1157 1265 1227 1343 οἶδέ
1251 1275 1321 1357 πός
1347 1297 1459 1364 φησιν·

321 1379 398 1450 ’ἐὰν
422 1374 496 1468 οὖν,
519 1375 545 1452 oi
570 1385 758 1470 Σώκρατες,
789 1380 896 1450 πολλὰ
923 1383 1056 1452 πολλῶν
1080 1381 1245 1451 εἰπόντων
1271 1384 1346 1469 περλ
1375 1385 1460 1450 θεοῖν

281 1513 306 1552 ιο
321 1489 387 1557 ‘nat
414 1491 472 1576 τῆς
499 1492 560 1559 τοῦ
588 1488 711 1569 παντὸς
733 1489 892 1576 γενέσεως
920 1487 966 1576 μὴ
993 1489 1132 1558 δυνατοὶ
1159 1489 1337 1578 γενοίμεθα
1360 1492 1459 1576 πάντη

321 1593 463 1676 (πάντως
490 1593 613 1676 αὐτοὺς
640 1593 754 1676 αὑτοῖς
780 1593 1072 1683 ὁμολογουμένους
1099 1595 1222 1683 λόγους
1247 1595 1303 1663 καί
1330 1591 1460 1682 ἀπηκρι-

321 1702 504 1789 ’βωμίυους
527 1699 730 1788 ἀποδοῦναι,
754 1700 798 1791 μὴ
822 1700 1011 1790 θαυμάσῃς·
1040 1697 1111 1770 ἀλλ’
1142 1699 1202 1770 ἐὰν
1230 1699 1296 1790 ἄρα
1323 1701 1460 1790 μηδενὸς

321 1799 432 1894 ’ἦττον
454 1808 674 1899 παρεχόμεθα
698 1810 842 1894 εἰκότας,
865 1805 998 1895 ἀγαπᾶν
1019 1807 1081 1897 χρὴ
1104 1809 1354 1898 μεμνημένους,
1381 1805 1459 1889 sici

358 2010 371 2056 1
392 2001 473 2074 οίμᾶς
493 2023 543 2076 pso
563 1999 638 2075 ἡμᾶς
656 2005 686 2058 Ρ.
711 2036 745 2044 -
769 2012 784 2060 2
804 2000 852 2060 διὰ
871 2022 922 2060 nos
944 2003 1121 2071 inseruimus;
1146 2005 1180 2060 of.
1199 2005 1284 2062 Prolt.
1304 2025 1331 2078 p.
1354 2012 1412 2062 107.
1432 2039 1460 2047 -

321 2081 337 2130 3
357 2069 473 2138 εἰκότως
492 2079 524 2130 Δ.
544 2107 577 2116 -
601 2084 618 2130 4
637 2071 772 2144 ἐδήλοσεν
789 2077 819 2131 Ρ.
844 2107 876 2116 -
902 2072 933 2130 ἰν
951 2078 1052 2146 τιμαίω
1069 2071 1212 2144 ἄρχεσθαι
1229 2075 1338 2146 μέλλον
1356 2078 1414 2134 FP.
1433 2109 1460 2118 -

320 2152 336 2200 5
364 2145 414 2200 τοῦ
446 2143 530 2216 λόγου
553 2147 636 2202 FPM
666 2147 715 2202 τοῦ
745 2164 798 2202 om.
831 2145 972 2212 ABChK3
1005 2146 1039 2202 ef.
1066 2147 1150 2202 Pron.
1174 2166 1201 2218 p.
1226 2153 1270 2204 et.
1302 2181 1337 2190 —
1369 2145 1459 2218 λόγου·

319 2212 461 2286 ἄρχεσθαι
484 2216 537 2288 μὲν
560 2218 611 2273 FP
635 2218 674 2286 (in
697 2218 720 2272 P
742 2217 863 2288 margini
887 2217 1029 2288 adscripta
1050 2219 1136 2274 verba
1161 2218 1270 2288 μέλλων
1293 2220 1344 2290 τῆς
1367 2238 1460 2289 φυκο-

318 2289 460 2357 λογίας-
477 2283 596 2359 λόγον’).
617 2318 649 2329 -
669 2297 685 2344 6
700 2288 806 2359 με’λλων
825 2279 882 2344 nisit
901 2285 960 2351 πός
978 2306 1047 2358 φησι
1064 2289 1123 2344 FP.
1138 2319 1171 2330 —
1192 2295 1208 2344 ’λ
1227 2291 1311 2345 τοῦτο
1329 2289 1461 2346 uesci

319 2359 420 2413 τοῦτον
439 2359 519 2414 Corn.
538 2361 571 2414 Κ.
592 2392 624 2400 -
644 2356 694 2415 τὸν
711 2375 763 2430 pro
782 2355 848 2420 tosio
867 2359 999 2416 00111-
1024 2367 1040 2415 8
1059 2353 1173 2415 ἅπαντα
1192 2361 1272 2416 eodd.
1291 2362 1356 2417 odd
1375 2357 1460 2416 cim

320 2449 370 2491 τας
384 2447 442 2485 nos.
464 2462 495 2471 -
515 2426 599 2500 λόγον
613 2431 699 2486 ΜΑΒ
717 2424 819 2498 λόγους
832 2429 912 2486 chK.
933 2461 964 2470 -
984 2425 1163 2500 διερχόμενος
1176 2431 1263 2487 ΜΔΒ
1282 2429 1460 2504 διερχόμενον

320 2499 401 2555 Gom.
427 2497 505 2556 chK.
532 2534 564 2543 -
631 2501 675 2556 σλν
697 2499 726 2555 Μ
749 2501 819 2570 φησί
841 2501 895 2558 ΔΒ
918 2518 986 2570 φησι
1005 2501 1088 2558 OhK.
1112 2533 1144 2542 —·
1172 2509 1188 2558 ⁹
1212 2497 1265 2558 tte
1283 2497 1338 2558 νόν
1357 2525 1384 2560 ι.
1401 2525 1423 2558 τ.
1440 2509 1460 2557 1,

321 2570 391 2627 Tim.
406 2590 434 2644 p.
450 2579 483 2629 29
499 2572 527 2630 C.
544 2605 574 2614 -—
596 2593 608 2628 e
622 2568 734 2627 πόντων
748 2588 802 2626 om.
816 2573 874 2628 FP.
890 2603 923 2614 -
942 2573 1033 2628 θεῶν·
1048 2567 1113 2642 ἄχρι
1126 2574 1177 2629 τοῦ
1193 2573 1295 2642 πρέπει
1309 2579 1349 2645 (p.
1364 2581 1460 2635 8111)

319 2661 347 2696 κ.
365 2662 388 2696 τ.
407 2645 430 2697 λ.
448 2643 505 2699 FP.
525 2675 559 2686 -
585 2651 618 2700 10
636 2639 743 2705 παντὸς
761 2639 889 2732 σόματος
906 2642 1043 2712 γενέσεως
1060 2645 1097 2700 Μ.
1117 2675 1150 2686 —·
1177 2653 1209 2700 11
1228 2643 1343 2708 πάντας
1362 2639 1461 2706 witois

320 2707 416 2774 αὐτοῖς
435 2709 512 2784 όμολ.
531 2716 560 2770 Μ
578 2735 608 2772 π.
627 2707 664 2768 ἂν
682 2709 749 2776 τοὺς
767 2711 872 2778 αυτοός
891 2712 980 2782 αὐτῆς
997 2710 1043 2784 ip.
1061 2715 1205 2781 necem
1224 2717 1260 2772 οἰ.
1274 2715 1363 2772 Pron.
1381 2737 1408 2789 p.
1422 2723 1459 2772 38.

321 2815 348 2822 -
376 2791 406 2838 13
427 2781 611 2856 παρεχόμεθα
630 2787 662 2840 A.
684 2816 716 2825 -
737 2783 852 2850 εἰκότος
871 2787 949 2842 oodd.
969 2786 1031 2842 edd.
1050 2781 1163 2850 εἰκότας
1183 2785 1263 2844 Corn.
1289 2819 1321 2829 -

320 2983 442 3050 stantia
464 2983 682 3070 proferuntur,
705 3007 743 3050 ao
765 2985 869 3050 multo
893 2985 1010 3070 magis,
1032 3007 1115 3070 quae
1138 2988 1176 3052 de
1192 3009 1329 3073 corpore
1353 2993 1459 3056 nostro

319 3092 452 3157 omnino
481 3115 500 3156 a
528 3092 638 3158 divino
666 3093 736 3158 viro
764 3091 900 3158 Platone
928 3092 1091 3177 dicuntur,
1128 3094 1168 3159 od
1194 3095 1459 3180 probabilitatem

319 3201 352 3262 et
378 3199 692 3264 vesisimilitudinem
720 3198 945 3264 tantummodo
971 3199 1151 3284 pertinent,
1186 3203 1224 3266 ut
1250 3202 1322 3288 ipse
1351 3203 1386 3269 in
1412 3201 1459 3268 'lt-

320 3327 413 3371 maeo
446 3306 624 3372 declaravit
655 3307 797 3391 primum
831 3327 851 3369 a
881 3304 1092 3391 physiologia
1120 3328 1309 3392 exorsurus,
1351 3309 1459 3376 deinde

320 3411 419 3477 etiam
452 3413 486 3478 in
522 3432 698 3498 progressu
734 3411 966 3497 disputationis
1004 3413 1199 3480 sententiam
1236 3437 1330 3482 suem
1368 3417 1459 3482 intes

321 3539 454 3601 ponens.
478 3518 738 3604 ‘Auspioaturus
778 3519 881 3605 igItur
912 3539 981 3583 rem
1012 3519 1163 3585 'timaeus
1192 3557 1235 3568 -
1261 3519 1350 3587 huno
1378 3523 1458 3588 enim

318 3623 356 3688 de
380 3627 498 3690 natura
521 3647 641 3710 eorum,
664 3627 804 3710 quaein
825 3625 945 3692 mundo
969 3627 1054 3708 sunt,
1077 3625 1331 3711 disputationem
1359 3631 1457 3695 totam

319 3835 514 3922 Socrates,
536 3842 743 3925 postquam
767 3838 879 3905 multi
902 3839 1023 3904 multe
1051 3837 1094 3904 de
1122 3839 1199 3906 diis
1229 3843 1267 3906 et
1289 3838 1457 3908 universi

319 3944 476 4030 origine
499 3946 810 4032 disputaverunt,
836 3968 905 4012 nos
942 3967 1018 4011 non
1054 3947 1247 4032 possimus
1285 3947 1458 4013 omnibus

319 4050 441 4116 modis
478 4053 591 4138 plane
629 4052 755 4138 ipsam
796 4073 922 4118 secum
965 4054 1272 4119 consentientem
1314 4055 1456 4122 oratio·

317 4176 400 4220 nem
425 4160 539 4243 atque
563 4162 736 4224 exeotam
759 4158 950 4244 proferre,
978 4159 1111 4225 mirari
1140 4159 1237 4246 noli3
1264 4161 1330 4226 sed
1354 4157 1457 4227 modo

317 4281 361 4324 ne
393 4262 517 4329 minus
551 4287 662 4351 quam
692 4265 793 4331 alius
826 4267 1035 4352 qnisquam
1074 4267 1156 4332 veri
1193 4267 1362 4334 similem
1402 4263 1458 4331 ai·

318 4363 501 4455 feramus,
541 4372 715 4439 contenti
756 4391 838 4438 esse
879 4370 1061 4438 debemus
1102 4395 1290 4440 memores
1323 4377 1362 4439 st
1391 4393 1457 4442 me.
