3212 5146
573 461 613 470 -
661 423 815 488 599-

114 595 187 660 τοίς
208 585 266 668 τῆς
287 581 404 666 τέχνης
430 579 647 666 θεωρήμασιν
674 575 908 666 ἀκριβεστέρας
930 582 1071 650 ἐποιεῖτο
1099 579 1157 661 τὰς
1183 579 1263 650 άνα-

35 749 36 754 ,
116 685 231 773 τομάς,
255 692 338 772 ἔγνω
360 687 414 752 καί
438 684 501 772 τήν
524 679 599 754 οἷον
619 683 820 772 ἐντεριώνην
842 689 910 754 τῶν
933 685 1065 773 νεύρων
1088 684 1152 754 άπὸ
1177 689 1264 773 ἐγκε·

114 791 228 878 φάλον
255 805 454 878 πεφυκυῖαν.
504 797 569 880 ἔχει
598 791 634 860 δὲ
668 789 688 878 ή
717 795 812 880 ῥῆσις
845 788 949 860 αύτοῦ
976 791 1075 860 τόνδε
1102 791 1164 860 τὸν
1189 793 1263 879 τρό·

113 922 193 968 που·
222 901 452 986 “ἐθεωροῦμεν
482 897 518 966 el
546 899 601 966 καί
624 887 687 986 τήν
714 899 819 985 φύσιν
842 902 903 967 τοῦ
930 898 1115 986 ἐγκεφάλου
1142 898 1197 966 καλ
1221 891 1289 986 ήνι

34 995 35 1000 ¹
115 1004 145 1074 ‘b
170 1005 231 1092 μὲν
251 990 458 1094 [ἐγκέφαλος
480 1004 630 1092 θιμερής,
658 1005 809 1092 καθάπερ
832 1005 886 1074 καί
914 1007 982 1072 τῶν
1009 1009 1136 1073 λοιπῶν
1160 1005 1330 1097 {elusum

34 1183 36 1190 ,
114 1113 182 1180 ’καί
201 1117 310 1180 κοιλία
329 1111 367 1177 ἐν
386 1111 526 1200 ἑκατέρῳ
544 1113 634 1198 μέρει
654 1111 850 1200 παραμήκης
867 1115 912 1203 τῶ
928 1115 1007 1179 eiciet
1022 1113 1165 1199 κειμένη,
1184 1133 1262 1180 συν-

115 1221 284 1306 ’τέτρηντο
309 1213 340 1284 θ’
366 1208 464 1284 αὗται
488 1221 535 1297 είς
557 1225 638 1304 μίαν
665 1217 747 1287 κατά
775 1217 837 1306 τήν
865 1215 1023 1306 συναφὴν
1044 1223 1112 1286 τῶν
1137 1223 1262 1306 μερῶν·

115 1326 164 1393 ’ἐκ
193 1325 229 1393 δέ
258 1323 379 1410 ταύτης
406 1327 529 1410 ἔφερον
556 1329 603 1404 είς
630 1326 692 1413 τήν
720 1327 939 1414 ἐπεγκρανίθα
967 1326 1177 1412 καλουμένην
1207 1325 1262 1394 καί

33 1507 37 1516 ,
115 1433 197 1500 ’ἐκεῖ
219 1431 312 1518 ἑτέρα
337 1423 377 1516 ἦν
400 1429 500 1517 μικρὰ
524 1437 642 1502 κοιλία.
687 1433 911 1518 θιαπέφραιιτο
941 1429 978 1498 δέ
1005 1444 1077 1510 ταῖς
1105 1429 1263 1518 μήνιγξιν

117 1539 270 1607 *ἕκαστον
291 1541 360 1606 τῶν
382 1539 505 1624 μερῶν·
530 1535 551 1624 ή
572 1563 608 1606 τε
630 1536 695 1625 γάρ
718 1538 912 1625 ἐπεγκρανλς
930 1537 1155 1624 διαπέφρακτο
1179 1533 1258 1604 arisi
1277 1557 1302 1598 ω

33 1639 34 1648 “
115 1641 206 1713 ’καθ’
238 1642 360 1730 ἑαυτήν
387 1643 441 1711 καί
475 1641 493 1710 ὁ
522 1645 702 1730 ἐγκέφαλος
727 1644 956 1731 παραπλήσιος
988 1638 1037 1711 ῶν
1068 1643 1181 1730 νήστει
1208 1645 1261 1712 καὶ

114 1750 349 1834 πολύπλοκος,
372 1748 459 1819 πολὺ
482 1747 513 1818 δ’
545 1755 591 1817 ἐτι
618 1754 746 1836 μᾶλλον
769 1751 892 1820 τούτου
920 1748 938 1838 ή
968 1751 1162 1836 ἐπεγκρανλς
1183 1757 1261 1819 πολ-

33 1847 34 1850 ¹
113 1861 198 1937 ‘lule
217 1858 362 1943 ἑλιγμοίς
379 1857 434 1924 καὶ
453 1863 615 1936 ποικίλοις
633 1856 881 1926 κατεσκεύαστο.
917 1855 999 1926 ῶστε
1018 1865 1142 1944 μαθεῖν
1160 1860 1259 1926 τοῦτο

114 1964 187 2033 ετὸν
210 1967 424 2050 θεωροῦντα,
447 1960 514 2046 ὅτι,
538 1960 648 2048 ῶσπερ
676 1963 728 2030 ἐπὶ
752 1966 819 2031 τῶν
843 1967 969 2032 λοιπῶν
994 1961 1103 2054 ζῴων,
1133 1962 1261 2050 ἐλάφου

32 2055 34 2060 ,
114 2073 159 2138 ‘re
184 2071 237 2137 καὶ
262 2071 396 2154 λαγωοῦ
419 2070 473 2137 καὶ
498 2078 530 2136 εί
549 2097 579 2136 τι
604 2067 684 2137 ἄλλα
708 2067 849 2137 κατὰτὸ
879 2069 1008 2157 τρέχειν
1032 2068 1118 2137 πολύ
1140 2097 1170 2137 τι
1194 2073 1263 2138 τῶν
1277 2092 1302 2130 ¹⁵

153 2273 168 2322 2
190 2259 352 2332 ἐντεριάνην
370 2262 466 2318 ΜΑΒ.
487 2293 519 2302 —-
541 2270 556 2318 6
576 2265 684 2318 κοιλίαν
703 2263 783 2318 codd.
803 2263 864 2318 edd.
884 2265 977 2318 κοιλιά
996 2280 1055 2319 nos.
1075 2295 1107 2304 —
1128 2260 1204 2333 παρὰ
1224 2267 1261 2337 τῷ

114 2332 197 2424 μήκεγ
225 2334 303 2390 eodd.
334 2333 395 2388 edd.
425 2329 456 2388 ἐν
484 2327 609 2406 ἐκατέρῳ
636 2333 715 2402 μέοει
739 2329 909 2459 παραμήκης
942 2351 992 2390 nos
1019 2337 1198 2390 tentavimus.
1227 2367 1260 2378 -

114 2425 248 2478 κειμενην
271 2405 353 2460 codd.
373 2405 434 2460 edd.
458 2403 575 2474 κειμένη
593 2421 652 2460 uos.
678 2433 710 2446 -
740 2411 756 2460 8
792 2421 879 2490 φερμν
898 2405 977 2490 aqdd.
997 2405 1059 2459 edd.
1080 2403 1183 2473 ἐφερου
1202 2423 1261 2462 nus.

114 2473 1261 2630 mllttfttt'tlblm-‘tillitus¹l?‘l⁷ttllu33tti⁹ttlt⁰.

116 2621 177 2676 edd.
197 2641 224 2690 μ.
245 2613 277 2674 ἐκ
295 2613 403 2672 τούτων
421 2615 501 2672 Corn.
521 2637 548 2686 μ.
568 2617 651 2672 τοῦτο
670 2634 727 2674 nos.
749 2647 780 2657 —
802 2625 835 2672 lb
855 2621 925 2673 πολυ
947 2637 988 2672 τοι
1008 2617 1044 2672 M.
1064 2647 1098 2659 -

115 2817 217 2902 ceptis
242 2837 360 2880 vassus
383 2813 571 2900 diligentius
596 2837 732 2900 corpora
754 2817 948 2900 dissecubat,
970 2839 1142 2885 nervorum
1167 2819 1260 2902 quasi

117 2923 291 2992 medullam
311 2943 328 2986 e
348 2921 479 2986 eerebro
497 2920 588 2987 nasei
607 2921 771 3006 cognorit
807 2921 920 2988 Oratio
940 2921 1009 2986 eius
1028 2923 1076 2988 itu
1094 2923 1259 2990 sehabet:

115 3027 476 3096 ‘Consideravimus
507 3027 625 3092 etiam
653 3032 832 3094 naturam
857 3029 1006 3094 cerebri
1036 3032 1073 3092 et
1096 3033 1180 3094 erat
1203 3030 1258 3095 bi·

116 3137 322 3223 partitum,
345 3133 448 3198 sicut
470 3135 508 3198 in
537 3135 679 3199 esteris
709 3135 959 3217 animalibus,
988 3137 1024 3198 et
1047 3136 1259 3202 ventriculi

115 3247 152 3310 in
186 3247 348 3326 utraque
381 3245 496 3326 parte
530 3241 698 3328 oblonga
730 3241 855 3308 forma
882 3241 1030 3326 singuli
1059 3241 1259 3324 collocati,

115 3351 176 3434 qui
201 3349 242 3414 in
265 3347 520 3412 commissura
542 3347 711 3432 partium
735 3347 927 3432 perforati
952 3351 1061 3412 erant
1084 3348 1122 3412 in
1146 3369 1258 3413 uuum

115 3458 310 3538 coeuntem
338 3453 423 3518 inde
452 3453 491 3518 in
521 3453 769 3537 cerebellum,
796 3455 895 3540 quod
924 3459 1098 3537 vocatur,
1127 3454 1258 3519 tende·

116 3563 209 3626 bant
227 3559 358 3644 ibique
377 3559 478 3624 alius
498 3563 583 3623 eret
600 3581 741 3644 psrrus
756 3560 1006 3626 ventriculus.
1034 3560 1259 3644 Intersepta

116 3671 242 3732 sutem
265 3665 544 3730 membranulis
569 3667 731 3751 utraque
754 3689 847 3750 pars
867 3671 962 3752 erat3
985 3687 1070 3732 uem
1095 3670 1134 3730 et
1156 3689 1257 3732 eere·

31 3815 32 3820 1
117 3773 258 3837 bellum
282 3793 349 3855 per
373 3795 412 3835 se
442 3771 566 3856 ipsum
595 3771 856 3857 interseptum
885 3775 969 3836 erat
996 3775 1034 3836 et
1061 3774 1257 3838 cerebrum

116 3881 243 3945 ieiuno
263 3877 454 3944 intestino
474 3878 603 3942 simile
622 3883 659 3943 et
682 3880 842 3944 multum
862 3877 1112 3964 implicatum
1137 3879 1257 3944 multo

115 3991 242 4052 tumen
270 3985 390 4066 magis
419 3985 653 4052 cerebellum
682 3985 815 4050 multis
843 3985 1040 4069 variisque
1067 3984 1257 4050 anfracti-

116 4095 183 4158 bus
207 4093 470 4157 constructum
493 4090 715 4175 videbatur,
739 4097 794 4174 ut,
820 4091 862 4156 id
885 4091 950 4174 qui
973 4090 1093 4174 videt,
1115 4112 1257 4177 eogno-

116 4199 219 4264 seer'e
243 4195 385 4282 possit,
413 4197 726 4282 quemadmodum
750 4197 788 4262 in
816 4195 980 4281 reliquis
1005 4197 1257 4282 animalibus,

115 4310 154 4370 ut
178 4325 290 4370 eervo
313 4306 350 4367 et
372 4303 504 4388 lepore
528 4307 566 4368 et
595 4304 627 4368 si
654 4304 753 4389 quod
778 4302 882 4368 aliud
910 4302 948 4366 in
976 4325 1090 4369 eursu
1114 4305 1255 4369 ceteris

116 4411 237 4478 multo
259 4413 439 4496 praestat
462 4408 628 4476 utilibus
648 4409 692 4476 sd
710 4409 781 4476 boe
801 4413 838 4474 et
860 4409 1046 4475 musculis
1066 4415 1103 4475 et
1125 4409 1255 4476 nervis
