3212 5146
28 2570 31 2576 ,
118 2540 162 2576 σίν

568 443 609 452 -
656 405 810 472 585-

25 567 28 624 ἱ
115 563 176 650 μὲν
200 561 264 650 γάρ
287 559 462 632 κάνταῦθα
485 561 584 649 λόγος
611 557 658 642 εἷς
685 561 811 649 βραχὺς
838 559 1091 648 έπιστημονικὸς
1118 562 1262 648 ἐλέγχων

25 722 30 733 .
115 669 175 738 τὸν
203 669 400 758 Χρύσιππον
429 671 433 758 Ι
464 667 539 738 οὔτε
567 665 697 756 τάληθῆ
725 668 952 756 πρεσβεύοντα
982 669 1034 736 καί
1069 667 1329 755 μηκόνουταὸθθ

26 837 27 842 ,
115 781 280 865 περιττάς.
316 767 402 844 ἀλλά
423 779 459 844 oi
478 775 558 864 μήτε
576 777 814 855 παιδευθέντες
832 776 869 842 έν
892 771 1102 862 ἀποδεικτικῇ
1126 773 1262 865 μεθόδῳ

25 921 27 950 ι
115 881 200 972 μήθ’
227 882 309 964 ὅλως
333 882 481 970 γνόντες,
506 880 605 951 ὁποιά
629 889 679 962 τίς
702 884 782 966 έστι,
804 880 897 972 μόνῳ
922 880 958 948 δέ
982 885 1026 972 τῷ
1050 881 1184 967 μεγέθει
1207 879 1262 948 καί

25 1029 26 1034 ι
116 991 237 1078 πλῆθει
260 994 328 1058 τῶν
352 986 415 1058 ὑπὸ
440 995 638 1076 Χρυσίππου
662 991 859 1076 γραφέντων
882 993 1023 1074 βιβλίαν
1045 988 1289 1074 προσέχοντιςο

25 1135 29 1146 ι
116 1095 176 1166 τόν
198 1103 283 1166 νοῦν
310 1094 420 1184 άληθῆ
450 1103 621 1183 νομίζουσι
649 1093 753 1164 πάνθ’
784 1092 946 1183 ὑπάρχειν
974 1091 1067 1162 αὑτά.
1116 1094 1169 1162 καί
1198 1093 1262 1179 γάρ

25 1255 29 1294 ,
116 1205 171 1272 καί
195 1201 300 1283 ὄντας
324 1204 391 1271 dori
415 1202 613 1272 τὰπλεῖστα
641 1199 754 1270 αὐτῶν
777 1199 887 1289 ἀληθῆ
916 1203 969 1270 καὶ
998 1199 1139 1288 μάλιστά
1163 1227 1199 1286 γε
1222 1199 1261 1268 τά

116 1311 198 1380 κατὰ
222 1312 330 1379 έκεῖνο
353 1309 390 1378 τὸ
414 1315 562 1396 βιβλίον,
587 1309 623 1377 έν
646 1299 672 1400 ᾧ
697 1312 843 1378 δείκνυσι
869 1307 967 1388 ποιάς
994 1305 1080 1376 εἶναι
1108 1306 1166 1388 τάς
1189 1304 1262 1394 ἀρε-

117 1417 181 1498 τάς.
228 1413 311 1485 ἀλλὰ
336 1413 385 1484 ὅτι
410 1418 454 1506 τῷ
477 1421 560 1501 μιάν
582 1412 780 1508 ὑποθεμένῳ
805 1415 952 1502 δύναμιν
975 1411 1136 1504 ὑπάρχειν
1163 1415 1200 1482 έν
1222 1417 1262 1503 τῆ

25 1581 27 1608 ,
119 1526 206 1610 ψυχῆ
233 1521 295 1610 τῆν
321 1521 460 1609 λογικήν
487 1547 520 1589 τε
553 1523 607 1590 καὶ
640 1520 790 1609 κριτικὴν
817 1519 1081 1610 ὀνομαζομένην,
1109 1517 1261 1590 ἀνελόντι
1278 1543 1302 1582 ιο

25 1685 27 1716 ,
117 1629 154 1698 δὲ
177 1629 240 1716 τῆν
258 1629 502 1716 έπιθυμητικῆν
525 1655 558 1697 τε
582 1630 636 1697 καὶ
656 1633 833 1716 θυμοειδῆ,
856 1625 1049 1713 καθάπερὺ
1069 1625 1263 1714 Χρύσιππος

25 1793 27 1798 ,
117 1733 242 1820 ἀνεῖλε,
275 1735 408 1822 μάχεται
437 1737 478 1802 τά
511 1735 593 1804 κατὰ
619 1739 718 1804 τοῦτο
746 1735 784 1804 τὸ
812 1742 945 1823 βιβλίου
973 1738 1130 1822 εἰρημένα
1158 1741 1263 1813 ταυτί,

25 1901 27 1916 .
115 1845 281 1930 μέμψαιτο
309 1840 353 1910 ἀν
380 1870 430 1922 τις
456 1839 559 1912 αὑτιι·
587 1842 624 1912 τὸ
655 1845 769 1930 μέντοι
798 1842 1064 1929 καταβάλλεσθαι
1092 1839 1155 1928 τῆν
1179 1837 1263 1926 Ἀρί-

25 2009 27 2026 ,
117 1971 243 2028 στιινος
270 1953 400 2036 αἳρεσιν
429 1947 566 2036 ἀληθῶς
598 1948 662 2018 ὑπὸ
690 1953 759 2018 τάν
785 1949 1023 2036 γεγραμμένων
1055 1943 1117 2016 οὐκ
1145 1945 1188 2016 ἀν
1214 1975 1264 2027 τις

25 2119 28 2152 ἶ
117 2057 290 2143 μέμψαιτο.
337 2062 460 2143 νομίζει
484 2055 548 2144 γάρ
572 2054 590 2127 ὁ
614 2053 701 2144 ἀνὴρ
725 2058 850 2135 ἐκεῖνος
871 2061 953 2142 μίαν
976 2047 1083 2124 οὖσαν
1105 2053 1167 2141 τῆν
1190 2051 1303 2140 doe-1⁵

117 2162 180 2248 τὴν
208 2157 350 2249 ὀνόμασι
378 2163 514 2232 πλέοσιν
537 2159 760 2250 ὀνομάζεσθαι
783 2160 865 2232 κατά
889 2161 951 2249 τῆν
977 2160 1060 2248 πρός
1086 2187 1116 2228 τι
1140 2162 1263 2248 σχέσιν.

162 2311 267 2318 ---.-...-.-
273 2311 330 2318 ..-

153 2373 225 2448 θμῆ
245 2372 368 2432 advorsa
387 2376 478 2432 M.-
446 2377 654 2462 -4γνάκτες
672 2377 762 2431 Μ.-
782 2370 921 2442 ὑπλῆθει
940 2369 1077 2430 τάναντία
1097 2369 1153 2430 ὑπὸ
1172 2373 1208 2429 M.
1229 2405 1262 2414 —

25 2501 27 2504 .
117 2448 381 2576 ‘'wtizam''
407 2441 486 2503 θὸτι
476 2443 537 2502 ord
561 2448 741 2518 μίανΜ.-
769 2447 863 2502 13τιῖι
886 2443 1094 2516 μέντοιΜ.-
1122 2453 1153 2501 16
1172 2447 1261 2501 πλείο

227 2520 252 2574 Κ

117 2705 272 2786 quattuor
295 2701 454 2767 librorum
472 2700 627 2786 indigeat.
663 2701 725 2765 Est
744 2699 829 2766 enim
852 2700 907 2766 hic
925 2721 1052 2784 quoque
1071 2721 1136 2764 une
1155 2699 1262 2764 brevis

117 2809 201 2873 ratio
226 2807 367 2893 elegans,
389 2829 471 2892 quse
491 2803 711 2892 Chrysippum
735 2827 837 2892 neque
860 2830 937 2872 vere
956 2807 1115 2872 colentem
1139 2809 1172 2870 et
1194 2805 1263 2870 inu·

118 2915 221 2980 tiliter
243 2915 343 2999 longe
367 2913 513 2980 oratione
541 2917 685 2979 utentem
709 2918 873 3000 coarguet.
918 2913 964 2978 At
992 2913 1054 2997 illi,
1082 2912 1263 2998 quinoque

25 3003 27 3024 ³
118 3023 152 3086 in
175 3020 352 3086 disserendi
380 3025 449 3086 orte
473 3043 511 3086 so
538 3021 593 3086 ria
616 3021 733 3087 eruditi
758 3026 832 3086 sunt
858 3042 961 3106 neque
985 3019 1130 3099 omnino,
1158 3018 1263 3104 qualis

118 3152 155 3194 ea
182 3129 234 3211 sit,
257 3129 468 3214 cognoscunt,
491 3127 532 3192 ad
555 3128 658 3193 solam
683 3128 939 3214 magnitudinem
963 3131 995 3190 et
1023 3124 1263 3190 multitudinem

118 3234 296 3320 Chrysippi
328 3233 486 3300 librorum
524 3235 668 3300 animum
706 3235 910 3300 advertentes
943 3232 1066 3316 omnia,
1102 3254 1184 3317 quoe
1217 3232 1263 3298 ibi

25 3329 26 3336 ὑ
119 3342 241 3426 scripta
265 3345 352 3423 sunt,
376 3363 451 3404 vero
474 3363 544 3404 esse
568 3341 777 3407 arbitrentur.
822 3341 998 3406 Enimvero
1023 3363 1095 3404 cum
1124 3339 1263 3423 plurima

25 3531 27 3538 Ι
119 3471 156 3512 ex
181 3449 221 3511 iis
246 3469 321 3512 vem
344 3451 429 3530 sunt,
452 3450 522 3511 tum
546 3447 696 3532 maxime,
719 3471 800 3533 quse
823 3449 857 3514 in
881 3470 919 3514 eo
942 3447 1041 3529 libro,
1064 3469 1128 3530 qno
1152 3447 1263 3530 quales

119 3575 189 3617 esse
209 3552 346 3616 virtutes
365 3553 516 3636 ostendit,
536 3553 754 3638 continentur,
775 3559 809 3618 at
827 3555 922 3639 quod,
945 3576 1027 3638 quae
1046 3553 1080 3617 in
1099 3551 1159 3618 hoc
1179 3553 1264 3618 libro

119 3658 282 3740 dicuntur,
306 3680 438 3742 prorsus
462 3664 538 3724 cont
539 3660 627 3724 roris
652 3661 702 3725 illi
727 3665 802 3726 sunt
806 3661 895 3746 ,qui
925 3682 1023 3726 imam
1045 3663 1173 3724 tantum
1197 3661 1264 3726 vim

119 3765 152 3830 in
183 3765 292 3830 animo
325 3765 454 3849 statuit,
486 3788 567 3850 quse
600 3789 636 3831 rs
637 3767 835 3832 tionsliset
867 3767 1039 3833 iudicatrix
1071 3767 1264 3850 appellatur,

120 3871 258 3938 sublatis
277 3871 410 3955 reliquis
430 3872 564 3956 duabus,
582 3874 829 3958 concupiscente
848 3877 881 3939 et
899 3875 1067 3955 irascente,
1085 3873 1170 3938 sicut
1187 3871 1265 3938 fecit

119 3977 332 4062 Chrysippus,
354 3978 387 4042 id
407 3977 524 4044 merito
548 3978 671 4046 homini
696 3981 777 4045 vitio
801 3979 941 4044 dandum
960 3981 1010 4044 est
1015 4004 1023 4062 ς
1046 3979 1130 4063 ιμιοδ
1155 3983 1263 4044 sutem

121 4083 282 4150 Aristonis
307 4089 428 4149 sectam
453 4107 504 4168 es,
527 4108 608 4170 quse
631 4086 678 4150 ibi
702 4087 825 4170 scripta
848 4090 932 4168 sunt,
955 4086 1160 4168 subvertunt,
1184 4085 1263 4151 vitio

119 4190 188 4255 dari
212 4212 279 4256 non
301 4193 420 4274 potest.
460 4191 567 4256 Unam
591 4193 676 4258 enim
700 4193 853 4257 virtutem
878 4215 948 4256 esse
972 4191 1125 4275 opinatur
1142 4191 1264 4275 Aristo,

119 4321 201 4382 quse
225 4297 372 4381 pluribus
391 4298 588 4382 nominibus,
611 4303 708 4383 prout
731 4299 772 4363 sd
790 4297 913 4384 aliquid
931 4297 1098 4380 referatur,
1121 4299 1262 4382 appelle-

119 4411 181 4470 tur.
226 4401 431 4490 Chrysippus
458 4404 560 4490 igitur
581 4427 647 4472 non
665 4405 699 4470 in
726 4405 882 4472 relatione
907 4405 947 4470 od
970 4403 1093 4488 aliquid
1116 4405 1261 4474 multitu·
