3228 5148
617 369 839 434 ..87-

148 521 232 590 κατὰ
263 521 301 590 δὲ
329 521 400 610 τὴν
429 519 603 612 ἀμετρίαν
632 529 799 613 praebent.
851 527 885 594 P.
916 530 981 595 570
1011 533 1087 614 post
1115 532 1158 598 in.
1190 555 1248 616 pro
1281 525 1302 619 ἡ

147 633 262 696 τοῖσδε
285 628 367 716 σάρξ
391 629 598 722 (MABOhK)
622 630 642 718 ἡ
665 635 789 700 τῶνδε
813 653 842 700 σ.
865 637 1077 702 restituimus,
1115 637 1225 704 Etiam
1251 664 1302 722 ον,

149 762 208 820 ου,
237 763 263 803 α
291 737 361 826 (ῳ),
390 763 422 804 οι
450 739 546 804 facile
575 742 728 808 confundi
755 746 940 827 potuerunt.
990 743 1024 808 P.
1053 744 1119 810 240
1147 749 1225 810 extr.
1257 739 1303 823 ὡς

148 843 336 928 ἐγκέφαλον
363 843 462 923 ψαύει
490 841 530 910 τά
548 836 630 912 ’ὦτα
658 848 767 929 ΜΑΒ,
800 850 940 914 correxit
972 849 1083 915 Chart
1117 848 1302 935 ἐγκεφάλου

148 953 308 1036 scribenti,
341 954 426 1038 quod
459 951 483 1018 G
516 975 600 1020 nune
631 956 778 1040 praebet3
811 977 841 1038 p.
874 955 941 1020 524
973 961 1047 1022 ante
1077 957 1158 1024 med.
1190 956 1301 1024 ἕνεκεν

148 1056 271 1124 ἑαυτοῦ
293 1082 327 1124 τε
351 1059 405 1124 καὶ
429 1055 489 1126 τὸν
511 1056 640 1146 καρπὸν
665 1057 875 1126 διαπλάττειν
897 1062 977 1145 MA,
1004 1063 1065 1127 τοῦ
1092 1065 1223 1149 καρποῦ
1252 1087 1300 1130 re·

147 1167 258 1232 stituit
280 1166 317 1230 B.
368 1163 466 1232 Cuius
496 1168 758 1233 commutationis
782 1168 1065 1253 frequentissimae
1093 1170 1299 1238 immemores

146 1272 289 1338 editores
323 1277 429 1356 erant,
462 1296 534 1338 cum
562 1297 593 1358 p.
621 1273 688 1340 565
716 1278 791 1339 ante
823 1275 905 1345 med,
934 1275 1147 1359 seripserunt:
1180 1278 1211 1342 εί
1236 1273 1300 1362 τὴν

145 1373 193 1455 ὡς
225 1380 441 1456 διδασκαλίας
473 1374 580 1465 ἀρχὴν
609 1373 629 1472 ἢ
659 1376 721 1464 τὴν
751 1374 797 1456 ὦς
826 1375 924 1446 ὁδὸν
953 1374 974 1465 ἢ
1007 1376 1163 1448 ὁπωσοῦν
1193 1379 1300 1463 άλλως

145 1483 277 1562 ἐθέλοις
300 1493 511 1571 exoneratum
535 1510 594 1572 pro
618 1477 702 1552 ὁδόν
725 1487 897 1573 legendum
917 1493 967 1552 est
989 1483 1099 1554 ὁδοῦ.
1133 1489 1298 1556 Nimirum
1342 1495 1346 1504 '

143 1592 236 1656 ieeur
262 1593 351 1658 omni
380 1595 476 1660 modo
504 1594 700 1680 principium
732 1616 889 1659 venarum
923 1617 992 1658 esse
1024 1593 1166 1660 Galenus
1196 1598 1298 1664 dooet.

145 1698 303 1783 Principii
327 1704 436 1766 autem
459 1701 613 1786 quoniam
636 1701 731 1785 plura
755 1721 874 1786 genera
899 1705 986 1785 sunt,
1012 1723 1126 1786 unum,
1153 1704 1239 1787 quod
1262 1704 1298 1770 iu

143 1827 253 1870 rerum
285 1809 402 1872 natura
434 1808 507 1891 ipsa
543 1807 642 1872 situm
680 1811 744 1891 est,
777 1807 929 1891 alterum,
961 1807 1047 1892 quod
1078 1808 1114 1873 in
1150 1809 1297 1875 doctrina

143 1906 244 1996 (ἀρχὴ
274 1912 517 2001 διδασκαλίας),
546 1912 597 1978 vel
625 1914 653 1978 si
677 1913 822 1997 tertium,
849 1914 934 1998 quod
961 1914 1109 1980 nonnulli
1133 1918 1294 2003 excogita-

144 2024 262 2083 verimt
290 2015 334 2104 (p.
362 2019 427 2084 564
454 2021 525 2085 init
549 2018 631 2104 φασὶ
659 2015 723 2104 γάρ
747 2015 859 2103 ὥσπερ,
880 2013 964 2084 ὁδοῦ
986 2042 1036 2095 τις
1061 2013 1144 2104 ἀρχὴ
1168 2019 1295 2105 λέγεται

143 2149 173 2188 κ.
195 2149 222 2188 τ.
245 2123 303 2210 λ),
332 2125 403 2190 viae
431 2126 629 2210 principium
660 2127 828 2209 admittas,
862 2125 947 2190 ratio
979 2129 1090 2190 tamen
1124 2129 1295 2193 constabit.

143 2231 177 2295 P.
205 2231 270 2296 418
299 2233 381 2296 med.
410 2232 444 2297 in
471 2233 587 2319 fragm.
615 2234 762 2318 Euripid.
790 2254 850 2316 pro
875 2227 1019 2315 ἐμαυτὸν
1044 2231 1237 2316 προστιθεὶς
1259 2235 1294 2299 in

142 2337 237 2402 MAB
267 2338 388 2404 tradito
418 2336 466 2403 Ch
496 2341 581 2403 reete
614 2338 742 2428 ἐμαυτῷ
775 2359 807 2402 π.
839 2338 958 2421 posuit.
1012 2336 1047 2402 P.
1078 2338 1141 2402 763
1169 2339 1211 2403 in.
1241 2337 1300 2404 ἐπὶ·

142 2448 246 2508 τίνων
268 2468 302 2509 τε
325 2441 429 2529 χυλὸν
451 2440 611 2528 πτισάνης
633 2442 826 2528 MABChK,
853 2443 941 2531 χυλῷ
967 2446 1102 2528 propter
1125 2447 1293 2528 sequentia

144 2545 162 2635 ἢ
186 2551 226 2636 τῇ
249 2552 351 2637 κριθῇ
375 2549 537 2635 χρηστέον
560 2552 758 2636 scripsimus
779 2588 823 2596 —
841 2549 892 2615 Ex
916 2550 990 2615 aliis
1013 2550 1199 2616 litterarum
1221 2574 1292 2636 per·

142 2657 393 2740 maurontus,
415 2679 456 2722 ne
480 2659 596 2742 longus
621 2681 738 2741 essem,
761 2658 821 2722 has
841 2657 938 2742 elegi:
961 2660 983 2740 β
1006 2661 1038 2720 et
1061 2682 1084 2740 μ
1106 2661 1292 2724 nostrorum

141 2785 269 2848 quoque
293 2764 439 2829 codicum
463 2764 616 2829 librarios
639 2767 855 2848 permutasse,
876 2763 967 2827 velut
985 2785 1058 2827 eum
1077 2758 1156 2847 μετά
1176 2765 1292 2849 μῶμον

140 2895 200 2955 pro
237 2871 431 2956 μεταβῶμεν
466 2871 656 2953 seriberent,
693 2871 758 2934 iam
791 2892 890 2952 supra
922 2870 999 2934 dixi·
1021 2867 1033 2942 ί
1036 2893 1066 2952 p.
1098 2869 1170 2957 40);
1206 2871 1293 2958 fugit

141 2985 257 3042 autem·
281 2978 421 3042 editores
450 2967 549 3042 unuin
577 2976 759 3060 exemplum
792 2976 928 3060 insigne.
982 2975 1040 3059 Pp.
1067 2977 1133 3042 380
1166 2981 1199 3042 et
1226 2979 1289 3043 381

141 3084 364 3168 Chrysippum
385 3083 524 3150 Galenus
544 3084 689 3169 queritur
712 3083 746 3147 in
765 3082 876 3146 eadem
895 3104 929 3146 re
949 3084 1112 3147 contraria
1132 3086 1164 3146 et
1182 3106 1290 3149 seeum

140 3191 322 3278 pugnantia
352 3191 540 3256 conexuisse
571 3193 612 3256 ob
643 3212 777 3274 eamque
810 3212 941 3253 eausam
971 3210 1124 3274 magnam
1154 3189 1289 3256 difficul-

139 3303 243 3363 tatem
272 3299 387 3363 afferre
414 3298 470 3380 iis,
500 3297 556 3382 qui
582 3297 641 3361 illa
667 3296 860 3380 redarguere
893 3299 1063 3380 conentur,
1092 3297 1223 3378 perinde
1252 3319 1289 3362 ae

140 3406 169 3468 si
193 3405 337 3490 quisita
360 3405 491 3469 dixerit:
515 3403 587 3488 ‘ego
611 3407 784 3488 postquam
808 3425 935 3466 sursum
960 3402 1109 3466 descendi
1136 3406 1168 3464 et
1191 3402 1288 3468 eollo·

140 3517 234 3576 cutus
263 3533 336 3575 eum
364 3511 471 3594 lapide
501 3532 572 3574 sum
601 3511 633 3573 et
660 3531 717 3592 per
745 3507 887 3572 medium
915 3529 1029 3571 saxum
1057 3508 1225 3594 navigavi,
1255 3509 1289 3574 in

138 3619 304 3704 gurgitem
323 3617 413 3682 lacus
433 3615 587 3701 aseendi'3
611 3609 654 3678 άυ
671 3637 705 3678 τε
725 3610 803 3697 γάρ,
825 3614 934 3698 inquit
953 3613 1093 3678 Galenus
1113 3616 1289 3680 seeundum

139 3725 189 3788 (fh
224 3729 257 3788 et
283 3723 328 3807 K,
361 3717 406 3799 ὡς
438 3715 478 3787 οὐ
505 3717 693 3804 καταβάντα
724 3719 892 3806 διελέγχης
923 3716 1063 3802 φάσκων
1091 3715 1195 3786 αὐτὸν
1218 3717 1288 3787 dvm

138 3828 402 3916 μεμενηκέναι
434 3823 674 3911 καταβάντα,
706 3821 796 3891 τοῦτ’
836 3819 916 3891 αὐτὸ
953 3822 1061 3912 δήπου
1098 3824 1196 3911 φήσει
1233 3826 1288 3893 καί

138 3933 239 4014 αὐτὸς
269 3935 433 4022 είρηκέναι
461 3930 543 4000 κατὰ
571 3931 631 3999 τὸν
658 3930 762 4017 λόγου
791 3931 827 3997 ἐν
855 3933 899 4022 τῷ
924 3939 1123 4019 προσθεῖναι
1146 3929 1183 3998 τὸ
1208 3929 1288 3999 dvm.

139 4045 204 4110 Pro
218 4039 416 4127 καταβάντα,
435 4041 520 4125 quod
538 4044 642 4106 totam
661 4040 869 4106 refutationis
889 4041 955 4104 vim
969 4040 1095 4122 evertit,
1114 4037 1138 4103 C
1153 4040 1288 4123 praebet

138 4146 178 4216 τά
209 4147 332 4226 πάντα;
363 4171 422 4233 pro
452 4145 668 4231 μεμενηκέναι
699 4144 913 4233 (μεμυ-ηκέναι
945 4143 1053 4230 ΜΑΒ)
1089 4150 1198 4209 autem
1226 4168 1285 4211 nos

139 4257 330 4341 scripsimus
354 4251 582 4337 βεβηκέναι,
613 4255 698 4339 quod
722 4253 900 4319 sententiae
924 4253 1008 4318 ratio
1033 4251 1215 4317 necessario
1238 4274 1285 4316 re·

139 4363 254 4450 quirit:
286 4361 333 4427 ‘ui
361 4361 448 4427 enim
481 4360 579 4425 istum
611 4361 804 4447 redarguere
836 4359 930 4445 velis,
961 4380 1034 4424 cum
1067 4357 1099 4422 id
1130 4381 1286 4447 opponas,
