3246 5148
789 272 1008 339 -5o-

327 431 387 501 bus
411 433 589 520 disputatio
612 436 686 521 ipsa
708 437 870 520 duplicem
896 436 997 501 habet
1024 459 1181 521 errorem,
1209 435 1266 502 sed
1289 431 1482 521 Chrysippi,

327 544 418 608 cuius
441 543 496 607 ille
520 565 643 609 errores
662 544 853 629 redarguere
874 548 1022 630 conatur:
1046 545 1166 628 quade
1186 567 1285 608 causa
1304 544 1482 608 restituen-

328 650 403 713 dum
427 649 697 716 existimavimus:
725 645 743 715 d
768 647 841 733 περὶ
864 651 932 714 τῶν
955 643 1082 734 ἀρετῶν
1105 645 1205 733 λόγος
1228 644 1350 714 αὐτοῦ
1374 646 1483 731 ἐλὲγ·

328 779 405 840 χων
434 751 471 820 τὸ
503 752 638 841 σφάλμα
669 752 791 822 διττόν.
840 755 960 821 Verbis
990 757 1108 823 vitiose
1139 757 1174 821 in
1203 756 1261 821 AB
1293 756 1482 820 terminatis

328 885 526 947 quamquam
549 864 782 929 correctionem
806 863 969 947 adhibuit,
992 863 1082 928 velut
1105 857 1235 948 ὑπάρχῃ
1259 884 1319 947 pro
1340 855 1483 944 ὑπάρχει

328 970 498 1034 scribendo
525 992 556 1053 p.
579 969 643 1034 497
672 972 705 1032 et
733 970 875 1054 saepius,
905 971 1033 1052 ἔγνωκα
1061 993 1121 1055 pro
1150 971 1295 1052 ἔγνωκεν
1322 964 1367 1053 (p.
1391 968 1484 1052 583),

329 1073 524 1158 ἐντρέφηται
543 1097 603 1160 pro
622 1072 811 1160 ἐντρέφεται
830 1072 875 1160 (μ.
889 1074 983 1162 461),
1006 1080 1117 1139 tamen
1139 1097 1205 1140 nou
1224 1075 1375 1141 omuibus
1399 1074 1483 1139 loeis

329 1185 451 1246 rectam
474 1182 665 1246 emendandi
688 1182 775 1245 viam
800 1182 888 1266 iniit,
910 1186 1139 1266 praeterquam
1162 1181 1248 1265 quod
1270 1204 1336 1246 non
1359 1181 1482 1264 ubique

330 1288 436 1352 sedem
460 1289 650 1354 mendorum
673 1289 847 1372 perspexit.
890 1289 925 1354 P.
950 1290 1012 1353 719
1038 1292 1113 1352 ante
1136 1288 1189 1351 fin.
1214 1286 1271 1352 Ch.
1296 1291 1329 1351 et
1351 1287 1482 1351 Kuehn.

330 1395 509 1460 ediderunt:
542 1389 614 1459 ἀλλ’
645 1396 676 1459 εἰ
701 1392 755 1458 καὶ
787 1394 886 1482 ζῷον,
917 1390 936 1460 ὅ
965 1420 996 1459 τι
1026 1387 1069 1459 dcv
1099 1390 1308 1477 ἐθελήσαις,
1341 1393 1481 1476 διψήσω

327 1496 509 1584 ποιήσεις,
532 1493 577 1576 ὦς
594 1498 826 1586 κεχρωσμένον
848 1494 942 1586 ὕδωρ
960 1494 1139 1586 ὑπομεῖναι
1162 1511 1309 1582 ποιεῖν,
1333 1500 1365 1564 εἰ
1387 1500 1484 1581 δοίης
1595 1547 1596 1568 2

283 1647 288 1656 -
329 1613 393 1672 εἴτε
415 1607 528 1695 κυανῷ
552 1605 697 1691 χρώματι
720 1602 851 1690 χράσας
878 1613 942 1672 εἴτε
964 1610 1083 1695 μίλτῳ,
1114 1600 1172 1670 εἶτ’
1198 1601 1325 1682 εὐθέως
1353 1603 1484 1688 σφάξας

329 1707 519 1796 άνατὲμοις,
551 1706 703 1796 εὑρήσεις
729 1712 961 1797 κεχρωσμένον
987 1708 1049 1777 τὸν
1078 1709 1258 1797 πνεύμονα.
1308 1711 1482 1776 Medorum

330 1820 414 1885 ratio
438 1819 473 1883 in
495 1819 624 1884 Protasi
646 1819 755 1903 priore
778 1837 844 1884 non
868 1820 973 1884 solum
997 1842 1017 1883 a
1039 1819 1184 1884 librariis
1207 1819 1400 1903 perturbata
1423 1823 1482 1898 est,

330 1927 386 1989 sed
409 1926 509 1990 etiam
533 1922 756 2009 aCharterio,
779 1927 848 2010 qui,
872 1927 956 2011 quod
980 1927 1014 1990 in
1033 1924 1127 1990 ΜΑΒ
1147 1926 1312 1991 invenitur
1329 1947 1482 2009 perverse

331 2032 487 2116 seriptum
511 2026 686 2116 ἐθελήσας,
710 2031 744 2095 in
771 2028 947 2115 ἐθελήσαις
973 2033 1128 2115 mutavit,
1155 2055 1227 2096 eum
1255 2032 1387 2096 deberet
1415 2053 1481 2095 mu-

330 2143 400 2204 tare
424 2139 459 2203 in
482 2133 658 2224 ἐθελήσῃςς
681 2161 741 2223 pro
765 2134 915 2222 ποιήσεις
934 2143 1043 2203 sutem
1066 2138 1271 2204 scribendum
1295 2142 1366 2202 erat
1387 2133 1481 2219 ποιή-

330 2263 412 2322 σαις.
462 2243 614 2310 Ceterum
641 2246 760 2310 mirum
788 2248 850 2327 est,
879 2245 964 2328 quod
995 2246 1135 2310 editore:
1168 2245 1209 2309 ad
1240 2267 1339 2309 unum
1370 2266 1481 2309 omnes

330 2353 410 2418 illud
432 2363 541 2417 ποιεῖν
564 2352 723 2416 intactum
746 2352 959 2435 reliquerunt,
983 2353 1068 2437 quod
1090 2353 1202 2436 utique
1225 2351 1260 2416 in
1283 2362 1391 2416 πιεῖν
1415 2373 1483 2414 mu-

329 2460 465 2522 tandum
489 2461 567 2522 erat
598 2457 685 2522 Nam
709 2457 789 2522 haee
813 2457 893 2522 dicit
916 2456 1071 2522 Galenus:
1096 2455 1161 2540 (δί,
1184 2456 1395 2542 quodcunque
1420 2457 1482 2521 tibi

330 2565 463 2630 libuerit
486 2564 622 2648 animal,
650 2564 690 2628 ad
713 2567 840 2628 tantam
864 2564 954 2630 sitim
977 2565 1188 2648 compuleris,
1217 2567 1255 2628 ut
1281 2564 1333 2628 vel
1356 2563 1481 2628 colora-

330 2675 397 2734 tam
419 2693 536 2755 aquam
550 2670 661 2734 bibere
681 2670 853 2754 sustineat,
875 2670 932 2734 ubi
947 2671 997 2734 vel
1017 2671 1165 2735 caeruleo
1186 2671 1293 2735 colore
1312 2670 1362 2735 vel
1377 2669 1479 2734 minio

331 2777 485 2842 infectam
508 2776 676 2862 potionem
697 2776 822 2840 dederis
847 2799 884 2841 ac
903 2800 978 2842 mox
997 2777 1181 2863 iugulatum
1200 2777 1407 2860 dissecueris,
1430 2799 1479 2841 co·

331 2884 399 2948 lore
428 2884 540 2948 eodem
568 2883 755 2966 pulmonem
783 2883 852 2947 eius
879 2884 1035 2949 infectum
1063 2882 1304 2968 deprehendes?
1354 2883 1389 2947 P.
1415 2884 1478 2946 775

331 2994 408 3074 post
430 2991 473 3054 in.
502 2989 616 3054 edidit:
648 2991 679 3053 εἰ
705 2985 768 3072 γὰρ
796 2989 1012 3076 διῃροῦντο
1039 2986 1079 3054 τὰ
1107 2989 1165 3073 τής
1192 2990 1298 3073 ψυχῆς
1325 2990 1398 3071 εῖδη
1426 2986 1480 3052 καὶ

332 3097 447 3180 σαφῶς
470 3091 658 3179 ἐγνώκεσαν
681 3093 795 3180 ἕτερον
817 3092 879 3179 μὲν
902 3091 1046 3160 εἶναιτὸ
1071 3091 1276 3178 λογιστικόν,
1304 3092 1418 3179 ἕτερον
1442 3092 1479 3158 δὲ

330 3199 367 3268 τὸ
392 3197 518 3286 άλογον
541 3226 570 3267 κ.
591 3225 618 3268 τ.
641 3206 683 3279 λ.;
707 3203 886 3287 διῃροῦντο
911 3203 1043 3286 scripsit
1069 3226 1128 3286 pro
1157 3197 1314 3287 διήροντο
1338 3198 1470 3285 (ΜΑΒ)

332 3315 366 3374 at
385 3310 500 3374 melius
519 3309 704 3393 scripsisset
722 3305 927 3394 διῄρηντο,
950 3309 1035 3392 quod
1051 3309 1156 3394 magis
1172 3309 1312 3393 quadrat
1325 3308 1365 3372 ad
1380 3303 1481 3390 ἐγνιό-

331 3433 441 3479 κεσαν.
469 3453 512 3461 -
540 3415 792 3499 Adverbiorum,
818 3415 1101 3499 Praepositionum
1131 3414 1331 3499 aliarumque
1360 3415 1479 3480 oratio·

331 3523 383 3586 nis
406 3521 644 3586 Particulsrum
668 3521 914 3586 terminationes
934 3522 1104 3586 mendosas
1124 3521 1263 3586 correxit
1281 3542 1403 3603 paucas
1421 3541 1480 3583 nee

332 3628 450 3711 ubique
474 3632 573 3713 recte5
601 3653 632 3714 p.
655 3630 721 3693 500
743 3650 803 3711 pro
829 3627 875 3714 τῷ
903 3620 1091 3710 άλογίστω
1116 3625 1247 3714 (ΜΑΒ)
1275 3624 1480 3709 θυμουμένω

332 3734 387 3799 ille
411 3735 540 3818 quidem
562 3734 607 3821 τῷ
631 3727 839 3817 ἀλογίστως
862 3739 895 3796 θ.
919 3734 1147 3798 convenienter
1173 3733 1314 3797 orationi
1337 3732 1480 3797 Platoni-

333 3864 389 3906 cae
419 3840 563 3924 scripsit,
592 3843 627 3904 at
654 3840 738 3903 idem
766 3841 836 3924 ipse
865 3840 962 3924 paulo
990 3839 1077 3907 infra
1105 3863 1135 3924 p.
1158 3841 1223 3904 502
1251 3839 1294 3903 in.
1322 3840 1480 3903 memoria

331 3946 546 4012 hebetissime
568 3947 613 4034 τῷ
637 3939 817 4034 άλογίστφ
844 3944 1062 4034 θομουμένφλ
1108 3945 1232 4010 Eadem
1259 3945 1479 4010 inconstantia

334 4076 371 4118 ac
393 4053 561 4117 temeritas
585 4053 619 4116 in
643 4051 786 4116 Kuehnii
810 4054 951 4117 editione
975 4053 1232 4136 deprehenditur.
1268 4051 1303 4116 P.
1321 4051 1385 4115 411
1406 4057 1481 4135 post

332 4160 374 4223 in.
399 4182 527 4224 versum
550 4159 763 4243 Euripideum
790 4159 900 4224 nescio
930 4159 1013 4223 rmde
1041 4160 1087 4223 eie
1111 4159 1224 4222 edidit:
1257 4154 1389 4240 Κύπρις
1416 4153 1478 4240 γὰρ

334 4258 452 4331 οὐδὲν
474 4264 723 4350 νοοθετοομένῃ
747 4266 846 4352 χαλᾷς
869 4287 929 4330 nec
952 4265 986 4329 M
1008 4287 1067 4330 nee
1087 4265 1146 4329 AB
1171 4258 1290 4328 οὐδέν
1311 4265 1479 4349 praebent,
