3166 5192
446 467 807 532 ’-52’ἰ-

104 625 210 712 ἄλλης
232 624 269 691 δὲ
293 616 474 709 ἐξαγούσης
500 621 537 690 τὸ
566 626 707 710 πνεῦμα.
756 625 909 707 φαίνεται
940 618 1004 706 γὰρ
1032 617 1052 706 ἡ
1082 620 1184 707 φύσις
1215 618 1257 690 ού

102 747 178 810 τοίς
210 725 324 806 αύτοίς
355 725 502 814 ἀγγείοις
534 729 685 816 χρωμένη
718 725 801 813 πρός
831 752 866 794 τε
897 725 956 805 τὰς
985 729 989 808 Ι
1016 723 1324 814 ἡμιεργάστουςευε

102 837 190 917 ὕλας
213 835 267 904 καί
295 831 379 919 πρὸς
402 833 457 915 τὰς
483 835 601 914 τελέοις
629 833 908 920 κατειργασμένοις
936 830 1015 901 οὐδὲ
1043 847 1115 912 ταῖς
1142 829 1258 912 αύταϊς

105 941 212 1022 ὁδοῖς.
259 935 337 1012 οὐδὲ
368 941 433 1033 γάρ
461 939 609 1010 δυνατόν
637 941 726 1008 έστιν
749 937 816 1028 ἅμα
843 939 905 1027 μὲν
931 937 994 1028 τὴν
1017 935 1201 1025 ἡμίπεπτον
1224 939 1257 1020 ἐξ

104 1048 234 1137 ἥπατος
257 1057 304 1131 εἰς
332 1057 476 1140 καρδίαν
504 1043 756 1135 ἀναπέμπεσθαι
779 1046 925 1132 τροφήν,
952 1043 1021 1133 ίλμα
1043 1043 1080 1112 δὲ
1107 1043 1170 1132 τὴν
1192 1043 1284 1132 ἤδηι

103 1161 394 1248 κατειργασμένην
418 1157 473 1226 διὰ
496 1159 554 1244 τῆς
577 1151 679 1240 αὐτῆς
707 1151 791 1222 ὁδοῦ
813 1153 1076 1239 καταφέρεσθαι,
1103 1147 1186 1220 ἀλλὰ
1214 1144 1258 1239 ἦν

17 1265 21 1274 ’
104 1260 308 1345 δινπάντως
327 1266 420 1353 έτέρα
438 1263 501 1353 μέν
518 1261 607 1348 φλέψ
629 1257 649 1348 ἡ
669 1259 848 1346 εἰσάγουσα
865 1257 928 1346 τὴν
946 1256 1140 1346 ἡμίπεπτον,
1164 1257 1257 1346 έτέριι

105 1370 146 1436 δέ
172 1367 192 1456 ἡ
216 1370 279 1456 τὴν
301 1369 445 1460 ἀκριβῶς
463 1367 745 1455 κατειργασμένην
769 1364 941 1451 έξάγουσα.
977 1365 1053 1432 νυνὶ
1078 1363 1114 1432 δὲ
1134 1365 1258 1452 εἰσάγει

105 1477 173 1566 μέν
195 1504 260 1557 τις,
284 1477 391 1565 ἐξάγει
415 1478 451 1546 δέ
475 1474 614 1562 οὐδεμία
638 1471 725 1562 πλὴν
747 1477 804 1558 τῆς
834 1475 881 1550 εἰς
903 1469 1091 1558 πνεύμονα,
1118 1473 1192 1558 περλ
1220 1465 1259 1559 ἧς

105 1575 155 1651 αὖ
179 1583 230 1650 έπί
253 1585 356 1653 πλέον
384 1586 422 1652 ἐν
443 1597 513 1662 τοῖς
539 1581 613 1668 περὶ
641 1584 751 1667 χρείας
777 1583 906 1666 μορίοιν
929 1577 1174 1666 ἐπισκεψόμεθα
1196 1576 1299 1664 τίμια

104 1694 223 1758 αἰτίαν
255 1692 469 1778 ἐρευνῶντες,
502 1679 540 1775 ἧς
572 1687 684 1754 ἕνεκεν
716 1688 752 1754 έκ
782 1687 841 1772 τῆς
871 1689 1025 1772 καρδίας,
1055 1681 1117 1753 ούκ
1144 1687 1179 1754 έκ
1202 1690 1259 1772 τῇς

104 1803 242 1884 κοίλης,
266 1798 424 1884 ἐξέφυσεν
447 1793 467 1883 ἡ
490 1793 592 1882 φύσις
619 1797 666 1872 εἰς
686 1789 748 1860 τὸν
770 1789 943 1879 πνεύμονα
971 1791 1034 1880 τὴν
1061 1793 1259 1879 θρέψουσαν

105 1903 146 1972 τὸ
174 1903 365 1992 σπλάγχνον
388 1905 504 1990 φλέβα.
1177 1983 1183 1998 ἱ

204 2018 319 2078 Λεῑται
350 2009 385 2078 δέ
413 2008 571 2096 μάλιστα,
599 2013 690 2092 εἰπερ
717 2031 767 2085 τις
794 2003 894 2084 ἄλλος
920 2003 1034 2090 λόγος,
1064 2006 1119 2074 καλ
1148 2003 1165 2075 ὁ
1194 2011 1258 2075 νῦν

107 2115 194 2202 ἡμῖν
217 2122 433 2202 προκείμενος
455 2111 644 2182 αὐτοῦτοῦ
666 2113 875 2198 φαινομένου
897 2110 979 2179 κατὰ
1002 2111 1061 2192 τὰς
1082 2109 1258 2200 άνατομάς.
1273 2139 1298 2178 ιι

109 2219 156 2290 οὐ
179 2219 287 2306 μόνον
306 2220 371 2308 γὰρ
389 2217 528 2306 οὐδεμία
551 2225 704 2305 φαίνεται
723 2217 812 2302 φλὲψ
835 2218 871 2285 έιι
888 2221 1026 2305 καρδίας
1044 2223 1091 2298 εἰς
1113 2219 1152 2287 τά
1170 2219 1258 2288 κάτα

148 2515 165 2562 4
185 2501 247 2578 ἅμα
266 2527 295 2563 τε
315 2475 472 2564 οοδδίεδδ.
492 2499 551 2633 δρα
570 2501 623 2594 μέν
642 2519 704 2572 οοις
723 2503 757 2561 cl.
773 2503 856 2560 Prcll.
875 2521 902 2574 p.
919 2511 977 2561 105.
998 2537 1030 2546 —
1050 2501 1081 2562 τὸ
1100 2499 1258 2577 ἡμίπεπτον

108 2575 304 2650 (ἡμίπεμιιτον
319 2581 358 2646 Μ)
377 2579 456 2634 codd.
471 2579 504 2634 ed

110 2651 178 2706 νυνί
202 2643 231 2704 δ’
255 2645 362 2720 εἰσάγει
387 2650 508 2720 omissis,
531 2667 605 2720 quse
627 2649 775 2705 interiecto
798 2649 875 2716 sunt,
899 2648 992 2704 verbis
1010 2649 1046 2703 M.
1074 2681 1106 2689 -
1135 2657 1151 2705 9
1190 2647 1259 2713 ςάν

110 2719 161 2778 inl
176 2719 318 2776 MABCh.
334 2753 367 2762 -
388 2729 420 2777 10
440 2715 663 2792 ἰπισιιευύμεθα
677 2719 770 2774 ΜΑΒ.
786 2749 821 2760 -
841 2725 873 2774 12
892 2718 1046 2790 θρέψασαν
1063 2721 1205 2778 Macen.
1224 2753 1258 2763 —

527 2623 532 2634 .
552 2599 604 2648 την
618 2571 644 2646 ἡ
664 2595 721 2633 nos.
741 2606 775 2618 -
796 2583 810 2632 7
829 2571 867 2630 ἂν
885 2594 939 2632 om.
959 2579 995 2632 ll.
1016 2609 1048 2618 —
1068 2573 1085 2646 ἡ
1106 2574 1168 2634 εἰοά
1187 2599 1258 2634 ουσα

111 2991 304 3063 introducat
339 2991 503 3078 spiritum,
540 2991 657 3076 alters,
693 3013 774 3078 quse
810 2989 935 3056 educat
993 2991 1142 3076 Apparet
1173 2994 1259 3060 enim

109 3107 266 3170 naturum
289 3121 352 3166 non
377 3099 493 3164 iisdem
522 3101 609 3165 vasis
637 3121 739 3184 neque
763 3099 878 3164 iisdem
906 3099 1068 3164 meatibus
1092 3102 1140 3165 uti
1163 3106 1197 3166 et
1219 3103 1259 3166 sd

110 3207 271 3276 materias
295 3207 485 3272 semicoctas
508 3211 541 3270 et
564 3205 605 3270 ad
628 3205 722 3290 plene
745 3205 924 3290 confectas,
952 3205 1071 3290 quippe
1094 3229 1167 3272 cum
1191 3209 1261 3274 lieri

110 3340 179 3383 non
199 3313 315 3399 possit,
338 3317 432 3377 uter
455 3313 560 3378 iecore
584 3313 733 3378 simulet
756 3311 796 3376 ed
815 3333 871 3378 cor
894 3313 1104 3378 semicoctum
1127 3313 1260 3380 elimen-

112 3431 184 3488 tum
214 3441 343 3485 sursum
367 3420 537 3484 emittetur
560 3422 593 3482 et
618 3419 685 3483 iam
713 3417 892 3502 perlectum
916 3417 1027 3484 eedem
1056 3419 1110 3484 vis
1136 3419 1261 3485 feratur

113 3531 280 3610 deorsum3
304 3526 359 3590 sed
382 3546 514 3591 necesse
537 3529 623 3589 esset
645 3525 756 3610 utique
776 3525 912 3590 alteram
936 3547 1007 3590 esse
1029 3547 1155 3611 venam,
1172 3549 1260 3612 quae

114 3633 327 3702 semicoctam
346 3633 517 3697 materiam
536 3630 738 3716 immitteret,
757 3631 903 3716 alteram,
922 3653 1003 3716 quae
1019 3637 1166 3697 accurate
1186 3655 1260 3699 con·

114 3743 237 3806 lectam
261 3737 433 3803 emitteret.
477 3737 573 3803 Nunc
596 3759 661 3802 una
683 3737 847 3820 immittit,
875 3739 997 3803 emittit
1018 3739 1109 3803 nulla
1132 3743 1261 3823 prester

116 3871 204 3931 eam,
235 3867 318 3930 quse
347 3845 387 3910 ed
414 3843 584 3929 pulmones
614 3843 729 3928 fertur,
761 3844 800 3908 de
828 3867 892 3930 qua
919 3845 1081 3929 copiosius
1105 3845 1140 3909 iu
1166 3845 1260 3911 libris

117 3955 156 4019 de
175 3975 236 4018 usu
254 3951 398 4036 partium
416 3949 612 4016 disseremus
632 3971 763 4015 causam
782 3951 1026 4037 investigantes,
1044 3972 1102 4016 cur
1119 3971 1136 4014 e
1156 3953 1261 4036 corde,

117 4083 183 4128 non
216 4081 233 4122 e
266 4079 347 4123 cava
376 4079 460 4122 vena
488 4061 605 4144 ustura
636 4057 670 4120 in
702 4057 871 4140 pulmones
902 4079 1016 4122 venam
1048 4056 1156 4142 hanc,
1178 4079 1260 4142 quse

119 4165 234 4232 visceri
258 4165 448 4229 alimentum
471 4167 662 4249 praestaret,
684 4165 879 4248 produxerit

207 4271 339 4354 Verum,
361 4271 389 4335 si
412 4271 480 4335 ulla
502 4269 567 4334 elis
590 4271 706 4354 oratio,
729 4269 809 4336 haec
832 4274 932 4355 certe,
954 4291 1035 4355 quae
1058 4291 1144 4336 nnnc
1166 4269 1261 4337 nobis

120 4379 290 4468 proposita
312 4381 374 4458 est,
398 4375 591 4460 evidentius,
614 4398 696 4462 quse
720 4399 759 4442 ex
781 4377 894 4443 incisis
918 4377 1109 4462 corporibus
1133 4377 1182 4460 lit,
1210 4377 1261 4442 vel

121 4487 259 4554 maxime
282 4483 416 4569 indiget.
450 4481 527 4548 Non
550 4483 656 4548 solum
675 4483 761 4550 enim
783 4483 907 4552 nullom
930 4505 948 4549 e
971 4483 1204 4550 condemnem
1227 4483 1261 4551 in
