3444 5140
593 421 656 450 ·-
704 403 768 468 709
817 441 855 452 -

160 557 200 629 ού
224 559 288 648 γὰρ
312 561 348 628 έκ
370 565 604 648 παρατρίψεως
625 563 686 628 τού
708 561 791 628 κατὰ
814 587 872 640 τας
894 556 1054 647 ἀρτηρίας
1075 559 1265 647 πνεύματος
1287 557 1306 646 r‘,

161 673 325 756 θερμασία
358 670 515 753 γεννᾶται
548 665 630 734 κατὰ
665 665 705 734 τά
738 669 806 735 τῶν
843 666 935 759 ζῴων
967 665 1119 754 σοι’ματα,
1155 666 1308 755 καθάπερ

161 774 251 854 ἐκτὸς
274 775 326 841 ἐπὶ
350 779 459 842 λίθων
482 798 516 840 τε
539 772 594 840 καὶ
625 770 749 855 ξύλων,
779 768 862 840 ἀλλά
886 778 1027 860 ἔμπαλιν
1054 770 1118 841 ὑπὸ
1147 777 1205 860 τῆς
1228 794 1309 861 συμ-

160 881 267 968 φύτου
298 885 484 968 θερμασίας
516 883 553 948 αἱ
589 877 736 968 κινήσεις
767 875 880 947 αὐτῶν
914 886 1077 965 γίνονται.
1131 878 1213 948 ὅταν
1246 872 1336 948 odor

160 991 273 1077 ψυχθῄ
296 987 333 1056 τὸ
358 990 452 1074 σῶμα
472 985 527 1054 διὰ
547 985 649 1073 κρύος
669 986 673 1074 Ι
695 981 715 1073 ἢ
740 984 931 1072 φάρμακον,
954 983 1094 1065 οὐδενὸς
1111 991 1179 1054 τῶν
1198 985 1375 1061 άλλων708

159 1091 400 1181 ἀλλοιουμένου
427 1097 495 1161 τῶν
522 1092 604 1160 κατὰ
634 1089 714 1160 οιύτὸ
745 1091 911 1160 παύονται
945 1092 1007 1180 μὲν
1035 1090 1153 1161 αὐτίκα
1180 1098 1219 1161 αί
1242 1097 1310 1162 τῶν

160 1199 326 1287 ἀρτηριῶν
352 1199 500 1287 κινήσεις
526 1203 622 1268 αἵτε
656 1198 738 1266 κατὰ
765 1197 805 1266 τὰ
835 1203 938 1286 νεῦρα
967 1199 1023 1267 καὶ
1051 1203 1123 1287 μῦς.
1173 1196 1215 1267 ού
1241 1199 1310 1288 μὴν

159 1307 262 1394 πυρός
289 1334 326 1393 γε
352 1305 477 1395 πηγήν,
506 1303 589 1375 ἀλλὰ
617 1310 746 1394 μᾶλλον
774 1304 928 1394 ἐμφύτου
954 1309 1085 1393 θερμοῦ
1112 1306 1244 1392 βέλτιον
1268 1299 1310 1394 ἦν

159 1417 313 1501 εἰρῆσθαι
331 1412 414 1481 κατὰ
432 1413 472 1481 τὰ
492 1412 627 1500 σοι’ματοι
651 1410 756 1498 ἡμῶν,
780 1409 825 1492 ὡς
838 1410 1057 1500 Ἱπποκράτης
1076 1408 1229 1499 ὀνομάζει
1253 1413 1309 1481 διὰ

159 1520 293 1600 παντός·
321 1530 412 1608 εἴπερ
436 1519 499 1608 γάρ
523 1516 587 1586 ύπο
611 1516 716 1606 πυρὸς
739 1515 759 1605 ἡ
782 1519 879 1598 πέψις
908 1521 1034 1606 ἐγίνετο
1058 1523 1127 1588 τῶν
1150 1526 1266 1588 σιτίων
1289 1518 1350 1608 ἣν)

158 1655 191 1695 τε
219 1623 380 1707 ἀνάδοσις
407 1625 428 1714 ἦ
455 1622 491 1694 θ’
522 1623 746 1714 αίμάτωσιςῆ
777 1651 811 1692 τε
838 1627 974 1712 θρέψις,
1007 1623 1149 1713 ἄμεινον
1185 1622 1229 1694 ἀν
1257 1627 1308 1694 έπλ

158 1738 225 1802 τῶν
247 1733 476 1820 πυρεττόντων
499 1729 599 1813 ὀξέως
622 1733 776 1819 ἐφαίνετο
799 1736 902 1800 ταῦτα
925 1731 1175 1820 ἐπιτελούμενα.
1210 1731 1247 1800 τὸ
1274 1732 1310 1800 δὲ

159 1847 307 1927 ἔμφυτον
333 1838 464 1927 θερμὸν
492 1837 654 1927 εὔκρατόν
683 1841 751 1906 ε’στι
779 1838 861 1906 κατὰ
888 1838 950 1926 μὲν
977 1835 1098 1906 οὐσίαν
1127 1840 1164 1907 έν
1192 1843 1305 1926 αἵματι

158 1949 212 2014 καὶ
235 1947 395 2044 φλέγματι
423 1943 485 2033 τὴν
512 1943 655 2030 ὕπαρξιν
683 1949 760 2032 ἕχον
788 1944 947 2032 μάλιστα,
974 1945 1056 2013 κατά
1086 1944 1123 2014 ol
1150 1945 1309 2034 ποιότητα

157 2052 276 2142 μικτὸν
317 2049 357 2121 ὂν
394 2047 560 2140 εὐκράτως
598 2051 633 2118 έκ
676 2048 883 2138 θερμότητές
923 2078 957 2119 τε
994 2052 1049 2120 καί
1092 2051 1307 2140 ψυχρότητος.
1324 2071 1349 2114 1⁵

158 2157 406 2247 ἀσφαλέστερον
434 2151 498 2227 οὖν
524 2155 780 2245 ὃ,Ἷπποκράτης
810 2163 873 2245 ἔφη
899 2157 953 2226 ’τὰ
982 2155 1193 2246 αὐξανόμενα
1222 2167 1309 2228 πλεῖ-

195 2383 210 2429 2
230 2369 264 2429 τά
280 2375 345 2444 post
362 2367 434 2427 κατά
450 2389 503 2428 om.
519 2371 560 2438 M;
581 2371 615 2427 cf.
630 2372 725 2458 Progr.
741 2371 776 2436 ll,
791 2377 815 2426 5.
837 2403 868 2412 -
888 2377 905 2426 4
924 2371 1049 2441 γίγνεται
1068 2372 1105 2427 Μ.
1122 2403 1153 2411 -
1176 2374 1307 2444 δψυχθῇ

1073 2436 1086 2458 U

156 2447 246 2501 MAB
264 2446 342 2518 ψυχῇ
364 2445 443 2500 chK.
469 2475 501 2483 —
526 2437 678 2513 φάρμακον
697 2463 715 2511 η
735 2437 855 2505 ούὸενὸς
879 2442 959 2499 codd.
983 2443 1045 2498 edd.
1112 2443 1195 2499 eiecit
1213 2441 1306 2514 Corn.;

156 2518 191 2574 cf.
211 2517 296 2574 Proll.
321 2535 347 2587 p.
370 2521 428 2570 114.
454 2547 485 2554 —
512 2509 721 2584 θάλλυομένου
746 2513 782 2568 Μ.
803 2545 834 2554 -
860 2511 894 2568 αἴ
908 2509 981 2568 κατὰ
1001 2515 1029 2568 Μ
1053 2464 1087 2568 cl
1102 2511 1133 2568 δὲ
1153 2509 1225 2568 κατά
1245 2515 1306 2569 ΑΒ.

159 2622 191 2630 -
213 2596 246 2644 10
265 2587 373 2658 αέμψις
390 2587 427 2640 Μ.
446 2617 481 2626 -
504 2588 630 2655 γίγνεται
649 2584 728 2640 codd.
748 2585 810 2640 edd.
830 2581 939 2654 ἐγίνετο
958 2603 1021 2651 n0s;
1040 2585 1074 2640 cf.
1094 2584 1179 2640 Proll.
1199 2604 1225 2655 p.
1247 2592 1305 2642 107.

158 2694 191 2702 --
214 2667 246 2714 13
265 2654 404 2728 εὔκρατον
424 2655 498 2712 εἶναι
518 2657 597 2711 codd.
612 2655 674 2712 edd.
694 2651 834 2724 educastis
854 2651 912 2710 ἐστι
926 2655 1006 2710 Corn.
1026 2685 1060 2696 -
1082 2663 1113 2712 16
1132 2651 1167 2711 τά
1183 2651 1307 2723 αύξανύ-

156 2751 229 2802 μενοι
248 2751 273 2785 κ.
293 2751 316 2784 τ.
334 2733 356 2784 λ.
382 2728 466 2800 Hipp.
485 2727 645 2798 Aphorism.
665 2727 689 2794 I,
712 2733 752 2780 14.
770 2728 826 2781 vol.
846 2728 896 2794 IV,
921 2745 947 2797 p.
968 2735 1020 2784 466
1040 2728 1061 2782 Ιι
1082 2727 1137 2782 vol.
1157 2727 1184 2797 I,
1207 2747 1235 2798 p.
1253 2735 1307 2783 400

157 2804 231 2857 Erm.
252 2801 347 2856 Galen.
368 2799 522 2856 comment
541 2799 597 2854 rol.
616 2799 703 2866 XVII,
723 2805 748 2868 2,
767 2817 793 2869 p.
814 2805 868 2854 404
885 2799 918 2852 Κ.
938 2830 973 2839 -

202 2941 366 2950 ---.-.-.-·

156 3045 194 3084 ex
223 3019 338 3084 attritu
366 3016 518 3101 spiritus,
545 3016 601 3100 qui
631 3017 682 3080 est
708 3015 742 3080 in
772 3014 915 3099 arteriis,
947 3014 1036 3079 calor
1059 3015 1093 3079 in
1117 3013 1307 3081 animalium

156 3126 350 3211 corporibus
373 3123 534 3209 gignitur,
562 3123 647 3188 sicut
670 3122 928 3188 extrinsecus.in
950 3121 1114 3206 lapidibus
1138 3128 1172 3189 et
1198 3125 1308 3210 lignis,

155 3234 212 3300 sed
237 3255 253 3298 c
283 3229 447 3297 contrario
478 3229 519 3293 ab
548 3229 647 3294 insito
676 3229 782 3294 calore
806 3232 915 3294 motus
944 3251 1054 3295 eorum
1088 3229 1178 3295 fiunt.
1225 3227 1306 3296 Cum
1398 3309 1402 3318 .

156 3341 259 3428 igitur
289 3360 406 3424 corpus
435 3336 546 3421 algore
575 3335 627 3401 vel
654 3358 777 3401 veneno
805 3335 983 3420 refrixerit,
1012 3336 1088 3401 dum
1111 3335 1194 3402 nihil
1218 3335 1306 3401 aliud

154 3468 279 3530 eorum,
302 3467 384 3529 quae
403 3445 523 3527 insunt,
546 3441 748 3527 immutatur,
771 3444 884 3508 statim
909 3443 1113 3527 arteriarum,
1134 3444 1213 3507 item
1236 3466 1306 3507 ner-

154 3575 271 3619 vorum
304 3551 587 3635 musculorumqne
621 3553 728 3615 motus
762 3553 899 3616 cessant.
949 3550 995 3614 At
1021 3572 1086 3615 non
1115 3549 1216 3635 ignis,
1251 3551 1306 3615 scd

154 3661 248 3726 insiti
273 3657 392 3724 eoloris
415 3659 544 3749 fontem¹
561 3657 677 3723 melius
698 3661 768 3722 erat
792 3657 897 3721 dicere
920 3657 955 3722 in
974 3656 1164 3741 corporibus
1183 3657 1306 3722 nostris

152 3769 272 3850 inesse,
295 3769 332 3829 ut
350 3764 569 3849 Hippocrates
593 3764 713 3849 ubique
733 3785 806 3828 eum
830 3764 988 3850 appellat,
1010 3786 1089 3828 nam
1113 3763 1140 3828 si
1164 3763 1206 3828 ab
1229 3765 1305 3850 igne

152 3873 304 3939 ciborum
322 3871 499 3956 concoctio,
523 3870 672 3958 digestio,
691 3871 727 3936 in
749 3872 940 3956 sanguinem
959 3871 1109 3956 mutatio,
1127 3871 1305 3936 nutricatio

152 3982 261 4063 fieret,
293 3978 408 4044 melius
438 3977 667 4044 haecomnia
702 3978 737 4044 in
769 3981 861 4042 acute
894 3977 1157 4042 febricitantibus
1190 3977 1305 4043 confici

152 4107 369 4151 cerneremus,
407 4083 470 4149 Sed
493 4085 612 4150 insitus
632 4085 722 4149 calor
741 4087 941 4170 temperatus
961 4089 1011 4148 est
1030 4085 1214 4150 substantia
1237 4085 1304 4170 qui-

151 4194 229 4257 dem
252 4191 287 4256 in
311 4193 468 4277 sanguine
493 4196 525 4256 et
548 4192 668 4276 pituita
691 4191 898 4276 potissimum
922 4191 1117 4274 consistens,
1145 4192 1304 4277 qualitate

151 4303 265 4364 autem
289 4301 466 4382 temperate
491 4298 611 4363 mixtus
635 4321 651 4362 e
676 4298 783 4363 calore
808 4301 841 4362 et
865 4297 995 4384 frigore.
1042 4295 1177 4362 Cautius
1200 4298 1303 4383 igitur

150 4405 388 4492 Hippocrates:
417 4404 536 4483 ‘Quae
560 4409 752 4490 augentur
776 4426 954 4492 corpora,
975 4403 1184 4490 plurimum
1207 4403 1302 4468 insi-
