3444 5140
664 372 907 439 -695-

210 529 457 617 εἐρυθρότατοι·
479 531 540 596 τοῦ
559 528 596 596 δὲ
614 529 734 615 θέρεος
754 527 794 597 τό
812 555 846 596 τε
870 523 951 616 αἷμα
970 529 1078 616 ἰσχύει
1097 535 1144 598 ἔτι
1159 529 1214 596 καί
1233 527 1254 616 ἡ
1274 530 1355 616 χολὴ

211 638 348 720 ἀἴρεται
373 637 410 703 ἐν
433 639 477 726 τῷ
502 634 627 721 σώματι
650 636 705 703 καί
728 640 917 724 παρατείνει
940 637 973 715 ἐς
995 635 1032 704 τὸ
1057 634 1295 723 φθινόπωρον·
1319 637 1356 704 ἐν

210 741 260 810 ’δὲ
282 745 327 833 τῷ
347 741 555 834 φθινοπώρῳ
578 740 615 810 τὸ
640 741 701 828 μὲν
721 737 802 830 αἷμα
821 739 936 829 ὀλίγον
954 748 1092 829 γίνεται·
1117 743 1272 810 ἐναντίον
1290 741 1355 831 γὰρ

210 846 327 917 ἀὐτοῦ
353 853 393 938 τῇ
418 847 517 935 φύσει
546 851 584 916 τὸ
612 847 836 934 φθινόπωρον
865 851 945 916 ἐστι·
982 846 1064 936 ἡδὲ
1088 847 1167 936 χολη
1191 848 1229 916 τὸ
1252 849 1356 936 θέρος

209 958 346 1042 ’κατέχει
369 954 406 1024 τὸ
431 959 525 1052 σῶμα
548 954 662 1023 καὶτὸ
687 953 920 1042 φθινόπωρον.
965 961 1081 1042 γνοίης
1104 954 1141 1023 δέ
1164 950 1208 1023 ἂν
1229 959 1381 1024 rotrudae

209 1065 258 1130 ὀί
277 1061 454 1150 ἄνθρωποι
474 1058 655 1149 αὐτόματοι
678 1059 803 1148 ταύτην
826 1061 888 1148 τὴν
911 1059 1003 1149 ώρην
1022 1059 1126 1149 χολὴν
1144 1063 1277 1150 ἐρέουσι
1299 1063 1355 1129 καὶ

210 1171 258 1237 “ε’ν
277 1173 351 1257 τῇσι
370 1175 661 1258 φαρμακοποσίησι
680 1170 909 1256 χολωόέοτατα
927 1169 1171 1256 καθαιλρονται·
1195 1171 1299 1254 δῆλον
1319 1167 1420 1246 ctam

209 1276 276 1343 ‘uui
299 1291 385 1344 τοῖσι
404 1290 575 1364 πυρετοῖσι
594 1276 648 1343 καί
667 1289 754 1343 τοῖσι
773 1274 922 1363 χρώμασι
940 1279 1009 1342 τῶν
1026 1271 1229 1362 ἀνθρώπων.
1260 1274 1297 1342 τὸ
1319 1274 1354 1342 δὲ

209 1384 351 1470 φλέγμα
369 1386 430 1450 τοῦ
453 1383 572 1470 θέρεος
591 1379 836 1449 ἀσθενέστατόν
856 1383 923 1448 ἐστι
947 1379 1028 1448 αὐτὸ
1056 1381 1195 1449 ἑωυτοῦ·
1220 1382 1354 1468 ἐναντίη

209 1488 284 1576 ’γὰρ
308 1486 413 1557 αὐτοῦ
435 1492 474 1578 τῇ
493 1487 593 1575 φύσει
612 1486 632 1575 ἡ
651 1487 720 1576 ὥρη
740 1489 808 1555 ἐστὶ
828 1487 909 1575 ξηρή
927 1514 962 1555 τε
977 1489 1078 1555 ἐοῦσα
1092 1488 1146 1554 καὶ
1165 1487 1285 1576 θερμή.
1316 1485 1353 1556 τὸ
1370 1517 1395 1556 ro

209 1597 256 1664 ‘dt
277 1591 357 1684 αἷμα
380 1599 441 1663 τοῦ
460 1594 685 1682 φθινοπώρου
704 1593 877 1682 ἐλάχιστον
899 1601 1025 1680 γίνεται
1049 1595 1150 1685 ἐντῷ
1170 1591 1354 1684 ἀνθρώπῳ·

209 1703 324 1791 ’ξηρόν
336 1729 370 1770 τε
385 1702 449 1790 γάρ
468 1703 537 1770 ἐστι
555 1701 592 1769 τὸ
612 1700 835 1789 φθινόπωρον
853 1702 907 1768 καί
922 1699 1042 1788 ψύχειν
1060 1698 1192 1787 ἄρχεται
1211 1699 1275 1788 ἤδη
1293 1699 1354 1769 τὸν

208 1808 416 1898 ’ἄνθρωπον
436 1807 456 1895 ἡ
476 1806 512 1876 δέ
532 1811 671 1895 μέλαινα
689 1805 770 1894 χολὴ
785 1811 847 1875 τοῦ
865 1806 1089 1895 φθινοπώρου
1102 1813 1236 1893 πλείστη
1250 1833 1284 1874 τε
1298 1809 1353 1875 καὶ

208 1915 418 2004 (ἰσχυροτάτη
442 1917 519 1982 ἐστί.
558 1913 640 1983 ὅταν
662 1914 699 1982 δὲ
723 1911 885 2001 ὁχειμών
909 1912 1157 2002 καταλαμβάνῃ,
1180 1911 1201 2000 ἦ
1220 1940 1255 1982 τε
1272 1914 1353 2000 χολὴ

208 2023 391 2110 ’μαχομένη
420 2019 515 2108 ὀλίγη
539 2028 666 2109 γίνεται
693 2021 748 2088 καί
775 2020 812 2088 τὸ
841 2021 971 2107 φλέγμα
1000 2018 1132 2100 αὔξεται
1159 2019 1261 2088 πόλιν
1287 2017 1353 2088 ὑπό
1370 2049 1394 2088 ιε

207 2123 254 2196 ‘re
275 2132 344 2196 τών
361 2125 468 2196 ὑετῶν
490 2131 552 2196 τοῦ
569 2127 716 2214 πλήθεος
733 2128 788 2195 καὶ
810 2124 876 2196 ὑπὸ
899 2131 967 2195 τών
986 2131 1118 2196 νυκτῶν
1140 2130 1202 2195 τοῦ
1224 2125 1354 2214 μήκεος.

244 2333 257 2380 1
285 2322 405 2394 ἐρυθροί
426 2323 506 2379 codd.
532 2323 594 2378 edd.
623 2355 656 2363 —
685 2331 701 2379 2
725 2322 766 2386 είς
788 2318 820 2378 τὸ
850 2323 928 2378 codd.
953 2323 1015 2378 edd.
1041 2353 1074 2363 -—
1107 2329 1138 2378 10
1161 2317 1232 2390 ξηροί
1256 2323 1294 2376 Μ.
1320 2355 1351 2363 -

207 2391 279 2452 orico
299 2397 377 2452 codd.
397 2395 458 2450 edd.
479 2426 512 2434 —
534 2402 564 2450 11
587 2389 733 2464 ἐλάχιστόν
752 2390 829 2450 ἐστιν
848 2395 927 2449 codd.
947 2395 1009 2449 edd.
1029 2425 1061 2434 —
1089 2400 1122 2448 14
1140 2388 1352 2466 καταλαμβάνει

207 2468 350 2524 MABCh.
370 2497 403 2510 -
425 2473 457 2520 15
475 2461 560 2520 πόλιν
579 2461 637 2520 dut
657 2485 685 2520 τε
705 2465 847 2520 MABch.
869 2497 899 2505 -—
922 2473 955 2522 16
975 2461 1065 2521 ἐντῶν
1082 2482 1133 2536 pro
1152 2461 1241 2520 ὑετῶν
1260 2463 1297 2519 M.
1319 2497 1350 2504 -

207 2668 330 2754 rubri3
360 2670 509 2732 aestate
536 2687 628 2732 vero
658 2667 816 2752 sanguis
840 2666 962 2731 adhuc
989 2664 1095 2730 valet
1122 2669 1160 2728 et
1187 2663 1283 2729 bilis
1311 2664 1351 2728 in

209 2796 370 2859 corpore
392 2773 586 2858 turgescit
609 2773 708 2837 etin
731 2777 960 2838 autumnum
979 2795 1098 2857 usque
1121 2771 1352 2858 porrigitur3

207 2886 246 2947 at
274 2886 456 2946 autumno
484 2879 729 2944 imminuitur
758 2880 933 2965 sanguis,
961 2879 1071 2944 cuius
1098 2883 1261 2944 naturae
1290 2903 1352 2946 au-

207 2992 361 3052 tumnus
400 2987 623 3051 contrarius
656 2990 728 3070 est,
763 2986 827 3050 sed
865 2986 958 3050 bilis
994 3008 1060 3069 per
1093 2988 1282 3050 aestatem
1315 2991 1352 3052 et

208 3097 429 3158 autumnum
458 3115 598 3177 corpus
626 3095 742 3158 tenet.
796 3092 950 3157 Indicio
978 3091 1055 3156 tibi
1079 3113 1162 3164 esse
1190 3095 1351 3178 poterit,

207 3200 306 3284 quod
333 3199 403 3264 hoo
431 3204 603 3284 tempore
630 3199 805 3264 homines
838 3199 956 3263 bilem
991 3221 1059 3264 sua
1093 3203 1233 3282 sponte
1266 3222 1351 3266 evo-

207 3308 314 3371 munt
342 3308 380 3370 et
401 3327 469 3389 per
496 3306 866 3370 medicamentorum
894 3306 1075 3391 potiones
1104 3306 1266 3371 maxime
1294 3306 1350 3371 bi·

207 3414 308 3477 liosa
336 3415 562 3498 excernunt3
601 3397 701 3476 idem
734 3435 751 3476 e
783 3412 959 3477 febribus
988 3416 1024 3476 et
1059 3411 1257 3477 coloribus
1285 3413 1350 3478 ho·

207 3519 349 3583 minum
373 3522 492 3602 patet.
537 3521 622 3586 Jam
646 3541 736 3585 vero
765 3523 916 3584 aestate
944 3520 1093 3603 pituita
1116 3519 1349 3586 imbecillis·

207 3628 305 3692 sima
328 3630 399 3710 est,
422 3627 516 3711 quia
537 3627 575 3691 id
599 3631 764 3711 tempus,
788 3627 929 3712 quippe
953 3627 1051 3711 quod
1075 3626 1127 3690 sit
1149 3627 1292 3693 siccum
1313 3632 1350 3692 et

207 3734 387 3816 calidum,
412 3733 495 3797 eius
518 3736 681 3797 naturae
700 3734 937 3799 adversatur.
975 3731 1142 3818 Sanguis
1167 3737 1349 3800 autumno

146 3835 152 3852 '
206 3839 465 3924 paucissimus
495 3840 534 3904 in
565 3839 718 3924 homine
750 3839 814 3925 fit3
855 3839 980 3906 siccus
1012 3839 1111 3904 enim
1144 3842 1203 3902 est
1240 3843 1349 3904 autu-

206 3969 313 4012 mnus
328 3949 366 4010 et
383 3946 575 4031 frigerare
594 3946 668 4012 iam
681 3945 824 4030 incipit
843 3946 1048 4032 hominem;
1067 3949 1106 4012 at
1123 3946 1239 4031 nigra
1256 3945 1349 4012 bilis

205 4053 376 4138 plurima
398 4055 436 4117 et
459 4051 706 4118 validissima
729 4075 771 4118 eo
795 4056 971 4139 tempore
994 4058 1061 4117 est.
1107 4050 1197 4117 Cum
1221 4056 1348 4118 autem

206 4161 327 4226 hiems
350 4160 514 4245 ingruit,
542 4164 580 4224 et
606 4159 702 4224 bilis
732 4160 999 4246 perfrigerata
1021 4158 1211 4224 minuitur
1233 4164 1269 4224 et
1292 4161 1349 4244 pi-

205 4268 307 4332 tuita
325 4266 467 4352 partim
486 4266 707 4350 pluviarum
727 4266 850 4350 copia,
868 4267 1013 4350 partim
1031 4265 1201 4331 noctium
1219 4267 1347 4352 longi·

206 4373 338 4439 tudine
361 4395 495 4438 rursus
520 4377 691 4459 augetur.
737 4372 894 4437 Manent
921 4372 1075 4458 quidem
1102 4371 1347 4440 haecomnia
