3212 5146
587 421 831 485 -6‘29-

136 579 201 645 ‘nat
230 574 249 644 δ
278 575 321 645 άν
348 576 429 646 ἄλλο
458 580 602 664 ἐκείνου,
634 576 764 644 τούτων
791 575 850 656 τὰς
877 576 1023 663 κινήσεις
1051 577 1208 646 διαδιδὸν
1236 583 1283 657 είς

135 683 235 753 ’ἅπαν
257 683 294 752 τὸ
319 688 413 770 σῶμα
436 686 530 770 μέχρι
553 687 611 770 τῆς
634 687 741 770 ψυχῆς
759 692 920 770 αἴσθησιν
942 685 1120 772 παρέσχετο
1144 683 1281 772 ταύτην,

134 784 166 881 ’ᾗ
195 791 237 878 δὴ
268 789 352 878 ὁρᾶν
384 793 515 878 φαμεν.’
571 782 667 858 αὗται
700 790 761 877 μὲν
794 794 832 857 αί
859 793 921 858 τοῦ
953 789 1136 870 Πλάτωνος
1168 791 1281 877 ῥήσεις

133 896 304 985 αὐγοειδὲς
325 896 363 966 τὸ
387 901 446 984 τῆς
469 895 576 978 ὅψεως
598 895 747 983 ὄργανον
775 894 861 964 εἶναι
883 897 1039 982 λέγοντος
1061 903 1223 984 αἴσθησίν
1245 923 1278 965 τε

133 1013 288 1092 γίνεσθαι
314 1003 369 1073 διδ
389 1001 493 1072 αὐτοῦ
515 1007 583 1071 τῶν
605 1001 687 1072 κατὰ
710 1001 773 1090 τὴν
796 1001 905 1090 αὐγὴν
927 1003 1146 1092 παθημάτων,
1170 1001 1306 1092 ὥσπερι

132 1117 200 1180 τῶν
222 1111 304 1179 κατὰ
323 1111 384 1179 τὸν
402 1109 483 1199 άέρα
503 1109 559 1178 διὰ
580 1109 584 1198 Ι
604 1114 663 1197 τῆς
686 1107 799 1196 άκοῆς·
823 1113 868 1201 τῷ
887 1109 951 1197 γάρ
971 1108 1075 1201 ὁμοίῳ
1098 1108 1135 1178 τὸ
1161 1108 1343 1196 ὄμοιονοαι

132 1224 180 1299 είς
201 1219 353 1306 τὴντῶν
380 1216 589 1304 παθημάτων
616 1214 803 1303 ἀφικνεῖται
833 1223 1024 1285 κοινωνίαν.
1071 1215 1132 1284 δύο
1161 1217 1197 1284 δὲ
1221 1237 1277 1304 ση-

132 1325 317 1413 μαινούσης
340 1322 468 1411 ἁπάσης
490 1328 548 1410 τῆς
570 1322 725 1409 τοιαύτης
748 1323 880 1408 λέξεως,
904 1327 981 1390 οἵαν
1003 1324 1058 1391 καὶ
1082 1320 1100 1391 δ
1122 1320 1278 1410 Ἐμπεδο-

132 1435 212 1517 κλῆς
234 1429 410 1516 ἐποιήσατο
434 1431 553 1516 λε’γωνε

221 1539 314 1626 τγαίη
338 1535 399 1624 μὶν
422 1534 485 1624 γάρ
509 1551 609 1621 γαῖαν
632 1533 825 1623 ὀπώπαμεν,
848 1535 946 1604 ὕδατι
971 1533 1001 1604 δ’
1026 1535 1148 1624 ὕδωρ’,
1291 1563 1316 1600 ιο

132 1647 169 1711 ’ἑν
192 1645 265 1731 μέν,
288 1641 339 1710 ὅτι
364 1641 419 1710 διὰ
438 1640 587 1731 ὀργάνου
604 1648 749 1728 τοιοῦδε,
772 1641 931 1731 δεύτερον
954 1645 1002 1728 δέ,
1025 1641 1076 1712 ὅτι
1100 1641 1156 1711 διά
1175 1640 1275 1710 δυνά-

132 1777 218 1838 μεως
240 1754 386 1834 τοιᾶσδε,
408 1749 446 1818 τὸ
470 1751 543 1836 μέν,
567 1748 612 1830 ὣς
635 1750 691 1818 διὰ
716 1747 875 1836 ὀργάνου,
899 1751 1131 1838 συγχωρητέον
1153 1747 1277 1835 ἀληθὲς

130 1855 228 1941 εἶναι,
251 1855 287 1924 τὸ
313 1857 360 1941 δέ,
384 1855 429 1935 ὡς
453 1856 509 1923 διδι
534 1855 721 1943 δυνάμεως,
745 1853 864 1924 οὐκέτι.
908 1855 945 1926 τὸ
974 1856 1037 1944 γάρ
1065 1885 1116 1926 τοι
1144 1861 1276 1946 πρῶτον

131 1961 344 2050 αἰσθητικόν,
373 1962 392 2030 ὅ
419 1989 512 2051 τιπερ
544 1960 587 2031 ἂν
613 1955 651 2052 ᾖ,
682 1962 799 2030 κοινὸν
831 1962 970 2033 ἁπασῶν
1000 1967 1068 2032 ἐστι
1097 1968 1165 2032 τῶν
1193 1964 1275 2032 κατὰ

128 2071 229 2158 μέρος
251 2069 460 2156 αἰσθήσεων,
491 2067 536 2150 ὡς
562 2071 616 2137 καὶ
645 2073 745 2138 τοῦτο
768 2069 913 2138 Πλάτων
941 2072 978 2138 έν
1005 2069 1118 2150 ἄλλοις
1144 2071 1182 2137 τέ
1207 2091 1273 2138 τισι
1290 2093 1314 2134 ιο

128 2177 183 2243 καί
206 2177 320 2263 μέντοι
342 2177 397 2244 καὶ
420 2175 587 2268 Θεαιτήτῳ
616 2175 766 2244 διδάσκει
794 2175 876 2244 κατὰ
901 2179 1007 2244 ἐκεῖνο
1029 2174 1067 2244 τὸ
1091 2177 1191 2264 μέρος
1211 2181 1273 2246 τοῦ

166 2379 178 2427 1
204 2365 292 2426 ssort‘⁸
276 2393 291 2426 ο
317 2366 370 2425 ἐάν
394 2367 460 2425 vitto
484 2371 635 2427 MABJ-
664 2371 772 2426 τούτων
791 2373 820 2426 Μ
842 2368 932 2460 τοάτω
961 2372 1101 2438 ABChK;
1127 2373 1271 2429 ο1.ΡεοΙΙ

127 2461 154 2514 p.
173 2451 271 2498 31.-
289 2444 454 2497 διαδίδωσιν
472 2442 501 2496 Μ
520 2444 652 2497 διαδίδου
672 2444 784 2497 ΑΒ.-
810 2427 983 2511 δπαρέχετο
1001 2443 1135 2498 MABOh
1153 2443 1271 2514 παρέχε-

127 2535 174 2568 ται
192 2515 217 2568 Κ
236 2513 390 2583 παρέσχετο
410 2531 519 2568 nos-
487 2509 630 2582 -3ἧδη
649 2507 713 2568 Μ
697 2535 714 2582 η
734 2511 874 2582 δὴΑ.-
895 2513 1060 2580 81έξεως“
1049 2535 1080 2570 εν
1098 2513 1151 2584 μὲν
1165 2517 1206 2602 (ν.
1227 2521 1270 2586 11)

128 2587 238 2642 FP.-
269 2594 299 2640 11
323 2586 402 2639 ποιοῦ
429 2589 500 2654 spat.
525 2603 582 2640 vac.
603 2586 688 2639 trium
708 2585 792 2640 litter.
816 2581 952 2674 δεύτερον
977 2586 1062 2641 P.—
1089 2593 1121 2640 13
1141 2582 1193 2641 οάκ
1213 2585 1271 2642 ἔστι

137 2675 177 2712 ›ro
197 2655 399 2712 orire'uPae-
421 2664 453 2710 14
476 2652 627 2742 αδδητικάν
650 2657 738 2711 Ρ.-
765 2663 796 2712 15
819 2653 897 2712 ἄλλοι
917 2656 1010 2711 M.
1038 2664 1070 2712 16
1093 2653 1271 2726 θεαιτήτοΡ

127 2676 159 2786 iv
177 2724 423 2797 δεαιτήτωΡ.-
443 2723 572 2783 διδάσκει
592 2725 666 2782 ἔνθα
686 2730 758 2798 φησί
775 2731 812 2798 (p.
833 2734 893 2795 630,
915 2735 940 2798 1)
959 2729 1017 2783 FP.
1037 2759 1070 2768 -

126 2927 334 2993 obnoxium
365 2927 398 2991 si
435 2926 525 3011 quid
557 2927 616 2992 vel
654 2928 778 3011 ipsum
815 2928 981 3013 attingit
1013 2927 1073 2992 vel
1110 2928 1157 2994 ab
1190 2930 1269 2996 ulio

126 3035 355 3120 attingitur,
384 3055 512 3099 eorum
536 3038 660 3100 motus
688 3033 728 3100 in
755 3037 879 3099 totum
908 3055 1046 3117 corpus
1076 3057 1194 3119 usque
1225 3038 1269 3101 ad

126 3142 292 3207 animum
316 3140 542 3205 diffundens
570 3163 723 3206 sensum
752 3141 990 3225 assemsum,
1018 3161 1089 3224 quo
1113 3163 1268 3208 cernere

124 3271 192 3314 nos
216 3247 400 3313 dicimus?
446 3247 536 3312 Haec
560 3251 635 3312 sunt
657 3247 803 3313 Platonis
827 3249 938 3332 verbo,
966 3247 1082 3332 quibus
1106 3247 1267 3333 fulgidum

124 3378 194 3420 esse
217 3355 307 3419 visus
330 3355 582 3419 instrumentum
601 3353 681 3419 dicit
704 3377 895 3440 sensumque
919 3377 978 3438 per
996 3376 1069 3418 eum
1092 3354 1176 3419 effici
1200 3377 1267 3421 orn·

123 3462 213 3526 nium
240 3460 380 3546 fulgoris
404 3461 627 3544 affectionum,
656 3461 752 3526 sicuti
779 3461 862 3525 aeris
890 3482 949 3544 per
971 3460 1133 3546 auditum3
1161 3461 1267 3528 simile

123 3567 209 3632 eninr
233 3589 290 3652 per
314 3567 420 3632 simile
444 3568 477 3632 in
502 3569 709 3632 affectionum
728 3568 986 3632 communionem
1010 3568 1167 3650 pervenit.
1204 3567 1266 3634 Sed

122 3698 195 3739 curn
219 3675 378 3759 duplicem
397 3674 518 3738 habeat
536 3673 735 3738 intellectum
760 3674 836 3738 talis
856 3673 971 3758 oratio,
994 3673 1088 3757 quale
1112 3674 1265 3740 est'illnd

122 3780 343 3865 Empedoclis:

180 3886 328 3952 ‘Terram
350 3911 427 3953 nsm
450 3891 538 3952 terra
561 3889 657 3972 atque
681 3887 766 3951 unda
788 3909 848 3952 nos
872 3887 1033 3952 cernimus
1057 3887 1198 3973 undam,

122 4017 236 4080 unum,
267 3995 323 4078 qui
354 4017 413 4079 per
443 3994 601 4059 eiusmodi
633 3992 898 4072 instrumentum,
935 3993 1087 4076 alterurn,
1118 3995 1174 4078 qui
1205 4018 1265 4080 per

121 4087 279 4166 eiusmodi
302 4101 492 4166 facultatem
515 4123 575 4166 nos
594 4100 712 4164 sentire
736 4100 909 4185 significat,
931 4122 989 4184 per
1011 4099 1263 4166 instrumentum

121 4230 233 4272 verum
252 4230 322 4272 esse
341 4208 578 4275 concedendum
597 4211 656 4290 est,
674 4228 732 4290 per
750 4207 939 4272 facultatem
957 4207 1100 4272 minime.
1132 4207 1263 4273 Etenim

121 4315 271 4399 primum,
293 4316 378 4399 quod
397 4315 463 4378 vim
484 4314 644 4378 sentiendi
661 4313 771 4396 habet,
794 4313 1013 4398 qualecunque
1037 4318 1095 4398 est,
1114 4315 1279 4381 sensibus’

121 4421 314 4508 singillatim
338 4421 488 4486 omnibus
512 4443 681 4492 commune
705 4424 763 4505 est,
786 4424 823 4486 ut
844 4419 939 4486 Plato
963 4420 1062 4486 etiam
1086 4443 1159 4486 cum
1183 4421 1263 4487 alibi
