3228 5148
622 401 842 464 ...93-

148 561 235 627 med.
261 561 320 646 τῆς
347 559 515 644 ἐνεργείας
541 553 661 643 αὐτῆς
690 554 760 624 κατ’
787 554 870 624 αὐτό
898 581 957 644 pro
981 583 1007 624 τ.
1031 557 1055 625 ἐ.
1081 557 1149 645 τῆς
1171 583 1199 625 κ.
1222 553 1304 643 αὐτ,

147 667 239 732 idem
263 691 293 752 p.
317 667 380 732 569
410 667 469 732 sub
497 668 550 731 fin.
574 660 758 750 ἀναγκαῖον
781 660 867 731 εἶναι
895 661 1020 750 αὐτὴν
1048 665 1217 750 ἐνέργειαν
1245 690 1304 752 pro

149 768 184 838 oi.
208 769 268 838 εἶν.
290 769 361 857 τὴν
385 771 556 856 ἐνέργειαν
578 774 696 858 posuit.
741 771 829 837 1111.
853 795 885 856 p.
909 773 974 839 258
998 797 1029 858 ρ,
1051 774 1133 839 med.
1157 768 1221 839 ἀπὸ
1247 775 1305 857 τῆς

149 878 386 965 προθέσεως
413 902 473 964 pro
502 873 566 945 ιἰτὸ
595 881 653 964 τῆς
675 879 802 957 θέσεως
829 883 862 943 01
884 903 915 964 p.
938 879 1003 943 462
1028 883 1103 944 ants
1127 881 1208 944 med.
1235 881 1305 944 [δια

151 1009 213 1072 pro
237 983 294 1050 διά
313 992 346 1051 01
365 987 430 1051 0110
448 986 672 1052 huiuscemodi
691 986 814 1070 scripta
832 985 981 1071 legimus.
1011 983 1073 1049 Sed
1088 986 1169 1052 haec
1188 987 1304 1052 merida

151 1097 188 1156 et
211 1093 315 1157 multa
338 1092 405 1157 alia
427 1093 581 1178 quoniam
604 1093 744 1159 editores
763 1095 984 1176 correxerim,
1009 1115 1047 1156 ea
1070 1096 1197 1156 tuntum
1218 1096 1303 1157 trac·

151 1205 274 1284 temus,
297 1221 380 1285 quas
403 1199 527 1264 intaeta
550 1201 758 1285 reliquerunt.
800 1199 834 1264 P.
854 1199 919 1262 240
942 1221 973 1282 p.
996 1220 1038 1263 m.
1061 1197 1304 1286 MA(BOhK):

151 1301 238 1372 ἀλλὰ
261 1303 316 1372 καὶ
339 1301 479 1382 τούτους
502 1299 521 1390 ἡ
545 1305 640 1382 θέσις
663 1307 820 1389 ἔσφαλλε,
848 1306 977 1390 μᾶλλον
1005 1301 1041 1369 δὲ
1070 1299 1132 1388 οὐχ
1155 1299 1175 1388 ἡ
1198 1305 1304 1388 θέσις,

150 1407 228 1478 ἀλλ’
256 1408 274 1497 ἡ
298 1411 371 1496 ’περὶ
390 1414 448 1496 τῆς
466 1409 692 1497 αἰσθήσεως
711 1409 806 1498 δόξα,
828 1434 888 1476 nos
909 1433 925 1476 e
945 1409 1105 1476 codicistl
1125 1412 1186 1476 fide
1203 1413 1303 1497 scrip·

151 1521 257 1584 simus
280 1515 300 1604 ἡ
324 1517 399 1602 περὶ
422 1515 766 1604 succrescentes.
802 1518 836 1584 Ρ.
859 1517 925 1584 544
948 1541 977 1602 p.
1001 1518 1058 1582 in:
1081 1512 1163 1582 κατὰ
1185 1513 1302 1603 μ1ντὸ

152 1623 314 1712 δεύτερον
337 1621 572 1712 σύγγραμμα
595 1627 664 1691 τῶν
681 1619 938 1710 Ἱπποκρατείων
961 1625 1166 1710 εἰσαγωγῶν,
1195 1625 1304 1710 agitur

151 1732 192 1796 de
217 1731 362 1816 Pelopis,
385 1735 607 1818 praeceptoris
631 1731 761 1816 Galeni,
784 1731 959 1816 sententia,
985 1753 1082 1816 quam
1106 1730 1303 1798 insecundo

150 1839 239 1904 libro
263 1839 506 1904 institutionum
524 1839 833 1925 Hippocraticarum
852 1837 1085 1923 pronuntiarit.
1112 1837 1202 1902 Idem
1222 1861 1303 1923 opus

151 1947 308 2012 laudatur
336 1969 355 2011 a
379 1947 502 2012 Galeno
530 1947 566 2012 in
592 1947 676 2011 libro
705 1947 744 2010 de
769 1946 990 2011 musculorum
1018 1944 1212 2009 dissectione
1240 1945 1303 2010 vol.

152 2051 281 2136 XVIII,
304 2055 339 2138 2,
361 2077 392 2138 p.
415 2055 480 2120 926
504 2055 535 2120 Κ
558 2051 647 2138 (11.2
671 2053 718 2117 ed.
740 2050 866 2140 Dietz):
897 2046 915 2117 ό
943 2048 1006 2136 μὲν
1034 2040 1098 2116 οὖν
1121 2049 1238 2129 Πέλοψ
1266 2050 1303 2116 ἐν

151 2159 193 2245 τῇ
216 2162 310 2245 τρίτῃ
334 2157 396 2247 (sic
419 2159 538 2250 βίβλῳ)
561 2161 630 2225 τῶν
648 2154 904 2244 Ἱπποκρατείων
927 2158 1154 2242 εἰσαγωγικῶν
1167 2155 1221 2246 (t).
1258 2157 1304 2224 At

153 2266 277 2351 singuli
304 2266 382 2330 libri
409 2268 516 2352 operis
545 2267 682 2332 alicuius
711 2288 731 2330 a
759 2265 883 2332 Galeuo
912 2266 947 2330 in
972 2265 1066 2329 libris
1094 2265 1237 2348 quidem,
1264 2266 1303 2330 de

153 2373 273 2456 quibus
302 2373 501 2458 quaerimus,
527 2397 593 2440 non
620 2369 860 2458 συγγράμματα
867 2420 877 2455 ,
904 2372 960 2436 sed
989 2367 1164 2456 postpauca
1193 2372 1303 2456 appel-

152 2479 278 2564 lantur,
306 2481 391 2566 quod
418 2503 435 2544 e
462 2480 685 2566 duodeviginti
713 2480 794 2546 locis
823 2481 969 2563 apparet.
1015 2476 1220 2563 Quapropter
1242 2502 1302 2544 nos

153 2586 346 2670 scripsimus
369 2583 451 2652 κατὰ
473 2583 510 2654 τὸ
535 2589 565 2652 δ.
588 2583 749 2672 γράμμα
771 2609 798 2652 τ.
816 2579 852 2650 Ἰ.
875 2585 978 2667 είσαγ.
1009 2582 1044 2649 Ρ.
1063 2584 1129 2650 560
1152 2589 1227 2650 01110
1250 2586 1303 2651 fin.

152 2693 232 2758 libri
262 2715 387 2758 omnes:
417 2689 462 2778 μὴ
492 2695 610 2759 τοίνυν
639 2690 723 2777 μηδὲ
754 2687 862 2757 ἐκεῖνό
889 2707 926 2756 σε
955 2689 1168 2774 λανθανέτω,
1198 2689 1303 2758 διότι

46 2827 50 2834 ·
154 2795 287 2876 πάντως
309 2791 353 2864 ἂν
376 2801 520 2883 ἔσφαζον
539 2801 576 2864 ac
591 2799 725 2884 φλέβες,
749 2823 808 2884 pro
832 2793 918 2864 διότι
937 2821 997 2864 nos
1017 2793 1036 2864 ὅ
1042 2822 1076 2862 τι
1101 2800 1303 2864 restituimus

155 2929 257 2991 eoque
285 2906 450 2990 fidentius,
478 2907 564 2991 quod
592 2908 692 2972 etiarn
719 2931 749 2992 p.
774 2908 839 2972 665
862 2911 941 2970 extr.
969 2901 1202 2994 MA(BOhK)
1229 2903 1304 2991 έδή-

154 3017 263 3077 λωσεν
286 3007 304 3078 ό
329 3009 473 3078 Πλάτων
495 3051 539 3072 .—
563 3007 645 3079 ἆλλὰ
673 3012 728 3078 καὶ
757 3011 928 3079 διότι-
951 3008 1032 3076 κατὰ
1056 3009 1162 3096 φύσιν
1185 3015 1303 3097 ἔχομεν

155 3119 451 3206 1101110111111,0111
473 3143 532 3204 pro
557 3116 642 3185 διότι
661 3119 688 3186 F
711 3117 762 3185 ὅτι
786 3119 827 3208 (Ρ
845 3115 899 3184 όσι
918 3120 937 3184 1.
958 3143 984 3184 e.
1003 3115 1068 3207 ὅτι)
1091 3122 1227 3204 praebet
1249 3119 1302 3207 (ef.

155 3249 256 3310 supra
282 3249 313 3311 p.
341 3225 407 3312 68).
452 3224 488 3290 Ρ.
517 3227 580 3291 ’155
610 3231 689 3292 extr.
719 3251 778 3312 pro
808 3223 961 3312 ταροῦσό
989 3243 1050 3290 σοι
1075 3223 1302 3314 (ΜΑΒο11Κ)

155 3333 358 3398 restituimus
388 3329 540 3416 asperiori
572 3335 611 3398 οί
632 3338 665 3397 01
686 3356 717 3418 p.
738 3335 801 3399 756
825 3339 903 3398 extr.
927 3357 986 3417 pro
1010 3326 1178 3411 όδόνατος
1199 3323 1221 3420 ᾖ
1245 3336 1303 3400 δν-

156 3436 257 3516 νατὸς
286 3429 322 3526 ᾖ,
353 3441 387 3504 111
417 3443 553 3525 utroque
583 3440 656 3506 loco
684 3440 831 3507 Platonis
862 3441 988 3506 codices
1019 3441 1130 3504 secuti.
1176 3440 1209 3506 P.
1236 3442 1302 3506 432

155 3548 227 3612 init.
250 3545 460 3612 MABOhK:
489 3542 573 3632 Περὶ
598 3545 633 3611 δὲ
657 3548 725 3612 τῶν
747 3549 806 3631 τῆς
828 3549 935 3632 ψυχῆς
952 3548 1073 3612 παθῶν
1092 3543 1217 3632 -ἥδη
1241 3549 1303 3632 μέν

155 3677 212 3738 μοι
232 3649 286 3718 καὶ
305 3648 341 3718 τὸ
361 3648 425 3738 πρὸ,
443 3650 566 3718 τούτου
583 3650 791 3739 πεπλήρωται
805 3657 938 3737 βιβλίον
956 3641 1006 3718 aiv
1024 3647 1123 3730 αὐτὸς
1146 3649 1303 3722 ἀκούων
1362 3707 1370 3714 .

156 3759 214 3848 (sc.
238 3757 445 3846 Χρύσιππος)
468 3754 633 3844 ὁμολογεῖ.
664 3760 878 3845 Partioipium
901 3755 1035 3826 ἀκούων
1057 3761 1141 3826 nihil
1163 3763 1227 3828 1001
1245 3765 1302 3828 ha·

157 3868 226 3951 bet;
249 3867 353 3931 scribe
377 3861 491 3933 ἅκων.
520 3867 568 3932 Ac
591 3869 774 3934 demendis
793 3891 832 3932 ex
852 3868 1027 3934 omissione
1046 3873 1103 3932 aut
1122 3869 1302 3936 adiectione

155 3974 340 4038 litterarum
364 3974 628 4060 syllabarumque
650 3976 736 4040 natis
760 3976 840 4040 satis
863 3975 1011 4040 diximus.

246 4081 375 4164 Restat,
398 4085 435 4144 ut
456 4081 495 4145 de
518 4103 621 4166 prava
638 4083 842 4166 separatione
866 4086 924 4147 aut
942 4083 1183 4148 continuatione
1203 4083 1301 4168 sylla·

158 4189 286 4272 barum,
310 4187 392 4252 unde
415 4210 493 4253 vera
516 4189 677 4274 scriptura
699 4189 846 4274 11110101,
869 4190 1078 4276 disputemus.
1109 4187 1302 4276 Plerumque

157 4295 316 4360 eiusmodi
330 4295 455 4360 mendis
470 4294 597 4360 0110110
610 4295 780 4380 implicata
794 4301 883 4380 sunt,
906 4301 942 4360 ut
956 4317 1033 4361 vers
1054 4295 1151 4360 lectio
1168 4319 1301 4380 prorsus

157 4403 285 4468 detorta
304 4407 337 4466 et
355 4401 536 4468 deformata
554 4401 714 4488 videatur,
734 4403 927 4488 praesertim
946 4425 1018 4467 cum
1032 4423 1098 4466 non
1111 4424 1185 4467 raro
1199 4425 1301 4488 prava
