3376 5144
627 417 666 424 -
713 379 776 443 827
816 371 865 424 ’-

145 541 225 606 τοῦ
251 542 359 604 καίειν
382 531 402 623 ἢ
433 534 553 622 ψύχειν
580 531 600 622 ἢ
626 537 795 624 ξηραίνειν
819 531 839 622 ἢ
868 532 1058 622 ὑγραίνειν,
1086 536 1164 606 ποτὲ
1193 537 1231 605 δὲ
1258 543 1320 608 τοῦ

147 646 438 730 φαντασιοῦσθαι
465 643 520 709 καλ
553 649 745 728 λογίζεσθαι
777 642 832 709 καὶ
863 647 970 711 κινεῖν
998 643 1120 732 ἑαυτὴν
1147 641 1168 730 ἥ
1195 647 1320 712 τιτῶν

150 751 290 835 ἄλλων,
313 747 376 819 ὅσα
396 754 401 837 Ι
421 753 558 817 τοιαῦτα
576 748 659 818 κατὰ
677 748 740 838 τὴν
762 747 955 837 λογιστικὴν
970 749 1081 838 ψυχὴν
1105 752 1386 840 ἐνεργοῦμεν,θοε

152 855 275 943 αὐτὴν
306 855 368 944 μὲν
402 849 509 925 οὖσαν
536 863 633 944 μίαν,
667 862 811 944 ἔχουσαν
839 855 875 926 δὲ
911 856 1070 944 δυνάμεις
1103 857 1242 944 πολλάς,
1279 853 1319 939 ἃς

155 963 298 1044 ἁπάσας
321 965 359 1031 ἐν
380 967 420 1053 τῇ
443 965 666 1056 προειρημένῃ
690 969 895 1055 πραγματείᾳ
918 968 1073 1052 διῆλθον.

200 1167 220 1215 3
245 1154 298 1214 ὅσα
322 1178 351 1214 τι
375 1159 454 1214 codd.
478 1158 539 1214 edd.
563 1177 593 1214 τε
618 1159 782 1214 delevimus.
807 1191 839 1200 -
869 1165 885 1215 5
907 1159 982 1216 infra
1006 1161 1138 1230 διῆλθονι
1165 1159 1243 1224 τέλος
1265 1161 1316 1216 τοῦ

158 1226 397 1358 ἐέηιὶηονΜλιλγον
425 1230 548 1300 γαληνοῦ
575 1229 641 1300 περὶ
668 1231 724 1286 τῶν
753 1227 944 1301 [numatianus
969 1233 1018 1286 καλ
1041 1228 1184 1294 πλάτανος
1212 1229 1316 1302 δογμά-

162 1484 305 1570 gerandi
333 1484 386 1549 vel
414 1484 556 1550 siccandi
588 1485 640 1549 vel
667 1485 889 1570 humectandi,
926 1485 1022 1552 modo
1055 1486 1254 1572 imaginandi
1285 1490 1319 1552 et

164 1590 387 1657 ratiocinandi
424 1595 458 1657 et
494 1613 529 1656 se
565 1592 673 1675 ipsam
709 1591 860 1658 movendi
896 1595 993 1676 atque
1026 1592 1091 1658 alia
1122 1592 1317 1678 huiusmodi,

164 1722 250 1784 quae
289 1699 322 1762 in
345 1698 560 1763 ratiocinante
592 1701 686 1782 parte
723 1698 824 1764 animi
861 1721 1049 1784 operamur,
1085 1699 1140 1784 qui
1177 1700 1317 1784 quidem,

162 1806 240 1891 ipse
264 1805 520 1890 cumutamus,
543 1806 663 1871 multas
686 1805 861 1872 facultates
883 1806 995 1890 habat,
1018 1829 1097 1892 quas
1117 1829 1229 1873 omncs
1252 1806 1315 1873 hoc

166 1935 267 1998 opere
290 1911 453 1997 persecuti
477 1933 595 1976 sumus.
