<?xml version="1.0" encoding="UTF-8"?>
<!DOCTYPE html PUBLIC "-//W3C//DTD XHTML 1.0 Transitional//EN"
    "http://www.w3.org/TR/xhtml1/DTD/xhtml1-transitional.dtd">
<html xmlns="http://www.w3.org/1999/xhtml" xml:lang="en" lang="en">
 <head>
  <title>
</title>
<meta http-equiv="Content-Type" content="text/html;charset=utf-8" />
  <meta name='ocr-system' content='tesseract 3.04.00' />
  <meta name='ocr-capabilities' content='ocr_page ocr_carea ocr_par ocr_line ocrx_word'/>
</head>
<body>
  <div class='ocr_page' id='page_1' title='image "./claudiigalenide02mlgoog/claudiigalenide02mlgoog_0226.png"; bbox 0 0 3298 5136; ppageno 0'>
   <div class='ocr_carea' id='block_1_1' title="bbox 616 421 860 486">
    <p class='ocr_par' dir='ltr' id='par_1_1' title="bbox 616 421 860 486">
     <span class='ocr_line' id='line_1_1' title="bbox 616 421 860 486; baseline -0.008 0"><span class='ocrx_word' id='word_1_1' title='bbox 616 421 860 486; x_wconf 57' lang='grc' dir='ltr'>--209-ὰ</span> 
     </span>
    </p>
   </div>
   <div class='ocr_carea' id='block_1_2' title="bbox 163 567 1379 2371">
    <p class='ocr_par' dir='ltr' id='par_1_2' title="bbox 163 567 1379 2371">
     <span class='ocr_line' id='line_1_2' title="bbox 164 567 1314 665; baseline 0.002 -21"><span class='ocrx_word' id='word_1_2' title='bbox 164 577 222 662; x_wconf 84' lang='grc' dir='ltr'>τῆς</span> <span class='ocrx_word' id='word_1_3' title='bbox 253 577 311 662; x_wconf 81' lang='grc' dir='ltr'>τῆς</span> <span class='ocrx_word' id='word_1_4' title='bbox 344 577 523 662; x_wconf 77' lang='grc' dir='ltr'><strong><em>ἐνεργείας·</em></strong></span> <span class='ocrx_word' id='word_1_5' title='bbox 557 574 663 656; x_wconf 81' lang='grc' dir='ltr'><strong><em>οὕτως</em></strong></span> <span class='ocrx_word' id='word_1_6' title='bbox 695 574 773 645; x_wconf 73' lang='grc' dir='ltr'><strong><em>οὐδὲ</em></strong></span> <span class='ocrx_word' id='word_1_7' title='bbox 806 582 867 644; x_wconf 83' lang='grc' dir='ltr'>τοῦ</span> <span class='ocrx_word' id='word_1_8' title='bbox 898 581 1108 664; x_wconf 74' lang='grc' dir='ltr'><em>βουληθῆναι</em></span> <span class='ocrx_word' id='word_1_9' title='bbox 1141 577 1177 646; x_wconf 87' lang='grc' dir='ltr'>τὸ</span> <span class='ocrx_word' id='word_1_10' title='bbox 1208 567 1314 665; x_wconf 78' lang='grc' dir='ltr'><strong><em>οὖρον</em></strong></span> 
     </span>
     <span class='ocr_line' id='line_1_3' title="bbox 165 679 1379 774; baseline 0.002 -26"><span class='ocrx_word' id='word_1_11' title='bbox 165 683 311 771; x_wconf 81' lang='grc' dir='ltr'><strong><em>ἐκκρῑναι</em></strong></span> <span class='ocrx_word' id='word_1_12' title='bbox 345 683 399 749; x_wconf 85' lang='grc' dir='ltr'><strong><em>καλ</em></strong></span> <span class='ocrx_word' id='word_1_13' title='bbox 431 679 533 770; x_wconf 76' lang='grc' dir='ltr'><strong><em>αὐτῆς</em></strong></span> <span class='ocrx_word' id='word_1_14' title='bbox 564 688 622 770; x_wconf 83' lang='grc' dir='ltr'>τῆς</span> <span class='ocrx_word' id='word_1_15' title='bbox 654 685 842 772; x_wconf 78' lang='grc' dir='ltr'><strong><em>ἐκκρίσεως,</em></strong></span> <span class='ocrx_word' id='word_1_16' title='bbox 876 685 880 774; x_wconf 70' lang='grc' dir='ltr'><strong><em>λ</em></strong></span> <span class='ocrx_word' id='word_1_17' title='bbox 915 681 997 751; x_wconf 81' lang='grc' dir='ltr'><strong><em>ἀλλὰ</em></strong></span> <span class='ocrx_word' id='word_1_18' title='bbox 1030 681 1098 770; x_wconf 77' lang='grc' dir='ltr'><strong><em>ἅμα</em></strong></span> <span class='ocrx_word' id='word_1_19' title='bbox 1124 710 1158 752; x_wconf 93' lang='grc' dir='ltr'>τε</span> <span class='ocrx_word' id='word_1_20' title='bbox 1191 684 1227 751; x_wconf 90' lang='grc' dir='ltr'>τὸ</span> <span class='ocrx_word' id='word_1_21' title='bbox 1256 689 1379 770; x_wconf 59' lang='lat' dir='ltr'>erigens</span> 
     </span>
     <span class='ocr_line' id='line_1_4' title="bbox 164 786 1314 877; baseline 0.002 -22"><span class='ocrx_word' id='word_1_22' title='bbox 164 792 272 875; x_wconf 76' lang='grc' dir='ltr'><strong><em>ψυχῆς</em></strong></span> <span class='ocrx_word' id='word_1_23' title='bbox 295 786 497 876; x_wconf 80' lang='grc' dir='ltr'><strong><em>ἡγεμονικὸν</em></strong></span> <span class='ocrx_word' id='word_1_24' title='bbox 526 787 700 877; x_wconf 77' lang='grc' dir='ltr'><strong><em>ἠβουλήθη</em></strong></span> <span class='ocrx_word' id='word_1_25' title='bbox 729 792 783 858; x_wconf 85' lang='grc' dir='ltr'><strong><em>καλ</em></strong></span> <span class='ocrx_word' id='word_1_26' title='bbox 811 789 851 858; x_wconf 78' lang='lat' dir='ltr'>roi</span> <span class='ocrx_word' id='word_1_27' title='bbox 879 795 936 877; x_wconf 81' lang='grc' dir='ltr'>τῆς</span> <span class='ocrx_word' id='word_1_28' title='bbox 963 790 1153 877; x_wconf 80' lang='grc' dir='ltr'><strong><em>αἰσθήσεως</em></strong></span> <span class='ocrx_word' id='word_1_29' title='bbox 1176 791 1314 877; x_wconf 81' lang='grc' dir='ltr'><strong><em>ἐνήργη-</em></strong></span> 
     </span>
     <span class='ocr_line' id='line_1_5' title="bbox 164 889 1314 984; baseline 0.002 -23"><span class='ocrx_word' id='word_1_30' title='bbox 164 914 223 962; x_wconf 90' lang='grc' dir='ltr'>σεν</span> <span class='ocrx_word' id='word_1_31' title='bbox 247 893 383 981; x_wconf 82' lang='grc' dir='ltr'><strong><em>ὄργανα.</em></strong></span> <span class='ocrx_word' id='word_1_32' title='bbox 428 901 497 976; x_wconf 79' lang='grc' dir='ltr'>πῶς</span> <span class='ocrx_word' id='word_1_33' title='bbox 521 890 583 964; x_wconf 84' lang='grc' dir='ltr'>οὖν</span> <span class='ocrx_word' id='word_1_34' title='bbox 606 897 752 984; x_wconf 80' lang='grc' dir='ltr'><strong><em>λύσομεν</em></strong></span> <span class='ocrx_word' id='word_1_35' title='bbox 776 899 905 965; x_wconf 83' lang='grc' dir='ltr'><strong><em>ἐκεῖνον</em></strong></span> <span class='ocrx_word' id='word_1_36' title='bbox 928 895 989 965; x_wconf 87' lang='grc' dir='ltr'>τὸν</span> <span class='ocrx_word' id='word_1_37' title='bbox 1012 897 1131 983; x_wconf 88' lang='grc' dir='ltr'><strong><em>λόγον,</em></strong></span> <span class='ocrx_word' id='word_1_38' title='bbox 1155 889 1180 964; x_wconf 79' lang='grc' dir='ltr'><strong><em>ὦ</em></strong></span> <span class='ocrx_word' id='word_1_39' title='bbox 1205 897 1314 982; x_wconf 74' lang='grc' dir='ltr'><strong><em>σοφού-</em></strong></span> 
     </span>
     <span class='ocr_line' id='line_1_6' title="bbox 163 996 1347 1091; baseline -0.001 -23"><span class='ocrx_word' id='word_1_40' title='bbox 163 1028 271 1084; x_wconf 89' lang='grc' dir='ltr'><strong><em>τατοι,</em></strong></span> <span class='ocrx_word' id='word_1_41' title='bbox 306 1005 351 1070; x_wconf 61' lang='grc' dir='ltr'>ἐἰ</span> <span class='ocrx_word' id='word_1_42' title='bbox 378 1002 414 1070; x_wconf 73' lang='grc' dir='ltr'><strong><em>δέ</em></strong></span> <span class='ocrx_word' id='word_1_43' title='bbox 443 996 485 1090; x_wconf 80' lang='grc' dir='ltr'>ἦν</span> <span class='ocrx_word' id='word_1_44' title='bbox 513 1001 577 1072; x_wconf 88' lang='grc' dir='ltr'>ὑπὸ</span> <span class='ocrx_word' id='word_1_45' title='bbox 606 1009 664 1090; x_wconf 81' lang='grc' dir='ltr'>τῆς</span> <span class='ocrx_word' id='word_1_46' title='bbox 691 1007 829 1090; x_wconf 76' lang='grc' dir='ltr'><strong><em>καρδίας</em></strong></span> <span class='ocrx_word' id='word_1_47' title='bbox 857 1003 1106 1090; x_wconf 81' lang='grc' dir='ltr'><strong><em>ἐκπεμπόμενον</em></strong></span> <span class='ocrx_word' id='word_1_48' title='bbox 1132 1002 1168 1070; x_wconf 83' lang='grc' dir='ltr'>ιδ</span> <span class='ocrx_word' id='word_1_49' title='bbox 1198 996 1347 1091; x_wconf 80' lang='grc' dir='ltr'><strong><em>ούρον,ι</em></strong></span> 
     </span>
     <span class='ocr_line' id='line_1_7' title="bbox 166 1104 1314 1197; baseline 0.003 -22"><span class='ocrx_word' id='word_1_50' title='bbox 166 1105 228 1176; x_wconf 84' lang='grc' dir='ltr'>οὐκ</span> <span class='ocrx_word' id='word_1_51' title='bbox 250 1104 294 1176; x_wconf 78' lang='grc' dir='ltr'>ἂν</span> <span class='ocrx_word' id='word_1_52' title='bbox 317 1108 373 1176; x_wconf 82' lang='grc' dir='ltr'>διδ</span> <span class='ocrx_word' id='word_1_53' title='bbox 393 1114 454 1177; x_wconf 81' lang='grc' dir='ltr'>τοῦ</span> <span class='ocrx_word' id='word_1_54' title='bbox 473 1116 606 1179; x_wconf 80' lang='grc' dir='ltr'><strong><em>αἰδοίου</em></strong></span> <span class='ocrx_word' id='word_1_55' title='bbox 626 1112 838 1197; x_wconf 81' lang='grc' dir='ltr'><strong><em>ἐξεκρίνετο’;</em></strong></span> <span class='ocrx_word' id='word_1_56' title='bbox 862 1107 904 1196; x_wconf 79' lang='grc' dir='ltr'>ἢν</span> <span class='ocrx_word' id='word_1_57' title='bbox 927 1108 991 1196; x_wconf 80' lang='grc' dir='ltr'>γὰρ</span> <span class='ocrx_word' id='word_1_58' title='bbox 1011 1105 1053 1177; x_wconf 77' lang='grc' dir='ltr'>δν</span> <span class='ocrx_word' id='word_1_59' title='bbox 1077 1119 1185 1196; x_wconf 76' lang='grc' dir='ltr'><strong><em>εἴπητε</em></strong></span> <span class='ocrx_word' id='word_1_60' title='bbox 1204 1109 1314 1194; x_wconf 90' lang='grc' dir='ltr'><strong><em>λύσιν,</em></strong></span> 
     </span>
     <span class='ocr_line' id='line_1_8' title="bbox 165 1213 1315 1305; baseline 0.003 -24"><span class='ocrx_word' id='word_1_61' title='bbox 165 1215 290 1295; x_wconf 77' lang='grc' dir='ltr'><strong><em>ἐξέσται</em></strong></span> <span class='ocrx_word' id='word_1_62' title='bbox 315 1214 424 1301; x_wconf 77' lang='grc' dir='ltr'><strong><em>δήπου</em></strong></span> <span class='ocrx_word' id='word_1_63' title='bbox 447 1219 502 1284; x_wconf 85' lang='grc' dir='ltr'><strong><em>καλ</em></strong></span> <span class='ocrx_word' id='word_1_64' title='bbox 526 1215 611 1303; x_wconf 83' lang='grc' dir='ltr'><strong><em>ἡμᾶς</em></strong></span> <span class='ocrx_word' id='word_1_65' title='bbox 634 1213 717 1305; x_wconf 78' lang='grc' dir='ltr'><strong><em>αὐτῇ</em></strong></span> <span class='ocrx_word' id='word_1_66' title='bbox 741 1216 940 1304; x_wconf 81' lang='grc' dir='ltr'><strong><em>χρήσασθαι.</em></strong></span> <span class='ocrx_word' id='word_1_67' title='bbox 980 1213 1063 1283; x_wconf 81' lang='grc' dir='ltr'><strong><em>κατὰ</em></strong></span> <span class='ocrx_word' id='word_1_68' title='bbox 1086 1217 1148 1304; x_wconf 76' lang='grc' dir='ltr'>μὲν</span> <span class='ocrx_word' id='word_1_69' title='bbox 1172 1215 1213 1304; x_wconf 80' lang='grc' dir='ltr'>δὴ</span> <span class='ocrx_word' id='word_1_70' title='bbox 1236 1216 1315 1296; x_wconf 85' lang='grc' dir='ltr'><strong><em>τούς</em></strong></span> 
     </span>
     <span class='ocr_line' id='line_1_9' title="bbox 165 1321 1313 1410; baseline 0.003 -22"><span class='ocrx_word' id='word_1_71' title='bbox 165 1321 345 1408; x_wconf 81' lang='grc' dir='ltr'><strong><em>διαλόγους</em></strong></span> <span class='ocrx_word' id='word_1_72' title='bbox 364 1325 511 1402; x_wconf 76' lang='grc' dir='ltr'><strong><em>ἐκείνους</em></strong></span> <span class='ocrx_word' id='word_1_73' title='bbox 534 1321 731 1410; x_wconf 76' lang='grc' dir='ltr'><strong><em>ἀναγκάζειν</em></strong></span> <span class='ocrx_word' id='word_1_74' title='bbox 754 1322 815 1409; x_wconf 89' lang='grc' dir='ltr'>χρὴ</span> <span class='ocrx_word' id='word_1_75' title='bbox 836 1322 930 1390; x_wconf 83' lang='grc' dir='ltr'><strong><em>λύειν</em></strong></span> <span class='ocrx_word' id='word_1_76' title='bbox 947 1322 1008 1391; x_wconf 89' lang='grc' dir='ltr'>τὸν</span> <span class='ocrx_word' id='word_1_77' title='bbox 1027 1323 1141 1408; x_wconf 89' lang='grc' dir='ltr'><strong><em>λόγον·</em></strong></span> <span class='ocrx_word' id='word_1_78' title='bbox 1167 1326 1313 1392; x_wconf 80' lang='grc' dir='ltr'><strong><em>ἐνταῦθα</em></strong></span> 
     </span>
     <span class='ocr_line' id='line_1_10' title="bbox 166 1425 1315 1516; baseline 0.003 -22"><span class='ocrx_word' id='word_1_79' title='bbox 166 1427 201 1494; x_wconf 80' lang='grc' dir='ltr'><strong><em>δέ</em></strong></span> <span class='ocrx_word' id='word_1_80' title='bbox 231 1425 293 1495; x_wconf 90' lang='grc' dir='ltr'>ούκ</span> <span class='ocrx_word' id='word_1_81' title='bbox 321 1431 460 1516; x_wconf 81' lang='grc' dir='ltr'><strong><em>ἐγχωρεῖ</em></strong></span> <span class='ocrx_word' id='word_1_82' title='bbox 484 1444 593 1497; x_wconf 85' lang='grc' dir='ltr'><strong><em>ποιεῖν</em></strong></span> <span class='ocrx_word' id='word_1_83' title='bbox 622 1427 741 1513; x_wconf 82' lang='grc' dir='ltr'><strong><em>οὕτως,</em></strong></span> <span class='ocrx_word' id='word_1_84' title='bbox 774 1425 857 1496; x_wconf 80' lang='grc' dir='ltr'><strong><em>ἀλλὰ</em></strong></span> <span class='ocrx_word' id='word_1_85' title='bbox 886 1428 1035 1516; x_wconf 79' lang='grc' dir='ltr'><strong><em>χρὴτὴν</em></strong></span> <span class='ocrx_word' id='word_1_86' title='bbox 1063 1429 1161 1497; x_wconf 87' lang='grc' dir='ltr'><strong><em>λύσιν</em></strong></span> <span class='ocrx_word' id='word_1_87' title='bbox 1192 1427 1315 1509; x_wconf 84' lang='grc' dir='ltr'><strong><em>αύτούς</em></strong></span> 
     </span>
     <span class='ocr_line' id='line_1_11' title="bbox 165 1531 1354 1636; baseline -0.002 -34"><span class='ocrx_word' id='word_1_88' title='bbox 165 1539 270 1602; x_wconf 86' lang='grc' dir='ltr'><strong><em>είπεῑν</em></strong></span> <span class='ocrx_word' id='word_1_89' title='bbox 293 1532 395 1603; x_wconf 76' lang='grc' dir='ltr'><strong><em>ούδέν</em></strong></span> <span class='ocrx_word' id='word_1_90' title='bbox 422 1539 565 1623; x_wconf 80' lang='grc' dir='ltr'><strong><em>ἔχουσαν</em></strong></span> <span class='ocrx_word' id='word_1_91' title='bbox 589 1533 883 1636; x_wconf 78' lang='grc' dir='ltr'><strong><em>ἀποκεκρυμμένον</em></strong></span> <span class='ocrx_word' id='word_1_92' title='bbox 910 1531 931 1622; x_wconf 83' lang='grc' dir='ltr'><em>ἢ</em></span> <span class='ocrx_word' id='word_1_93' title='bbox 954 1536 1084 1625; x_wconf 84' lang='grc' dir='ltr'><strong><em>μακρὸν</em></strong></span> <span class='ocrx_word' id='word_1_94' title='bbox 1110 1531 1131 1623; x_wconf 81' lang='grc' dir='ltr'><em>ἢ</em></span> <span class='ocrx_word' id='word_1_95' title='bbox 1159 1536 1314 1623; x_wconf 85' lang='grc' dir='ltr'><strong><em>χαλεπόν,</em></strong></span> <span class='ocrx_word' id='word_1_96' title='bbox 1329 1563 1354 1600; x_wconf 85' lang='lat'>10</span> 
     </span>
     <span class='ocr_line' id='line_1_12' title="bbox 165 1637 1314 1731; baseline 0.003 -23"><span class='ocrx_word' id='word_1_97' title='bbox 165 1637 248 1708; x_wconf 80' lang='grc' dir='ltr'><strong><em>ἀλλὰ</em></strong></span> <span class='ocrx_word' id='word_1_98' title='bbox 272 1642 307 1708; x_wconf 86' lang='grc' dir='ltr'>ἐκ</span> <span class='ocrx_word' id='word_1_99' title='bbox 330 1649 509 1731; x_wconf 85' lang='grc' dir='ltr'><strong><em>προχείρου</em></strong></span> <span class='ocrx_word' id='word_1_100' title='bbox 526 1643 743 1730; x_wconf 86' lang='grc' dir='ltr'><strong><em>φαινόμενον.</em></strong></span> <span class='ocrx_word' id='word_1_101' title='bbox 786 1640 972 1731; x_wconf 68' lang='grc' dir='ltr'><strong><em>οὐδὲνγὰρ</em></strong></span> <span class='ocrx_word' id='word_1_102' title='bbox 996 1643 1127 1728; x_wconf 85' lang='grc' dir='ltr'><strong><em>κωλύει,</em></strong></span> <span class='ocrx_word' id='word_1_103' title='bbox 1150 1643 1314 1730; x_wconf 85' lang='grc' dir='ltr'><strong><em>φήσομεν,</em></strong></span> 
     </span>
     <span class='ocr_line' id='line_1_13' title="bbox 166 1743 1313 1837; baseline 0.002 -23"><span class='ocrx_word' id='word_1_104' title='bbox 166 1748 201 1814; x_wconf 85' lang='grc' dir='ltr'>ἐκ</span> <span class='ocrx_word' id='word_1_105' title='bbox 223 1751 281 1834; x_wconf 82' lang='grc' dir='ltr'>τῆς</span> <span class='ocrx_word' id='word_1_106' title='bbox 303 1748 449 1829; x_wconf 86' lang='grc' dir='ltr'><strong><em>κύστεως</em></strong></span> <span class='ocrx_word' id='word_1_107' title='bbox 471 1752 682 1837; x_wconf 83' lang='grc' dir='ltr'><strong><em>ε’κκρίνεσθαι</em></strong></span> <span class='ocrx_word' id='word_1_108' title='bbox 707 1749 763 1817; x_wconf 86' lang='grc' dir='ltr'><strong><em>διδι</em></strong></span> <span class='ocrx_word' id='word_1_109' title='bbox 782 1755 843 1818; x_wconf 87' lang='grc' dir='ltr'>τοῦ</span> <span class='ocrx_word' id='word_1_110' title='bbox 861 1755 994 1818; x_wconf 85' lang='grc' dir='ltr'><strong><em>αἰδοίου</em></strong></span> <span class='ocrx_word' id='word_1_111' title='bbox 1017 1749 1054 1818; x_wconf 85' lang='grc' dir='ltr'>τὸ</span> <span class='ocrx_word' id='word_1_112' title='bbox 1080 1743 1185 1837; x_wconf 86' lang='grc' dir='ltr'><strong><em>οὖρον</em></strong></span> <span class='ocrx_word' id='word_1_113' title='bbox 1205 1747 1313 1837; x_wconf 79' lang='grc' dir='ltr'><strong><em>ἀρχὴν</em></strong></span> 
     </span>
     <span class='ocr_line' id='line_1_14' title="bbox 166 1854 1312 1946; baseline 0.002 -24"><span class='ocrx_word' id='word_1_114' title='bbox 166 1854 327 1942; x_wconf 85' lang='grc' dir='ltr'><strong><em>κινήσεως</em></strong></span> <span class='ocrx_word' id='word_1_115' title='bbox 366 1857 608 1944; x_wconf 80' lang='grc' dir='ltr'><strong><em>ἐπιπέμψαντος</em></strong></span> <span class='ocrx_word' id='word_1_116' title='bbox 643 1861 705 1925; x_wconf 84' lang='grc' dir='ltr'>τοῦ</span> <span class='ocrx_word' id='word_1_117' title='bbox 741 1854 957 1944; x_wconf 79' lang='grc' dir='ltr'><strong><em>ἡγεμονικοῦ,</em></strong></span> <span class='ocrx_word' id='word_1_118' title='bbox 998 1861 1054 1924; x_wconf 82' lang='grc' dir='ltr'><strong><em>ἵνα</em></strong></span> <span class='ocrx_word' id='word_1_119' title='bbox 1091 1861 1236 1946; x_wconf 74' lang='grc' dir='ltr'><strong><em>συσταλῇ</em></strong></span> <span class='ocrx_word' id='word_1_120' title='bbox 1276 1856 1312 1924; x_wconf 89' lang='grc' dir='ltr'>τὸ</span> 
     </span>
     <span class='ocr_line' id='line_1_15' title="bbox 166 1960 1314 2051; baseline 0.003 -23"><span class='ocrx_word' id='word_1_121' title='bbox 166 1964 320 2050; x_wconf 82' lang='grc' dir='ltr'><strong><em>περιέχον</em></strong></span> <span class='ocrx_word' id='word_1_122' title='bbox 342 1960 486 2050; x_wconf 77' lang='grc' dir='ltr'><strong><em>ἀγγεῖον.</em></strong></span> <span class='ocrx_word' id='word_1_123' title='bbox 532 1962 651 2031; x_wconf 87' lang='grc' dir='ltr'><strong><em>λοιπὸν</em></strong></span> <span class='ocrx_word' id='word_1_124' title='bbox 678 1971 742 2031; x_wconf 76' lang='grc' dir='ltr'><strong><em>εἴτε</em></strong></span> <span class='ocrx_word' id='word_1_125' title='bbox 774 1964 953 2049; x_wconf 83' lang='grc' dir='ltr'><strong><em>ἐγκέφαλός</em></strong></span> <span class='ocrx_word' id='word_1_126' title='bbox 981 1966 1071 2031; x_wconf 87' lang='grc' dir='ltr'><strong><em>ἐστιν</em></strong></span> <span class='ocrx_word' id='word_1_127' title='bbox 1098 1973 1161 2031; x_wconf 73' lang='grc' dir='ltr'><strong><em>εἴτε</em></strong></span> <span class='ocrx_word' id='word_1_128' title='bbox 1193 1969 1314 2051; x_wconf 88' lang='grc' dir='ltr'><strong><em>καρδία</em></strong></span> 
     </span>
     <span class='ocr_line' id='line_1_16' title="bbox 165 2067 1354 2158; baseline -0.002 -23"><span class='ocrx_word' id='word_1_129' title='bbox 165 2067 202 2135; x_wconf 84' lang='grc' dir='ltr'>τὸ</span> <span class='ocrx_word' id='word_1_130' title='bbox 227 2073 284 2155; x_wconf 78' lang='grc' dir='ltr'>τῆς</span> <span class='ocrx_word' id='word_1_131' title='bbox 307 2074 414 2156; x_wconf 73' lang='grc' dir='ltr'><strong><em>ψυχῆς</em></strong></span> <span class='ocrx_word' id='word_1_132' title='bbox 436 2067 641 2158; x_wconf 84' lang='grc' dir='ltr'><strong><em>ἡγεμονοῦν,</em></strong></span> <span class='ocrx_word' id='word_1_133' title='bbox 670 2067 772 2138; x_wconf 72' lang='grc' dir='ltr'><strong><em>οὐδὲν</em></strong></span> <span class='ocrx_word' id='word_1_134' title='bbox 795 2068 886 2158; x_wconf 81' lang='grc' dir='ltr'><strong><em>οἶμαι</em></strong></span> <span class='ocrx_word' id='word_1_135' title='bbox 912 2072 1085 2158; x_wconf 83' lang='grc' dir='ltr'><strong><em>διαφέρειν</em></strong></span> <span class='ocrx_word' id='word_1_136' title='bbox 1113 2079 1160 2148; x_wconf 80' lang='grc' dir='ltr'>είς</span> <span class='ocrx_word' id='word_1_137' title='bbox 1187 2096 1224 2156; x_wconf 90' lang='grc' dir='ltr'>γε</span> <span class='ocrx_word' id='word_1_138' title='bbox 1251 2069 1314 2156; x_wconf 84' lang='grc' dir='ltr'>τὴν</span> <span class='ocrx_word' id='word_1_139' title='bbox 1329 2095 1354 2133; x_wconf 81' lang='lat' dir='ltr'>rs</span> 
     </span>
     <span class='ocr_line' id='line_1_17' title="bbox 166 2169 1314 2266; baseline 0.003 -25"><span class='ocrx_word' id='word_1_140' title='bbox 166 2179 227 2263; x_wconf 74' lang='grc' dir='ltr'>τοῦ</span> <span class='ocrx_word' id='word_1_141' title='bbox 253 2178 473 2264; x_wconf 88' lang='grc' dir='ltr'><strong><em>προκειμένου</em></strong></span> <span class='ocrx_word' id='word_1_142' title='bbox 500 2176 604 2263; x_wconf 89' lang='grc' dir='ltr'><strong><em>λόγον</em></strong></span> <span class='ocrx_word' id='word_1_143' title='bbox 634 2177 798 2245; x_wconf 82' lang='grc' dir='ltr'><strong><em>διάλυσιν.</em></strong></span> <span class='ocrx_word' id='word_1_144' title='bbox 850 2175 894 2245; x_wconf 77' lang='grc' dir='ltr'>ἄν</span> <span class='ocrx_word' id='word_1_145' title='bbox 921 2203 955 2245; x_wconf 91' lang='grc' dir='ltr'>τε</span> <span class='ocrx_word' id='word_1_146' title='bbox 985 2176 1049 2265; x_wconf 78' lang='grc' dir='ltr'>γὰρ</span> <span class='ocrx_word' id='word_1_147' title='bbox 1078 2177 1258 2262; x_wconf 83' lang='grc' dir='ltr'><strong><em>ἐγκέφαλος</em></strong></span> <span class='ocrx_word' id='word_1_148' title='bbox 1284 2169 1314 2266; x_wconf 65' lang='lat' dir='ltr'>pi,</span> 
     </span>
     <span class='ocr_line' id='line_1_18' title="bbox 165 2275 1314 2371; baseline 0.002 -23"><span class='ocrx_word' id='word_1_149' title='bbox 165 2280 228 2367; x_wconf 83' lang='grc' dir='ltr'>τὴν</span> <span class='ocrx_word' id='word_1_150' title='bbox 251 2277 358 2368; x_wconf 75' lang='grc' dir='ltr'><strong><em>ἀρχὴν</em></strong></span> <span class='ocrx_word' id='word_1_151' title='bbox 380 2287 438 2369; x_wconf 79' lang='grc' dir='ltr'>τῆς</span> <span class='ocrx_word' id='word_1_152' title='bbox 460 2283 620 2370; x_wconf 88' lang='grc' dir='ltr'><strong><em>κινήσεως</em></strong></span> <span class='ocrx_word' id='word_1_153' title='bbox 644 2281 745 2362; x_wconf 81' lang='grc' dir='ltr'><strong><em>αὐτὸς</em></strong></span> <span class='ocrx_word' id='word_1_154' title='bbox 768 2285 940 2370; x_wconf 78' lang='grc' dir='ltr'><strong><em>ἐπιπέμψει</em></strong></span> <span class='ocrx_word' id='word_1_155' title='bbox 969 2285 1023 2350; x_wconf 83' lang='grc' dir='ltr'><strong><em>καὶ</em></strong></span> <span class='ocrx_word' id='word_1_156' title='bbox 1050 2298 1120 2362; x_wconf 81' lang='grc' dir='ltr'><strong><em>τοῖς</em></strong></span> <span class='ocrx_word' id='word_1_157' title='bbox 1143 2283 1180 2350; x_wconf 90' lang='grc' dir='ltr'>τὸ</span> <span class='ocrx_word' id='word_1_158' title='bbox 1209 2275 1314 2371; x_wconf 85' lang='grc' dir='ltr'><strong><em>οὖρον</em></strong></span> 
     </span>
    </p>
   </div>
   <div class='ocr_carea' id='block_1_3' title="bbox 166 2491 1314 2781">
    <p class='ocr_par' dir='ltr' id='par_1_3' title="bbox 166 2491 1314 2781">
     <span class='ocr_line' id='line_1_19' title="bbox 202 2491 1314 2622; baseline 0.001 -72"><span class='ocrx_word' id='word_1_159' title='bbox 202 2491 381 2622; x_wconf 75' lang='grc' dir='ltr'><strong><em>Βέβονλήθχχ</em></strong></span> <span class='ocrx_word' id='word_1_160' title='bbox 400 2499 458 2552; x_wconf 79' lang='lat' dir='ltr'>MA</span> <span class='ocrx_word' id='word_1_161' title='bbox 482 2493 577 2569; x_wconf 77' lang='grc' dir='ltr'><strong><em>ἡβουλ.</em></strong></span> <span class='ocrx_word' id='word_1_162' title='bbox 597 2498 627 2552; x_wconf 88' lang='lat' dir='ltr'>L.</span> <span class='ocrx_word' id='word_1_163' title='bbox 653 2529 685 2536; x_wconf 99' lang='lat'><em>-</em></span> <span class='ocrx_word' id='word_1_164' title='bbox 710 2493 864 2552; x_wconf 82' lang='grc' dir='ltr'><strong><em>4έκείνων</em></strong></span> <span class='ocrx_word' id='word_1_165' title='bbox 883 2498 914 2551; x_wconf 90' lang='lat' dir='ltr'>L.</span> <span class='ocrx_word' id='word_1_166' title='bbox 939 2529 971 2536; x_wconf 86' lang='lat'>—</span> <span class='ocrx_word' id='word_1_167' title='bbox 995 2504 1011 2552; x_wconf 82' lang='lat'>9</span> <span class='ocrx_word' id='word_1_168' title='bbox 1032 2493 1069 2559; x_wconf 80' lang='grc' dir='ltr'>ὡς</span> <span class='ocrx_word' id='word_1_169' title='bbox 1089 2491 1182 2551; x_wconf 75' lang='grc' dir='ltr'><strong><em>ούκΙι</em></strong></span> <span class='ocrx_word' id='word_1_170' title='bbox 1208 2495 1240 2552; x_wconf 73' lang='grc' dir='ltr'>δὲ</span> <span class='ocrx_word' id='word_1_171' title='bbox 1260 2492 1314 2551; x_wconf 86' lang='grc' dir='ltr'>ούκ</span> 
     </span>
     <span class='ocr_line' id='line_1_20' title="bbox 166 2563 1312 2638; baseline 0.002 -17"><span class='ocrx_word' id='word_1_172' title='bbox 166 2568 233 2621; x_wconf 77' lang='grc' dir='ltr'>ΜΔ.</span> <span class='ocrx_word' id='word_1_173' title='bbox 254 2599 285 2607; x_wconf 81' lang='lat'><em>—</em></span> <span class='ocrx_word' id='word_1_174' title='bbox 307 2576 339 2624; x_wconf 92' lang='lat'>10</span> <span class='ocrx_word' id='word_1_175' title='bbox 374 2587 479 2638; x_wconf 88' lang='grc' dir='ltr'><strong><em>χονοαν</em></strong></span> <span class='ocrx_word' id='word_1_176' title='bbox 499 2563 576 2623; x_wconf 83' lang='grc' dir='ltr'><strong><em>αύτῶ</em></strong></span> <span class='ocrx_word' id='word_1_177' title='bbox 597 2568 792 2638; x_wconf 81' lang='grc' dir='ltr'><strong><em>κεκρυμμένον</em></strong></span> <span class='ocrx_word' id='word_1_178' title='bbox 811 2569 833 2623; x_wconf 83' lang='lat' dir='ltr'>L</span> <span class='ocrx_word' id='word_1_179' title='bbox 858 2569 902 2629; x_wconf 82' lang='lat' dir='ltr'>(ei.</span> <span class='ocrx_word' id='word_1_180' title='bbox 922 2568 1006 2623; x_wconf 86' lang='lat' dir='ltr'>Proll.</span> <span class='ocrx_word' id='word_1_181' title='bbox 1025 2587 1052 2638; x_wconf 88' lang='lat' dir='ltr'>p.</span> <span class='ocrx_word' id='word_1_182' title='bbox 1074 2571 1118 2637; x_wconf 84' lang='lat'>83)</span> <span class='ocrx_word' id='word_1_183' title='bbox 1138 2563 1159 2622; x_wconf 81' lang='grc' dir='ltr'>ἐ.</span> <span class='ocrx_word' id='word_1_184' title='bbox 1179 2563 1312 2636; x_wconf 80' lang='grc' dir='ltr'><strong><em>ἀποκεκρ.</em></strong></span> 
     </span>
     <span class='ocr_line' id='line_1_21' title="bbox 166 2634 1312 2710; baseline 0.001 -18"><span class='ocrx_word' id='word_1_185' title='bbox 166 2639 233 2695; x_wconf 80' lang='lat' dir='ltr'>MA.</span> <span class='ocrx_word' id='word_1_186' title='bbox 261 2669 292 2678; x_wconf 90' lang='lat'><em>-</em></span> <span class='ocrx_word' id='word_1_187' title='bbox 318 2646 348 2693; x_wconf 90' lang='grc'>11</span> <span class='ocrx_word' id='word_1_188' title='bbox 379 2639 557 2710; x_wconf 85' lang='grc' dir='ltr'><strong><em>φαινομένην</em></strong></span> <span class='ocrx_word' id='word_1_189' title='bbox 586 2639 751 2694; x_wconf 82' lang='lat' dir='ltr'><strong>MABChK</strong></span> <span class='ocrx_word' id='word_1_190' title='bbox 778 2634 955 2709; x_wconf 85' lang='grc' dir='ltr'><strong><em>φαινόμενον</em></strong></span> <span class='ocrx_word' id='word_1_191' title='bbox 974 2640 1005 2694; x_wconf 85' lang='lat' dir='ltr'>L.</span> <span class='ocrx_word' id='word_1_192' title='bbox 1031 2671 1065 2679; x_wconf 94' lang='lat'>—</span> <span class='ocrx_word' id='word_1_193' title='bbox 1094 2646 1128 2692; x_wconf 75' lang='lat'>14</span> <span class='ocrx_word' id='word_1_194' title='bbox 1151 2639 1198 2693; x_wconf 84' lang='grc' dir='ltr'><strong><em>καλ</em></strong></span> <span class='ocrx_word' id='word_1_195' title='bbox 1222 2635 1312 2694; x_wconf 72' lang='grc' dir='ltr'>διάΙι</span> 
     </span>
     <span class='ocr_line' id='line_1_22' title="bbox 167 2704 1122 2781; baseline 0 -17"><span class='ocrx_word' id='word_1_196' title='bbox 167 2713 270 2780; x_wconf 71' lang='grc' dir='ltr'><strong><em>καρδία</em></strong></span> <span class='ocrx_word' id='word_1_197' title='bbox 289 2711 355 2764; x_wconf 80' lang='lat' dir='ltr'>MA.</span> <span class='ocrx_word' id='word_1_198' title='bbox 372 2741 401 2750; x_wconf 90' lang='lat'>--</span> <span class='ocrx_word' id='word_1_199' title='bbox 426 2717 457 2765; x_wconf 77' lang='lat'>17</span> <span class='ocrx_word' id='word_1_200' title='bbox 478 2707 633 2781; x_wconf 83' lang='grc' dir='ltr'><strong><em>ἐπιπέμψει</em></strong></span> <span class='ocrx_word' id='word_1_201' title='bbox 653 2707 779 2774; x_wconf 60' lang='lat' dir='ltr'>adstet</span> <span class='ocrx_word' id='word_1_202' title='bbox 800 2704 887 2772; x_wconf 84' lang='grc' dir='ltr'><strong><em>αύτός</em></strong></span> <span class='ocrx_word' id='word_1_203' title='bbox 906 2707 982 2764; x_wconf 83' lang='grc' dir='ltr'><strong><em>ἐπατ.</em></strong></span> <span class='ocrx_word' id='word_1_204' title='bbox 1003 2710 1068 2765; x_wconf 83' lang='lat' dir='ltr'>MA.</span> <span class='ocrx_word' id='word_1_205' title='bbox 1091 2741 1122 2750; x_wconf 90' lang='lat'><em>-</em></span> 
     </span>
    </p>
   </div>
   <div class='ocr_carea' id='block_1_4' title="bbox 165 2927 1317 4402">
    <p class='ocr_par' dir='ltr' id='par_1_4' title="bbox 165 2927 1317 4402">
     <span class='ocr_line' id='line_1_23' title="bbox 165 2927 1315 3013; baseline 0 -21"><span class='ocrx_word' id='word_1_206' title='bbox 165 2949 241 2992; x_wconf 86' lang='lat' dir='ltr'>nem</span> <span class='ocrx_word' id='word_1_207' title='bbox 259 2949 362 3012; x_wconf 88' lang='lat' dir='ltr'>neque</span> <span class='ocrx_word' id='word_1_208' title='bbox 381 2927 487 3013; x_wconf 84' lang='lat' dir='ltr'>magis</span> <span class='ocrx_word' id='word_1_209' title='bbox 506 2928 590 2992; x_wconf 87' lang='lat' dir='ltr'>inter</span> <span class='ocrx_word' id='word_1_210' title='bbox 607 2929 810 2993; x_wconf 82' lang='lat' dir='ltr'>voluntatem</span> <span class='ocrx_word' id='word_1_211' title='bbox 828 2928 956 2992; x_wconf 85' lang='lat' dir='ltr'>urinam</span> <span class='ocrx_word' id='word_1_212' title='bbox 971 2927 1140 2992; x_wconf 83' lang='lat' dir='ltr'>emittendi</span> <span class='ocrx_word' id='word_1_213' title='bbox 1159 2932 1192 2991; x_wconf 89' lang='lat' dir='ltr'>et</span> <span class='ocrx_word' id='word_1_214' title='bbox 1209 2927 1315 3011; x_wconf 81' lang='lat' dir='ltr'>ipsam</span> 
     </span>
     <span class='ocr_line' id='line_1_24' title="bbox 167 3033 1316 3120; baseline -0.001 -21"><span class='ocrx_word' id='word_1_215' title='bbox 167 3035 388 3120; x_wconf 75' lang='lat' dir='ltr'>emissionem3</span> <span class='ocrx_word' id='word_1_216' title='bbox 417 3035 473 3098; x_wconf 88' lang='lat' dir='ltr'>sed</span> <span class='ocrx_word' id='word_1_217' title='bbox 497 3034 693 3120; x_wconf 74' lang='lat' dir='ltr'><strong>simulatque</strong></span> <span class='ocrx_word' id='word_1_218' title='bbox 723 3035 850 3100; x_wconf 89' lang='lat' dir='ltr'>animae</span> <span class='ocrx_word' id='word_1_219' title='bbox 878 3057 954 3118; x_wconf 88' lang='lat' dir='ltr'>pars</span> <span class='ocrx_word' id='word_1_220' title='bbox 982 3033 1172 3118; x_wconf 82' lang='lat' dir='ltr'>principalis</span> <span class='ocrx_word' id='word_1_221' title='bbox 1202 3035 1316 3118; x_wconf 82' lang='lat' dir='ltr'>voluit,</span> 
     </span>
     <span class='ocr_line' id='line_1_25' title="bbox 167 3139 1316 3226; baseline -0.002 -20"><span class='ocrx_word' id='word_1_222' title='bbox 167 3142 340 3208; x_wconf 75' lang='lat' dir='ltr'><strong>confestim</strong></span> <span class='ocrx_word' id='word_1_223' title='bbox 367 3163 518 3206; x_wconf 89' lang='lat' dir='ltr'>sensuum</span> <span class='ocrx_word' id='word_1_224' title='bbox 546 3143 763 3206; x_wconf 85' lang='lat' dir='ltr'>instrumente</span> <span class='ocrx_word' id='word_1_225' title='bbox 795 3141 830 3205; x_wconf 93' lang='lat' dir='ltr'>in</span> <span class='ocrx_word' id='word_1_226' title='bbox 859 3141 966 3206; x_wconf 82' lang='lat' dir='ltr'>officio</span> <span class='ocrx_word' id='word_1_227' title='bbox 991 3144 1073 3204; x_wconf 88' lang='lat' dir='ltr'>sunt.</span> <span class='ocrx_word' id='word_1_228' title='bbox 1121 3139 1190 3216; x_wconf 82' lang='lat' dir='ltr'>Quo</span> <span class='ocrx_word' id='word_1_229' title='bbox 1213 3141 1316 3226; x_wconf 82' lang='lat' dir='ltr'>igitur</span> 
     </span>
     <span class='ocr_line' id='line_1_26' title="bbox 166 3245 1315 3333; baseline 0 -21"><span class='ocrx_word' id='word_1_230' title='bbox 166 3249 279 3332; x_wconf 86' lang='lat' dir='ltr'>modo,</span> <span class='ocrx_word' id='word_1_231' title='bbox 312 3248 546 3333; x_wconf 70' lang='lat' dir='ltr'>sapientissimi</span> <span class='ocrx_word' id='word_1_232' title='bbox 579 3248 742 3332; x_wconf 83' lang='lat' dir='ltr'>homines,</span> <span class='ocrx_word' id='word_1_233' title='bbox 774 3248 855 3311; x_wconf 90' lang='lat' dir='ltr'>illud</span> <span class='ocrx_word' id='word_1_234' title='bbox 893 3247 1056 3311; x_wconf 82' lang='lat' dir='ltr'>solvemus</span> <span class='ocrx_word' id='word_1_235' title='bbox 1090 3245 1131 3311; x_wconf 80' lang='lat' dir='ltr'>‘si</span> <span class='ocrx_word' id='word_1_236' title='bbox 1165 3271 1184 3311; x_wconf 90' lang='lat' dir='ltr'>a</span> <span class='ocrx_word' id='word_1_237' title='bbox 1221 3248 1315 3312; x_wconf 88' lang='lat' dir='ltr'>eorde</span> 
     </span>
     <span class='ocr_line' id='line_1_27' title="bbox 167 3351 1315 3439; baseline -0.002 -19"><span class='ocrx_word' id='word_1_238' title='bbox 167 3356 372 3420; x_wconf 72' lang='lat' dir='ltr'>emitteretur</span> <span class='ocrx_word' id='word_1_239' title='bbox 389 3355 492 3439; x_wconf 85' lang='lat' dir='ltr'>urina,</span> <span class='ocrx_word' id='word_1_240' title='bbox 511 3377 569 3438; x_wconf 90' lang='lat' dir='ltr'>per</span> <span class='ocrx_word' id='word_1_241' title='bbox 587 3377 703 3439; x_wconf 83' lang='lat' dir='ltr'>penem</span> <span class='ocrx_word' id='word_1_242' title='bbox 721 3377 787 3420; x_wconf 90' lang='lat' dir='ltr'>non</span> <span class='ocrx_word' id='word_1_243' title='bbox 807 3351 1067 3417; x_wconf 83' lang='lat' dir='ltr'>excerneretur&#39;?</span> <span class='ocrx_word' id='word_1_244' title='bbox 1105 3353 1209 3430; x_wconf 83' lang='lat' dir='ltr'>Quam</span> <span class='ocrx_word' id='word_1_245' title='bbox 1229 3355 1315 3418; x_wconf 89' lang='lat' dir='ltr'>enim</span> 
     </span>
     <span class='ocr_line' id='line_1_28' title="bbox 167 3460 1315 3545; baseline -0.002 -19"><span class='ocrx_word' id='word_1_246' title='bbox 167 3463 364 3528; x_wconf 86' lang='lat' dir='ltr'>solutionem</span> <span class='ocrx_word' id='word_1_247' title='bbox 383 3463 570 3545; x_wconf 68' lang='lat' dir='ltr'>attuleritis</span> <span class='ocrx_word' id='word_1_248' title='bbox 593 3461 704 3526; x_wconf 89' lang='lat' dir='ltr'>eadem</span> <span class='ocrx_word' id='word_1_249' title='bbox 724 3466 810 3526; x_wconf 84' lang='lat' dir='ltr'>certe</span> <span class='ocrx_word' id='word_1_250' title='bbox 828 3483 888 3525; x_wconf 92' lang='lat' dir='ltr'>nos</span> <span class='ocrx_word' id='word_1_251' title='bbox 912 3482 1037 3545; x_wconf 90' lang='lat' dir='ltr'>quoque</span> <span class='ocrx_word' id='word_1_252' title='bbox 1059 3460 1109 3523; x_wconf 90' lang='lat' dir='ltr'>uti</span> <span class='ocrx_word' id='word_1_253' title='bbox 1128 3461 1315 3543; x_wconf 82' lang='lat' dir='ltr'>poterimus.</span> 
     </span>
     <span class='ocr_line' id='line_1_29' title="bbox 167 3566 1314 3655; baseline -0.003 -22"><span class='ocrx_word' id='word_1_254' title='bbox 167 3569 276 3655; x_wconf 86' lang='lat' dir='ltr'>Atque</span> <span class='ocrx_word' id='word_1_255' title='bbox 300 3592 373 3634; x_wconf 87' lang='lat' dir='ltr'>oum</span> <span class='ocrx_word' id='word_1_256' title='bbox 396 3569 430 3633; x_wconf 91' lang='lat' dir='ltr'>in</span> <span class='ocrx_word' id='word_1_257' title='bbox 455 3569 730 3652; x_wconf 86' lang='lat' dir='ltr'>disputationibus</span> <span class='ocrx_word' id='word_1_258' title='bbox 754 3568 811 3632; x_wconf 90' lang='lat' dir='ltr'>isti</span> <span class='ocrx_word' id='word_1_259' title='bbox 834 3566 970 3651; x_wconf 84' lang='lat' dir='ltr'>eogendi</span> <span class='ocrx_word' id='word_1_260' title='bbox 994 3567 1072 3649; x_wconf 89' lang='lat' dir='ltr'>sint,</span> <span class='ocrx_word' id='word_1_261' title='bbox 1095 3569 1133 3630; x_wconf 89' lang='lat' dir='ltr'>ut</span> <span class='ocrx_word' id='word_1_262' title='bbox 1155 3568 1314 3631; x_wconf 88' lang='lat' dir='ltr'>rationem</span> 
     </span>
     <span class='ocr_line' id='line_1_30' title="bbox 167 3673 1315 3759; baseline -0.001 -21"><span class='ocrx_word' id='word_1_263' title='bbox 167 3673 312 3759; x_wconf 81' lang='lat' dir='ltr'>solvant,</span> <span class='ocrx_word' id='word_1_264' title='bbox 335 3675 398 3742; x_wconf 91' lang='lat' dir='ltr'>hoc</span> <span class='ocrx_word' id='word_1_265' title='bbox 421 3678 493 3742; x_wconf 92' lang='lat' dir='ltr'>loco</span> <span class='ocrx_word' id='word_1_266' title='bbox 517 3676 612 3743; x_wconf 87' lang='lat' dir='ltr'>nobis</span> <span class='ocrx_word' id='word_1_267' title='bbox 635 3699 701 3740; x_wconf 93' lang='lat' dir='ltr'>non</span> <span class='ocrx_word' id='word_1_268' title='bbox 724 3676 772 3739; x_wconf 86' lang='lat' dir='ltr'>ita</span> <span class='ocrx_word' id='word_1_269' title='bbox 799 3673 905 3738; x_wconf 82' lang='lat' dir='ltr'>facere</span> <span class='ocrx_word' id='word_1_270' title='bbox 930 3675 1015 3758; x_wconf 81' lang='lat' dir='ltr'>lieet,</span> <span class='ocrx_word' id='word_1_271' title='bbox 1039 3673 1094 3736; x_wconf 89' lang='lat' dir='ltr'>sed</span> <span class='ocrx_word' id='word_1_272' title='bbox 1117 3674 1207 3758; x_wconf 91' lang='lat' dir='ltr'>ipsos</span> <span class='ocrx_word' id='word_1_273' title='bbox 1230 3675 1315 3739; x_wconf 92' lang='lat' dir='ltr'>solu-</span> 
     </span>
     <span class='ocr_line' id='line_1_31' title="bbox 168 3779 1314 3867; baseline -0.003 -21"><span class='ocrx_word' id='word_1_274' title='bbox 168 3783 292 3848; x_wconf 85' lang='lat' dir='ltr'>tionem</span> <span class='ocrx_word' id='word_1_275' title='bbox 315 3784 429 3848; x_wconf 83' lang='lat' dir='ltr'>afferre</span> <span class='ocrx_word' id='word_1_276' title='bbox 453 3805 584 3848; x_wconf 87' lang='lat' dir='ltr'>neeesse</span> <span class='ocrx_word' id='word_1_277' title='bbox 613 3785 676 3865; x_wconf 87' lang='lat' dir='ltr'>est,</span> <span class='ocrx_word' id='word_1_278' title='bbox 705 3804 786 3867; x_wconf 89' lang='lat' dir='ltr'>quae</span> <span class='ocrx_word' id='word_1_279' title='bbox 815 3780 897 3844; x_wconf 89' lang='lat' dir='ltr'>nihil</span> <span class='ocrx_word' id='word_1_280' title='bbox 921 3779 1078 3845; x_wconf 80' lang='lat' dir='ltr'>reconditi</span> <span class='ocrx_word' id='word_1_281' title='bbox 1106 3779 1158 3842; x_wconf 89' lang='lat' dir='ltr'>vel</span> <span class='ocrx_word' id='word_1_282' title='bbox 1185 3780 1314 3844; x_wconf 82' lang='lat' dir='ltr'>verbosi</span> 
     </span>
     <span class='ocr_line' id='line_1_32' title="bbox 168 3885 1316 3976; baseline -0.002 -24"><span class='ocrx_word' id='word_1_283' title='bbox 168 3889 221 3953; x_wconf 87' lang='lat' dir='ltr'>vel</span> <span class='ocrx_word' id='word_1_284' title='bbox 244 3889 387 3974; x_wconf 70' lang='lat' dir='ltr'>difficile,</span> <span class='ocrx_word' id='word_1_285' title='bbox 410 3891 465 3954; x_wconf 92' lang='lat' dir='ltr'>sed</span> <span class='ocrx_word' id='word_1_286' title='bbox 488 3895 653 3976; x_wconf 89' lang='lat' dir='ltr'>promtum</span> <span class='ocrx_word' id='word_1_287' title='bbox 672 3889 824 3973; x_wconf 83' lang='lat' dir='ltr'>quiddam</span> <span class='ocrx_word' id='word_1_288' title='bbox 849 3887 1042 3970; x_wconf 86' lang='lat' dir='ltr'>evidensque</span> <span class='ocrx_word' id='word_1_289' title='bbox 1062 3885 1191 3950; x_wconf 86' lang='lat' dir='ltr'>habeat.</span> <span class='ocrx_word' id='word_1_290' title='bbox 1224 3886 1316 3951; x_wconf 88' lang='lat' dir='ltr'>Nihil</span> 
     </span>
     <span class='ocr_line' id='line_1_33' title="bbox 168 3993 1316 4082; baseline -0.003 -22"><span class='ocrx_word' id='word_1_291' title='bbox 168 3997 293 4078; x_wconf 87' lang='lat' dir='ltr'>obstat,</span> <span class='ocrx_word' id='word_1_292' title='bbox 320 3996 478 4082; x_wconf 85' lang='lat' dir='ltr'>dicemus,</span> <span class='ocrx_word' id='word_1_293' title='bbox 501 3999 580 4081; x_wconf 90' lang='lat' dir='ltr'>quin</span> <span class='ocrx_word' id='word_1_294' title='bbox 608 4021 624 4061; x_wconf 90' lang='lat' dir='ltr'>e</span> <span class='ocrx_word' id='word_1_295' title='bbox 653 3997 760 4062; x_wconf 83' lang='lat' dir='ltr'>vesica</span> <span class='ocrx_word' id='word_1_296' title='bbox 787 4018 845 4078; x_wconf 86' lang='lat' dir='ltr'>per</span> <span class='ocrx_word' id='word_1_297' title='bbox 873 4016 988 4079; x_wconf 87' lang='lat' dir='ltr'>penem</span> <span class='ocrx_word' id='word_1_298' title='bbox 1016 3993 1185 4056; x_wconf 86' lang='lat' dir='ltr'>emittatur</span> <span class='ocrx_word' id='word_1_299' title='bbox 1214 3994 1316 4076; x_wconf 79' lang='lat' dir='ltr'>urina,</span> 
     </span>
     <span class='ocr_line' id='line_1_34' title="bbox 167 4099 1315 4189; baseline -0.004 -21"><span class='ocrx_word' id='word_1_300' title='bbox 167 4125 242 4168; x_wconf 82' lang='lat' dir='ltr'>enm</span> <span class='ocrx_word' id='word_1_301' title='bbox 267 4105 360 4189; x_wconf 84' lang='lat' dir='ltr'>origo</span> <span class='ocrx_word' id='word_1_302' title='bbox 379 4108 496 4188; x_wconf 84' lang='lat' dir='ltr'>motus,</span> <span class='ocrx_word' id='word_1_303' title='bbox 519 4127 582 4188; x_wconf 90' lang='lat' dir='ltr'>quo</span> <span class='ocrx_word' id='word_1_304' title='bbox 600 4127 658 4170; x_wconf 82' lang='lat' dir='ltr'>vas</span> <span class='ocrx_word' id='word_1_305' title='bbox 678 4103 847 4168; x_wconf 86' lang='lat' dir='ltr'>continens</span> <span class='ocrx_word' id='word_1_306' title='bbox 867 4100 1085 4181; x_wconf 79' lang='lat' dir='ltr'>contrahatur,</span> <span class='ocrx_word' id='word_1_307' title='bbox 1105 4121 1124 4164; x_wconf 85' lang='lat' dir='ltr'>a</span> <span class='ocrx_word' id='word_1_308' title='bbox 1142 4099 1315 4184; x_wconf 83' lang='lat' dir='ltr'>principali</span> 
     </span>
     <span class='ocr_line' id='line_1_35' title="bbox 168 4205 1317 4295; baseline -0.005 -20"><span class='ocrx_word' id='word_1_309' title='bbox 168 4211 298 4276; x_wconf 86' lang='lat' dir='ltr'>animae</span> <span class='ocrx_word' id='word_1_310' title='bbox 326 4215 418 4295; x_wconf 88' lang='lat' dir='ltr'>parte</span> <span class='ocrx_word' id='word_1_311' title='bbox 441 4211 647 4275; x_wconf 86' lang='lat' dir='ltr'>immittatur.</span> <span class='ocrx_word' id='word_1_312' title='bbox 694 4205 845 4273; x_wconf 80' lang='lat' dir='ltr'>Ceterum</span> <span class='ocrx_word' id='word_1_313' title='bbox 873 4208 941 4272; x_wconf 86' lang='lat' dir='ltr'>sive</span> <span class='ocrx_word' id='word_1_314' title='bbox 970 4207 1136 4271; x_wconf 86' lang='lat' dir='ltr'>cerebrum</span> <span class='ocrx_word' id='word_1_315' title='bbox 1164 4206 1232 4270; x_wconf 87' lang='lat' dir='ltr'>sive</span> <span class='ocrx_word' id='word_1_316' title='bbox 1261 4228 1317 4271; x_wconf 86' lang='lat' dir='ltr'>eor</span> 
     </span>
     <span class='ocr_line' id='line_1_36' title="bbox 169 4312 1314 4402; baseline -0.005 -20"><span class='ocrx_word' id='word_1_317' title='bbox 169 4318 298 4382; x_wconf 88' lang='lat' dir='ltr'>animae</span> <span class='ocrx_word' id='word_1_318' title='bbox 322 4318 525 4402; x_wconf 81' lang='lat' dir='ltr'>principatus</span> <span class='ocrx_word' id='word_1_319' title='bbox 550 4321 614 4402; x_wconf 79' lang='lat' dir='ltr'>est,</span> <span class='ocrx_word' id='word_1_320' title='bbox 641 4317 725 4382; x_wconf 92' lang='lat' dir='ltr'>nihil</span> <span class='ocrx_word' id='word_1_321' title='bbox 754 4316 874 4380; x_wconf 80' lang='lat' dir='ltr'>referre</span> <span class='ocrx_word' id='word_1_322' title='bbox 902 4314 942 4378; x_wconf 90' lang='lat' dir='ltr'>ad</span> <span class='ocrx_word' id='word_1_323' title='bbox 966 4313 1153 4395; x_wconf 86' lang='lat' dir='ltr'>propositae</span> <span class='ocrx_word' id='word_1_324' title='bbox 1177 4312 1314 4376; x_wconf 84' lang='lat' dir='ltr'>rationis</span> 
     </span>
    </p>
   </div>
   <div class='ocr_carea' id='block_1_5' title="bbox 169 4417 1314 4606">
    <p class='ocr_par' dir='ltr' id='par_1_5' title="bbox 169 4417 1314 4606">
     <span class='ocr_line' id='line_1_37' title="bbox 169 4417 1314 4510; baseline -0.007 -22"><span class='ocrx_word' id='word_1_325' title='bbox 169 4425 367 4490; x_wconf 88' lang='lat' dir='ltr'>solutionem</span> <span class='ocrx_word' id='word_1_326' title='bbox 409 4425 538 4510; x_wconf 92' lang='lat' dir='ltr'>opinor:</span> <span class='ocrx_word' id='word_1_327' title='bbox 594 4425 621 4488; x_wconf 93' lang='lat' dir='ltr'>si</span> <span class='ocrx_word' id='word_1_328' title='bbox 659 4423 840 4508; x_wconf 79' lang='lat' dir='ltr'>cerebrum,</span> <span class='ocrx_word' id='word_1_329' title='bbox 877 4423 953 4486; x_wconf 85' lang='lat' dir='ltr'>hino</span> <span class='ocrx_word' id='word_1_330' title='bbox 994 4419 1086 4502; x_wconf 80' lang='lat' dir='ltr'>origo</span> <span class='ocrx_word' id='word_1_331' title='bbox 1124 4422 1233 4482; x_wconf 90' lang='lat' dir='ltr'>motus</span> <span class='ocrx_word' id='word_1_332' title='bbox 1275 4417 1314 4480; x_wconf 88' lang='lat' dir='ltr'>ad</span> 
     </span>
     <span class='ocr_line' id='line_1_38' title="bbox 227 4529 1103 4606; baseline -0.007 -26"><span class='ocrx_word' id='word_1_333' title='bbox 227 4539 309 4580; x_wconf 75' lang='lat' dir='ltr'>(taleni</span> <span class='ocrx_word' id='word_1_334' title='bbox 324 4540 351 4578; x_wconf 81' lang='lat' dir='ltr'>da</span> <span class='ocrx_word' id='word_1_335' title='bbox 365 4540 426 4580; x_wconf 77' lang='lat' dir='ltr'>Plau.</span> <span class='ocrx_word' id='word_1_336' title='bbox 440 4541 497 4580; x_wconf 81' lang='lat' dir='ltr'>Plat.</span> <span class='ocrx_word' id='word_1_337' title='bbox 511 4545 533 4578; x_wconf 82' lang='lat' dir='ltr'>et</span> <span class='ocrx_word' id='word_1_338' title='bbox 549 4540 655 4586; x_wconf 70' lang='lat' dir='ltr'>liippoer,</span> <span class='ocrx_word' id='word_1_339' title='bbox 671 4538 729 4576; x_wconf 83' lang='lat' dir='ltr'>libri.</span> <span class='ocrx_word' id='word_1_340' title='bbox 873 4597 878 4606; x_wconf 88' lang='lat'><em>.</em></span> <span class='ocrx_word' id='word_1_341' title='bbox 1070 4529 1103 4574; x_wconf 78' lang='lat'>14</span> 
     </span>
    </p>
   </div>
   <div class='ocr_carea' id='block_1_6' title="bbox 0 0 1658 5136">
    <p class='ocr_par' dir='ltr' id='par_1_6' title="bbox 0 0 1658 5136">
     <span class='ocr_line' id='line_1_39' title="bbox 0 0 1658 5136; baseline 0 0"><span class='ocrx_word' id='word_1_342' title='bbox 0 0 1658 5136; x_wconf 95' lang='lat' dir='ltr'> </span> 
     </span>
    </p>
   </div>
  </div>
 </body>
</html>
