3072 5144
508 456 750 521 ‚501-

70 610 294 700 ίιιιθυμητικὸν
317 619 427 703 θηρίῳ
450 619 588 703 ποικίλῳ
615 614 727 680 τεκαὶ
751 613 983 704 πολυκεφάλῳ,
1010 642 1048 682 το
1077 613 1113 683 δὲ
1136 624 1199 683 θυ-

68 720 182 804 μοειδὲς
212 721 340 799 λέοντι,
376 720 413 788 τὸ
445 719 481 788 di
514 719 704 806 λογιστικὸν
736 717 914 812 άνθροίπῳ.
968 719 1051 808 αὕτη
1085 720 1150 809 γάρ
1178 719 1198 809 ἡ

68 829 154 896 ειίιών
179 827 360 913 οἰκειοτέρα
389 831 447 913 τῆς
473 825 555 894 κατὰ
587 826 648 895 τὸν
678 832 844 914 Φαῖδρον,
876 830 913 895 ἐν
944 819 966 916 ᾗ
997 831 1065 895 τῶν
1097 833 1198 898 είδοόν

66 933 250 1020 ίτπομόρῳοι
274 935 336 1022 μίν
357 959 427 1000 τινε
452 933 514 1002 δύο
538 934 644 1020 φησὶν
661 932 834 1021 ὑπάρχειν,
859 932 997 1022 ἡνίοχον
1020 935 1057 1003 δὲ
1075 941 1198 1022 τρίτον.

65 1037 211 1106 ἀλλὰκαὶ
235 1041 273 1107 ἐν
301 1044 346 1132 τῷ
371 1039 498 1131 ἐννάτῳ
521 1043 579 1128 τῆς
602 1047 778 1121 Πολιτείας
800 1045 858 1128 τῆς
885 1043 1046 1128 προτέρας
1069 1040 1224 1122 είκόνος5

64 1146 309 1232 ἐμνημόνευσεν,
333 1144 378 1226 ὡς
401 1149 606 1234 σαφέστερον
629 1148 894 1236 ἐνδεικνύμενος,
918 1146 1036 1217 ὁποῖον
1059 1147 1200 1218 ἕκαστόν

64 1253 120 1318 ἐστι
147 1256 215 1320 τῶν
245 1256 348 1321 είδῶν
379 1257 437 1341 τῆς
469 1257 584 1341 ψυχῆς.
634 1251 652 1322 ὁ
685 1254 747 1340 μὲν
775 1247 838 1323 οὖν
867 1254 1011 1324 Πλάτων
1043 1256 1097 1323 καὶ
1129 1270 1200 1336 τοῖς

63 1359 163 1439 τόποις
189 1363 250 1428 τοῦ
279 1359 430 1448 σώματος
455 1367 658 1447 κεχωρίσθαι
686 1367 831 1448 νομίζων
858 1359 941 1430 αὐτὰ
970 1363 1024 1430 καὶ
1048 1376 1119 1442 ταῖς
1143 1359 1195 1430 od

62 1473 138 1544 σιάις
163 1465 321 1554 πάμπολυ
344 1466 552 1535 διαλλάττειν
580 1464 726 1554 εὐλόγως
753 1472 825 1554 είδη
852 1495 886 1536 τε
915 1471 968 1537 καλ
993 1470 1075 1556 με’ρη
1098 1489 1199 1555 προσ-

62 1573 215 1659 αγορεύει·
244 1572 263 1642 ὁ
293 1574 329 1642 δὲ
350 1571 575 1659 Ἀριστοτέλης
601 1600 635 1642 τε
663 1575 717 1641 καλ
742 1571 759 1640 ὁ
784 1574 1013 1654 Ποσειδώνιος
1036 1580 1108 1661 είδη
1136 1574 1199 1661 μὲν
1213 1597 1238 1636 1⁰

64 1675 174 1768 ipe'pp
195 1685 303 1768 ψυχῆς
327 1678 387 1750 οὐκ
406 1677 641 1768 ὀνομάζουσιν,
664 1679 823 1767 δυνάμεις
847 1681 883 1748 δὲ
906 1678 997 1750 εἶναί
1016 1701 1098 1768 φασι
1121 1685 1198 1770 μιᾶς

61 1784 164 1867 ciulac
191 1789 227 1856 ἐκ
254 1792 313 1876 τῆς
344 1793 483 1875 καρδίας
511 1785 718 1874 ὁρμωμένης·
749 1784 767 1856 ὁ
796 1787 833 1855 δὲ
863 1787 1056 1872 Χρύσιππος
1087 1785 1196 1874 ὥσπερ

60 1899 99 1971 είς
122 1901 202 1980 μίαν
225 1892 363 1977 οὐσίαν,
392 1893 557 1962 οὕτωκαὶ
585 1899 632 1974 είς
660 1894 808 1982 δύναμιν
835 1900 915 1982 μίαν
938 1893 1010 1980 ἄγει
1038 1895 1091 1963 καλ
1114 1893 1194 1984 τὸνλ

60 2000 161 2086 θυμὸν
182 2001 238 2069 καλ
261 1999 324 2088 τὴν
347 2003 539 2088 ἐπιθυμίαν.
584 1998 667 2069 ἀλλὰ
696 1999 747 2069 ὅτι
774 2001 837 2087 μὲν
865 1998 928 2068 οὐκ
955 1997 1071 2087 ὀλίγον
1094 1998 1197 2088 άμαρ-
1206 2020 1264 2075 510

60 2105 138 2174 niret
168 2112 227 2195 τῆς
255 2105 456 2196 άληθείαςὸ
486 2104 573 2195 ἀνὴρ
597 2100 709 2193 οὗτος,
733 2104 905 2194 αὐτάρκως
932 2105 1012 2194 άμίν
1040 2109 1237 2176 &arcton-1⁵
1273 2149 1280 2161 ·

88 2302 283 2372 3οίκειωτέρα
303 2304 339 2358 Μ.
360 2335 390 2344 -
417 2303 507 2358 tarel
527 2303 633 2360 ABch.
654 2337 685 2344 -
711 2299 771 2359 δάοι
790 2304 856 2357 ΜΔ.
877 2335 909 2343 -
934 2301 1020 2371 φηαλν
1039 2320 1093 2359 om.
1112 2303 1143 2356 L.
1163 2335 1196 2343 —

60 2383 71 2424 Ῑι
88 2369 146 2428 ἄλλ’
170 2369 205 2430 αδ
232 2371 264 2430 ἐν
283 2374 312 2430 la.
337 2407 370 2416 -
394 2377 432 2446 τῷ
457 2375 506 2446 τῆς
525 2378 675 2439 Πολιτείας
699 2371 807 2448 ἒννάτῳ
836 2369 912 2444 (ἑνὸς
935 2375 990 2428 τῶν
1013 2390 1063 2444 pro
1088 2369 1196 2446 ἕννάτῳ

60 2443 87 2500 l.
109 2449 139 2500 ut
162 2447 285 2516 videtur)
309 2447 388 2502 codd.
413 2447 475 2502 edd.
504 2448 542 2520 τῷ
569 2442 625 2501 lvo.
650 2448 699 2514 τῆς
723 2450 757 2501 Π,
782 2462 844 2511 μοι,
868 2447 902 2500 ol.
927 2445 1195 2514 Progr.ll‚10.-

58 2511 101 2591 td
120 2535 168 2586 pro
187 2513 225 2581 ὡς
244 2519 275 2574 L.
297 2549 328 2556 -
350 2513 568 2586 ἐνδεικνυμένης
588 2517 699 2584 BOhK;
719 2518 753 2573 cf.
773 2519 868 2586 Progr.
888 2517 907 2574 l.
926 2517 945 2573 l.
966 2548 998 2556 -
1025 2522 1039 2571 7
1059 2518 1084 2570 A
1102 2515 1195 2572 verbis

57 2587 134 2656 ομλι
152 2581 204 2643 οὖν
226 2585 346 2643 Πλάτων
370 2589 470 2658 incipit
488 2591 609 2659 excerpt
629 2589 693 2644 XXI
716 2589 842 2644 codicum
860 2588 917 2642 FP.
943 2619 975 2628 -
1000 2593 1015 2642 9
1035 2583 1195 2644 διαλάττειν

59 2657 105 2712 liu
124 2657 285 2714 διαλλάτειν
305 2659 334 2714 Ρ.
358 2691 392 2700 —-
422 2667 453 2714 10
472 2679 500 2714 te
521 2675 574 2714 om.
596 2659 625 2712 L.
649 2691 683 2700 —
708 2655 807 2714 dante
827 2654 1018 2722 Ποσειδώνιος
1037 2677 1090 2714 om.
1111 2659 1140 2714 P.
1160 2690 1195 2700 -

59 2725 117 2852 lid
139 2725 209 2855 μδ
227 2731 323 2864 idai
339 2725 1070 2871 1¹tisstcsscs0t0s‘slusisse·
1091 2735 1195 2858 ⁵⁰²lt'

100 2845 104 2854 .
125 2833 148 2840 ·-
352 2829 360 2854 ι
700 2845 705 2856 .
756 2823 763 2868 3
815 2844 820 2856 .
919 2847 924 2858 .
971 2843 976 2855 .
1051 2843 1056 2856 .
1078 2833 1108 2842 —-
1187 2833 1195 2840 -

56 2871 178 2926 δέδεκται
198 2871 235 2926 Μ.
258 2905 290 2914 -

57 3095 117 3138 rum
140 3073 426 3158 concupiscentem
445 3094 517 3136 eum
541 3071 633 3136 varia
652 3045 1054 3156 multorumquecapitum
1078 3072 1195 3156 bellua,

56 3179 240 3244 irascentem
275 3201 348 3244 cum
381 3179 486 3262 leone,
523 3201 595 3244 eum
628 3163 759 3244 homine
792 3179 985 3244 rationalem
1018 3183 1195 3262 comparat.

55 3294 134 3358 (lirae
159 3287 272 3372 imago
294 3285 402 3370 aptior
419 3291 470 3350 est
489 3309 535 3369 ca,
558 3307 655 3370 quom
674 3287 708 3350 in
727 3286 874 3350 Pliuedro
894 3285 1012 3370 posuit,
1035 3285 1089 3350 ubi
1114 3284 1194 3350 duas

55 3393 168 3474 -pccies
208 3395 315 3458 ferrus
352 3393 483 3478 equina,
519 3393 648 3458 tertiam
686 3393 819 3478 aurigae
856 3392 996 3457 similem
1034 3413 1103 3456 csse
1139 3392 1194 3456 ait.

56 3497 167 3564 l'rioris
193 3501 282 3564 illius
314 3499 467 3584 imaginis
495 3499 528 3566 iu
556 3523 642 3566 nono
670 3521 797 3584 quoque
820 3498 1030 3582 Reipublicae
1059 3499 1193 3562 ruentiu-

54 3627 118 3670 ueru
151 3605 246 3689 lecit,
279 3629 342 3690 quo
375 3607 593 3688 manifestius,
626 3607 732 3690 qualis
764 3627 909 3689 quaeque
938 3604 1037 3669 animi
1071 3605 1194 3688 species

54 3719 139 3791 essct,
163 3713 357 3778 ostenderet.
397 3713 491 3778 Plato
511 3713 621 3798 igitur,
645 3713 765 3798 quippe
785 3711 839 3796 qui
859 3715 892 3775 et
915 3711 1043 3776 sedibus
1064 3733 1193 3795 separa·

54 3834 98 3880 un
121 3827 151 3886 et
176 3825 296 3886 natura
318 3819 415 3904 longe
438 3820 524 3884 inter
548 3843 581 3884 sa
606 3821 788 3904 discrepare
812 3817 991 3900 existimet,
1020 3818 1137 3882 merito
1162 3821 1194 3882 et

54 3927 168 4008 -pccies
198 3933 232 3994 et
260 3931 370 4012 partes
398 3927 555 4012 appellat3
586 3926 779 3991 Aristoteles
809 3929 917 3989 autem
946 3927 979 3987 et
1001 3923 1193 3988 Posidonius

54 4055 110 4096 non
139 4035 263 4120 speeies
288 4037 344 4098 aut
371 4037 480 4118 partes
508 4055 593 4116 csse,
621 4033 676 4096 sed
704 4031 798 4098 unius
827 4031 1029 4094 substantiae
1053 4052 1069 4094 e
1099 4029 1194 4097 corde

54 4141 281 4218 proficiscentis
305 4141 479 4206 facultates
503 4141 627 4224 dicunt;
652 4143 687 4204 at
706 4135 908 4220 Chrysippus
932 4135 1016 4200 sicut
1039 4137 1072 4202 in
1095 4157 1193 4200 uuam

55 4245 280 4330 -ubsundam,
313 4247 360 4312 ita
387 4247 421 4312 in
456 4269 553 4312 uuam
586 4246 776 4311 facultatem
805 4243 886 4308 iram
916 4247 948 4306 et
982 4241 1193 4326 cupiditatem

54 4351 144 4427 coeit.
190 4351 252 4430 Qui
276 4357 433 4438 quantum
457 4377 477 4418 a
500 4353 637 4418 veritate
661 4351 798 4434 aberret,
822 4350 901 4414 satis
926 4373 945 4413 a
966 4348 1062 4414 uobis
1085 4351 1192 4412 osteu-

58 4479 119 4520 sum
144 4463 208 4542 est3
236 4459 446 4526 Aristotelem
470 4463 578 4524 autem
604 4459 735 4543 eiusque
760 4463 881 4522 sectam
910 4455 979 4520 salli
1008 4457 1073 4522 tres
1098 4453 1192 4520 unius
