3300 5146
798 420 1041 486 -290-

346 607 413 667 πην
436 573 456 668 ἢ
479 577 593 668 θυμὸν
614 578 635 667 ἥ
663 607 693 646 τι
716 584 872 647 τοιοῦτον
897 579 1008 659 πάθος
1031 577 1289 666 ἐκκαλεσάμενα,
1316 575 1362 666 μὴ
1391 606 1493 666 φρον-

346 693 415 775 τίζῃ
445 687 481 755 δὲ
509 685 621 755 αὐτῶν
648 683 666 754 δ
699 683 833 753 άκούων
860 685 943 773 μηδὲ
970 689 1101 772 κινῆται
1130 683 1213 754 κατά
1239 684 1358 761 πάθος.
1411 683 1494 772 αὕτη

347 793 408 880 μὲν
432 786 494 861 οὖν
517 791 537 880 ἡ
562 791 739 880 ἀδολεσχία
760 797 860 860 τοῦτο
886 791 924 860 τὸ
948 793 1050 879 πέρας
1073 793 1179 879 ἐχέτω.
1225 791 1306 879 μετὰ
1328 795 1431 860 ταῦτα
1456 792 1494 859 δὲ

346 897 363 966 ὁ
388 899 582 988 Χρύσιππος
603 903 737 967 τοιᾶσδε
765 900 877 986 ἑτέρας
904 900 1079 987 μέμνηται·
1111 901 1168 966 εαί
1193 898 1230 966 δὲ
1256 896 1411 985 γυναῖκες
1438 899 1494 966 καί

312 1006 490 1093 spalat»
512 1035 543 1074 τι
566 1006 695 1075 τούτων
719 1007 950 1093 ἐμφαίνουσιν.
995 1011 1026 1073 εί
1050 1004 1114 1093 γάρ
1142 1004 1187 1093 μὴ
1215 1010 1407 1091 καταβαίνει
1436 1001 1495 1072 αὐ-

346 1115 429 1192 εταῖς
454 1122 495 1180 τὰ
527 1113 703 1200 λεγόμενα,
733 1112 891 1192 πολλάκις
915 1111 976 1180 τὸν
1008 1112 1175 1181 δάκτυλον
1202 1112 1405 1199 κατάγουσιν
1433 1113 1496 1191 ἕως

346 1221 418 1286 ‘rori
454 1218 535 1287 κατὰ
570 1218 632 1306 τὴν
665 1223 808 1306 καρδίαν
839 1218 944 1287 τόπου
977 1216 1018 1287 οὐ
1054 1219 1242 1305 φάσκουσαι
1280 1224 1495 1304 καταβαίνειν

346 1318 423 1396 ‘aas
454 1325 495 1395 τά
527 1327 704 1415 εἰρημένα)
765 1329 863 1394 τοῦτο
899 1325 936 1394 τὸ
977 1328 1169 1414 ἐπιχείρημα
1200 1339 1271 1405 τοῖς
1302 1331 1495 1413 ἔμπροσθεν

346 1429 503 1520 ὁμογενίς
526 1435 592 1500 ἐστι
617 1432 680 1501 δύο
704 1435 798 1520 ἕτερα
821 1433 1045 1520 προσειληφὸς
1068 1433 1301 1522 ἐπιχειρήματα
1322 1432 1494 1519 πάνσοφα,

306 1565 331 1602 10
345 1538 382 1607 τό
404 1566 439 1606 τε
462 1555 623 1626 γυναῖκας
652 1538 738 1607 εἶναι
764 1537 823 1617 τὰς
849 1539 1011 1625 λεγούσας
1033 1537 1118 1608 αὐτὰ
1146 1541 1200 1607 καὶ
1227 1539 1288 1627 μή,
1315 1539 1425 1626 ὥσπερ
1452 1538 1493 1606 τὰ

344 1644 512 1732 πρόσθεν,
543 1646 622 1724 τοὺς
654 1645 780 1734 ἄνδρας
816 1644 853 1712 τό
884 1672 919 1714 τε
946 1647 1000 1713 καὶ
1029 1650 1069 1735 τῇ
1098 1647 1196 1727 δείξει
1225 1649 1352 1732 δηλοῦν
1382 1644 1493 1732 ὥσπερ
1531 1625 1545 1644 ⁸

345 1748 560 1840 ὀρχουμένας,
584 1751 666 1840 άπερ
690 1750 707 1820 ὁ
736 1752 835 1838 λόγος
858 1753 1001 1820 ἐπὶτῶν
1025 1753 1133 1839 ἑδρῶν
1156 1751 1288 1839 ἐδήλου.
1333 1749 1416 1819 άλλά
1439 1779 1491 1819 τοι

344 1855 535 1944 κάνταυθα,
570 1851 998 1946 γενναιότατεΧρύσιππε,
1030 1858 1113 1927 κατὰ
1142 1863 1269 1927 σαυτοῦ
1298 1867 1408 1938 καλεῖς
1433 1855 1494 1938 τάς

306 1989 329 2028 ιι
345 1978 505 2051 γυναῖκας
527 1965 704 2053 μάρτυρας.
750 1962 831 2033 οὐδὲ
859 1965 924 2052 γὰρ
952 1957 1049 2033 αὗται
1077 1967 1233 2052 λέγουσιν
1261 1963 1366 2045 οὕτως
1389 1962 1490 2054 οάδέλ

279 2092 335 2147 324
345 2068 522 2158 ὀρχοῦνται
541 2087 613 2151 ταῖς
631 2079 755 2160 χερσίν,
779 2069 822 2150 ὡς
842 2081 981 2159 εἴρηκας,
1001 2072 1136 2140 ἐπειδάν
1154 2071 1320 2160 ἀρνῶνται
1340 2074 1491 2140 συνιέναι

343 2181 412 2245 τῶν
435 2180 640 2266 λεγομένων,
663 2176 745 2246 άλλδι
770 2176 851 2246 ὅταν
873 2176 938 2246 ὑπὸ
962 2183 1133 2268 λοιδορίας
1156 2176 1176 2268 ἢ
1200 2177 1335 2266 ἀπειλῆς
1356 2181 1378 2266 ἦ
1399 2206 1493 2258 τινος

381 2409 394 2458 1
416 2398 625 2472 ἒγκαλεσόμενα
644 2402 772 2456 ABChK
792 2379 1001 2471 ἐκκαλεσάμενοι
1019 2403 1060 2469 Μ;
1085 2401 1119 2456 of.
1143 2403 1227 2458 Proll.
1248 2421 1275 2472 p.
1295 2409 1338 2459 23.
1357 2433 1391 2442 -
1415 2409 1432 2456 2
1451 2423 1490 2456 ιιι·

343 2481 435 2527 νεῖται
458 2475 591 2527 MABGh
615 2475 728 2541 κινῆται
752 2473 785 2527 Κ.
810 2506 843 2513 -
872 2481 887 2528 6
912 2471 962 2528 τὸν
985 2471 1087 2527 atritas
1112 2473 1149 2530 M.
1174 2506 1206 2514 -
1231 2469 1386 2542 κατάγουσι
1409 2475 1489 2529 codd.

344 2546 405 2599 edd.
429 2542 603 2614 κατάγουσιν
629 2563 687 2598 nos.
717 2576 749 2584 —
778 2551 794 2599 8
818 2537 874 2598 ὦδε
898 2540 934 2598 τά
960 2544 1094 2614 εἰρημένα
1120 2545 1203 2600 τοῦτο
1226 2545 1256 2600 in
1278 2561 1377 2601 rasura
1398 2547 1435 2601 M.
1455 2577 1487 2585 —

345 2623 377 2669 12
398 2611 445 2670 ἐπὶ
464 2617 519 2670 τῶν
540 2612 630 2684 ἕδρῶν
649 2616 735 2670 ΜΔΒ
754 2611 776 2670 l.
796 2636 819 2672 τ.
839 2612 952 2684 άνδρῶν
971 2616 1050 2670 ChK.
1071 2648 1102 2656 -
1125 2623 1156 2670 13
1175 2620 1260 2671 καλεῖ
1274 2616 1311 2671 M.
1330 2647 1364 2658 -

345 2745 546 2753 ,ψ’-η*-

343 2846 425 2907 quae
454 2824 617 2906 dicuntur,
646 2822 702 2886 sed
732 2845 818 2908 eum,
846 2823 974 2907 quando
1002 2823 1079 2908 quid
1102 2824 1225 2888 dietum
1254 2828 1304 2888 est
1330 2826 1382 2890 vel
1405 2825 1487 2890 iram

342 2930 393 2993 vel
416 2931 586 2994 tristitiam
610 2929 662 2994 vel
689 2931 847 3014 impetum
876 2929 977 2994 animi
1003 2931 1056 2994 vel
1080 2929 1238 2995 eiusmodi
1261 2931 1412 2997 affectum
1437 2957 1487 2997 ex-

342 3037 527 3121 citaturum,
551 3041 607 3100 aut
630 3059 745 3120 parum
769 3040 883 3100 curant
907 3040 1051 3102 autnon
1075 3038 1316 3121 perturbantur.
1352 3037 1402 3102 De
1425 3039 1486 3104 hoe

341 3145 470 3228 quidem
499 3165 615 3228 genere
643 3143 847 3228 garrulitatis
881 3144 961 3207 satis
994 3144 1105 3208 multa.
1157 3143 1319 3229 Deinceps
1352 3146 1486 3210 alterius

342 3250 492 3314 meminit
514 3249 719 3334 Chrysippus
746 3249 799 3314 his
827 3250 950 3314 verbis:
996 3247 1194 3315 ‘Mulieres
1219 3255 1346 3316 autem
1369 3253 1485 3316 etiam

341 3356 594 3420 manifestius
618 3357 696 3420 tale
720 3356 810 3442 quid
834 3377 925 3440 prae
950 3378 989 3419 se
1010 3355 1152 3422 ferunt.
1198 3355 1288 3423 Cum
1311 3359 1414 3424 enim
1437 3360 1487 3424 iis

340 3485 415 3526 non
452 3463 688 3527 descendunt
720 3485 776 3545 ea,
808 3483 902 3546 quae
938 3461 1134 3546 dicuntur,
1170 3487 1286 3547 saepe
1319 3464 1486 3550 digitum

342 3568 386 3632 ad
406 3570 533 3634 cordis
554 3570 678 3634 sedem
698 3569 893 3633 deducunt
910 3573 1097 3652 negantes
1117 3570 1223 3635 dieta
1242 3569 1313 3636 huc
1332 3572 1486 3637 descen-

341 3674 454 3740 dere'.
508 3675 580 3741 Ηοο
613 3679 840 3760 argumentum
872 3675 1092 3758 superioribus
1123 3679 1296 3762 cognatum
1327 3677 1390 3742 duo
1421 3679 1487 3743 alia

341 3803 437 3864 quam
468 3784 644 3847 scitissime
672 3783 840 3865 assumsit,
870 3804 983 3865 uuum,
1015 3781 1114 3868 quod,
1145 3805 1227 3866 quae
1258 3782 1339 3847 haec
1367 3785 1487 3868 dieunt,

341 3889 492 3953 mulieres
521 3895 610 3972 suut,
633 3912 712 3973 non,
740 3893 776 3952 ut
803 3888 837 3951 in
861 3888 1096 3971 superioribus,
1124 3889 1198 3975 viri3
1227 3890 1378 3974 alterum,
1401 3893 1487 3976 quod

340 3995 439 4059 etiam
463 3997 674 4060 monstrando
698 3997 790 4080 quasi
814 3999 908 4078 gestu
932 4017 969 4058 ae
992 3995 1114 4059 saltatu
1138 3995 1277 4079 quodam
1292 3998 1486 4081 exprimunt,

339 4124 421 4186 quae
450 4103 557 4166 oratio
584 4102 622 4165 de
650 4102 702 4166 liis
731 4103 861 4165 sedibus
890 4102 1030 4180 exponit.
1076 4102 1122 4165 At
1145 4103 1243 4166 etiam
1266 4103 1334 4188 hic,
1362 4105 1486 4188 optime

341 4205 536 4293 Chrysippo,
565 4213 678 4273 eontra
706 4212 738 4272 te
760 4209 955 4272 feminarum
983 4209 1205 4273 testimonium
1236 4211 1339 4294 citas.⁴
1371 4210 1486 4295 Neque
1566 4194 1568 4196 Ι

341 4315 426 4378 euim
450 4315 512 4378 hae
535 4315 583 4377 ita
600 4315 777 4399 loquuntur
798 4315 860 4396 vel,
883 4318 920 4376 ut
938 4319 972 4377 tu
993 4313 1112 4399 dixisti,
1136 4339 1233 4380 manu
1258 4317 1388 4400 saltant,
1412 4339 1485 4381 cum

341 4419 487 4505 intellegi
507 4445 526 4484 a
545 4443 579 4483 se
598 4426 720 4504 negant
738 4445 785 4506 ea,
808 4443 890 4506 quae
909 4421 1068 4505 dicuutur,
1092 4423 1147 4485 sed
1167 4445 1240 4487 cum
1259 4422 1310 4488 vel
1330 4424 1484 4487 conviciis
