3296 5150
662 433 903 498 ..349-

206 589 326 659 ἕαντοῦ
357 596 577 680 πραγματείᾳ,
613 596 663 670 τίς
698 587 718 678 ἡ
751 594 809 678 τῆς
846 592 1091 682 πλεοναζούσης
1126 591 1229 682 ὁρμῆς
1262 595 1352 663 ἐστιν

204 701 302 766 αίτία.
339 695 356 768 δ
380 697 442 786 μὲν
464 697 528 788 γάρ
552 697 651 784 λόγος
675 695 736 766 οὐκ
759 693 802 766 civ
826 698 965 768 δύναιτό
988 725 1025 786 γε
1048 699 1240 783 πλεονάζειν
1262 705 1351 790 παρὰ

204 802 243 870 τά
268 804 389 873 ἑαυτοῦ
411 804 587 894 πράγματά
609 831 644 874 τε
667 805 722 873 καὶ
744 806 856 894 μίτρα.
900 805 1071 895 πρόδηλον
1095 799 1168 892 οὖν,
1190 805 1236 888 ὦς
1258 809 1351 899 ἑτέρα

203 936 253 989 τις
276 909 398 998 ἄλογός
426 913 493 982 ἐστι
523 911 668 1000 δύναμις
690 915 780 980 αίτία
806 916 868 982 τοῦ
891 911 1129 996 πλεονάζεσθαι
1157 913 1220 1003 τὴν
1242 911 1352 1004 ὁρμὴν

203 1014 286 1107 ὑπὲρ
313 1017 354 1086 τὰ
381 1021 483 1110 μίτρα
509 1022 571 1090 τοῦ
599 1019 717 1107 λόγον,
749 1019 901 1108 καθάπερ
930 1025 992 1090 τοῦ
1023 1020 1263 1104 πλεονάζεσθαι
1290 1021 1384 1090 τδνσ

205 1124 333 1212 δρόμον
361 1121 444 1215 ὑπὲρ
470 1126 510 1196 τά
536 1129 638 1216 μίτρα
665 1131 723 1215 τῆς
744 1128 967 1216 προαιρέσεως
990 1125 1111 1214 ἄλογος
1137 1126 1158 1216 ἡ
1182 1133 1285 1215 αίτία,
1312 1130 1350 1198 τὸ

203 1230 307 1319 βάρος
329 1236 391 1302 τοῦ
418 1233 577 1322 σώματος.
622 1231 705 1304 άλλά
733 1231 776 1304 οὐ
803 1239 901 1304 τοῦτο
924 1236 1138 1323 θαυμαστόν,
1165 1239 1196 1304 εί
1217 1243 1352 1316 πολλοῖς

204 1338 339 1408 ἐναντία
362 1341 447 1427 λέγει
471 1341 680 1432 Χρύσιππος,
703 1339 813 1432 ὥσπερ
837 1339 917 1410 οὐδὲ
940 1340 990 1412 ὅτι
1013 1345 1071 1430 τῆς
1093 1340 1253 1430 ἀληθείας
1275 1339 1351 1411 άπί-

203 1453 363 1532 σφαλται,
391 1449 571 1538 συγγνοίμη
601 1449 665 1538 γάρ
689 1447 859 1542 άνθρεάπςο
887 1475 924 1536 γε
952 1447 1025 1518 ὄντι
1048 1451 1102 1519 καί
1127 1447 1350 1538 ἁμαρτάνοντι

202 1549 330 1639 ιδραλόν
361 1583 405 1642 τι,
438 1553 521 1624 άλλδι
554 1555 604 1626 ὅτι
637 1557 717 1646 μήτε
750 1558 959 1645 ἐπεχείρησεν
986 1555 1071 1637 ὅλως
1097 1557 1137 1626 τά
1169 1555 1252 1646 πρὸς
1282 1561 1351 1626 τοῖν
1366 1579 1390 1620 1⁰

203 1665 353 1730 παλαιῶν
385 1666 542 1752 εἰρημένα
574 1663 801 1733 διαλύσασθαι
828 1665 883 1732 καί
915 1663 998 1752 πρὸς
1025 1660 1131 1733 αὑτὸν
1158 1665 1349 1752 διαφέρεται

206 1766 283 1834 νυνί
310 1768 372 1855 μὲν
399 1777 554 1856 γίνεσθαι
583 1777 728 1860 νομιῖεον
759 1769 798 1838 τά
830 1769 923 1858 πάθη
952 1769 1035 1840 ἄνευ
1066 1771 1170 1860 λόγον
1201 1779 1349 1859 κρίσεως,

203 1875 281 1942 νυνὶ
309 1873 347 1944 δὲ
370 1873 412 1945 οὐ
438 1877 546 1966 μόνον
569 1885 717 1968 κρίσεσιν
744 1879 881 1946 ἕπεσθαι
906 1879 1060 1966 φάσκων,
1092 1875 1175 1948 άλλδ
1199 1875 1283 1947 αὐτὰ
1307 1877 1349 1970 δὴ

204 1985 307 2051 ταῦτα
330 1990 454 2071 κρίσεις
476 1982 572 2053 εἶναι.
616 1983 653 2055 τὸ
682 1985 746 2073 γάρ
769 1985 852 2072 μηδὲ
876 1983 961 2065 ὅλως
984 1985 1189 2073 ἐφάπτεσθαι
1212 1992 1350 2075 κρίσεως

205 2088 447 2160 ἐναντιώτατον
480 2091 591 2180 δήπου
622 2096 667 2183 τῷ
694 2098 806 2179 κρίσιν
836 2090 921 2160 εἶναι
953 2091 990 2162 τὸ
1019 2081 1144 2176 πάθος,
1177 2097 1208 2162 εί
1232 2093 1277 2182 μὴ
1306 2095 1348 2182 νὴ
1364 2115 1389 2156 ισ

204 2201 271 2263 Διά
294 2202 435 2284 βοηθῶν
456 2225 506 2278 τις
524 2196 613 2290 αὐτῷ
637 2205 720 2286 φαίη
744 2207 844 2268 πλείω
863 2199 1047 2288 σηημαίνειν
1070 2197 1107 2266 τὸ
1131 2203 1189 2287 τῆς
1210 2206 1349 2288 κρίσεως
1358 2217 1415 2274 11111

239 2426 255 2474 9
274 2416 441 2492 συγγνώμην
456 2421 491 2476 Μ.
519 2453 549 2461 —
572 2427 604 2476 10
623 2417 730 2490 ὡραῖόν
745 2443 769 2477 τι
789 2439 843 2476 om.
859 2423 895 2478 M.
915 2415 1028 2490 καίριόν
1046 2442 1071 2476 τι
1091 2422 1193 2477 οοοίεο.
1218 2421 1347 2493 Wytten·

203 2491 328 2548 bachius.
349 2523 381 2534 -
403 2500 433 2548 11
455 2487 526 2561 πρὸς
544 2487 633 2548 αάτδν
652 2493 688 2548 Μ.
709 2525 743 2534 —
765 2501 795 2548 12
814 2491 899 2563 λόγον
918 2493 967 2548 καί
985 2495 1102 2560 κρίσεως
1120 2493 1198 2548 οοδδ.
1219 2494 1280 2549 odd.
1300 2494 1349 2548 καί

203 2563 395 2634 expunximus.
417 2595 448 2604 -
476 2569 507 2618 1³
527 2559 599 2620 αάτδ
624 2561 660 2634 δὴ
680 2567 763 2620 τοῦτο
787 2565 866 2620 codd.
886 2563 948 2618 edd.
972 2559 1045 2618 ον’τά
1068 2561 1104 2633 δίη
1128 2565 1217 2619 ταῦτα
1236 2582 1294 2620 οοε.
1316 2597 1347 2604 --

205 2641 237 2688 11
255 2637 372 2706 κρίσεως
391 2651 440 2705 pro
459 2637 564 2704 κρίσεις
584 2635 619 2691 Μ.
640 2667 672 2676 -

202 2847 290 2908 toros
323 2847 546 2927 percontatur,
579 2867 660 2929 quae
691 2845 735 2908 sit
769 2844 978 2909 redundantis
1011 2843 1099 2910 illius
1135 2846 1347 2930 appetitionis

202 2973 308 3016 causa.
358 2949 455 3015 Ratio
484 2949 614 3034 quidem
647 2953 775 3036 praeter
807 2973 866 3015 sua
897 2952 1031 3036 nogotia
1061 2973 1200 3036 suosque
1234 2951 1347 3018 modos

202 3057 379 3125 redundare
406 3057 532 3143 nequit3
560 3057 659 3122 aliam
687 3058 789 3144 igitur
815 3079 886 3124 esse
913 3059 1103 3124 facultatem
1132 3059 1268 3124 rationis
1297 3079 1348 3122 ex-

201 3169 325 3251 pertem
349 3164 558 3230 manifestum
582 3169 640 3250 est,
666 3187 748 3250 quae
771 3167 805 3230 in
824 3187 922 3231 causa
945 3167 997 3250 sit,
1020 3187 1077 3232 our
1100 3165 1187 3231 ultra
1209 3165 1346 3230 rationis

201 3273 356 3339 terminos
381 3271 538 3338 redundet
556 3272 725 3357 appetitio,
749 3265 1029 3358 querriadmodurn‚
1051 3277 1088 3337 ut
1111 3293 1224 3338 cursus
1248 3295 1347 3357 supra

202 3379 380 3446 voluntatis
413 3380 569 3446 terminos
602 3377 798 3464 effundatur,
830 3401 928 3444 causa
956 3380 1168 3464 irrationalis,
1201 3379 1346 3464 corporis

202 3485 361 3570 gravitas,
388 3485 498 3551 officit.
548 3485 670 3552 Verum
697 3509 768 3556 nou
790 3485 852 3552 hoe
880 3485 998 3552 mirum
1027 3507 1097 3551 esso
1124 3486 1234 3570 debet,
1261 3487 1346 3571 quod

203 3591 313 3656 inultis
342 3589 546 3677 Chrysippus
579 3593 776 3680 refragatur,
806 3616 864 3659 neo
897 3593 1016 3680 magis,
1048 3593 1133 3679 quod
1161 3615 1180 3656 a
1207 3593 1345 3657 veritato

202 3697 366 3762 aberravit
389 3735 431 3744 -
455 3699 699 3766 condonandum
719 3701 804 3766 enim
829 3705 878 3765 est
898 3701 937 3786 ei,
959 3701 1080 3786 quippo
1102 3699 1278 3795 qui-homo
1303 3699 1347 3764 sit

202 3807 297 3890 atque
317 3803 502 3870 iuveniliter
519 3811 631 3889 peccet
650 3845 700 3892 -‚
720 3809 775 3874 sod
794 3809 880 3893 quod
897 3829 1001 3892 usquo
1020 3827 1193 3892 aggressus
1213 3805 1345 3871 omniuo

202 3915 251 3976 ost
274 3917 418 3978 veterum
442 3911 529 3976 diota
547 3913 724 3979 dissolvero
743 3919 776 3978 et
800 3936 908 3980 secum
931 3913 1084 3980 dissentit
1106 3912 1201 3980 modo
1220 3918 1345 3996 portur·

202 4019 350 4086 bationes
383 4019 452 4084 sins
484 4019 622 4084 rationis
654 4020 774 4087 iudicio
811 4023 879 4086 tisri
912 4021 1117 4106 existimans,
1153 4019 1248 4085 modo
1280 4041 1344 4084 nou

200 4131 328 4192 tautum
347 4127 467 4191 iudicia
485 4126 589 4210 sequi,
607 4129 662 4192 ssd
686 4129 814 4193 easdem
834 4129 922 4213 ipsas
941 4129 1061 4194 iudicia
1080 4151 1149 4192 esso
1169 4126 1345 4192 affirmans.

199 4233 286 4300 Nam
314 4233 425 4300 iudicii
454 4234 583 4318 penitus
611 4237 775 4320 expertem
804 4257 873 4299 osse
901 4240 935 4300 et
961 4235 1116 4300 iudicium
1143 4235 1251 4318 ipsum
1275 4255 1344 4298 esse

201 4341 352 4406 affectum
376 4340 597 4424 vehomenter,
625 4342 753 4426 opinor,
782 4343 866 4406 inter
894 4365 928 4406 ss
957 4345 1132 4427 repugnat,
1163 4342 1228 4406 nisi
1260 4341 1344 4404 forte

199 4448 271 4531 quis
296 4449 325 4512 oi
354 4470 542 4514 succurrens
571 4449 682 4512 iudicii
716 4449 907 4514 vocabulum
936 4449 1029 4532 plura
1056 4448 1240 4532 significare
1267 4449 1345 4512 dicit
