3210 5148
573 417 816 482 -419-

117 575 174 644 καὶ
198 579 336 663 ψυχρῶν
358 576 413 642 καί
437 576 546 662 ξηρῶν
568 575 622 642 καὶ
645 573 760 662 ὑγρῶν
783 571 920 661 ἀμετρία
942 599 992 653 τις
1016 571 1100 642 εἶναι
1125 575 1267 663 λέγηται.

118 682 271 770 σώματος
298 681 362 769 γάρ
390 680 474 768 αὕτη
502 707 538 767 γε
571 680 681 768 μόνου
707 680 762 748 καὶ
796 677 936 760 οὐδενὸς
963 684 1032 749 τῶν
1060 679 1171 750 ἄλλων
1199 685 1267 751 ἐστὶ

118 789 229 872 νόσος,
253 787 364 876 ῶσπερ
382 814 419 874 γε
441 788 496 855 καὶ
519 785 539 875 ἡ
563 792 624 857 τοῦ
642 791 832 874 λογιστικοῦ
855 794 876 870 †
900 786 1013 867 στάσις
1036 784 1176 867 οὐδενὸς
1199 793 1267 857 τῶν

117 893 231 964 ἄλλων
259 896 326 962 ἐστὶ
354 893 442 982 πλὴν
470 898 577 982 ψυχῆς
603 893 713 975 νόσος.
759 891 776 963 ὁ
806 891 843 961 δὲ
866 892 1059 980 Χρύσιππος
1086 891 1267 982 ἁμαρτάνει

118 999 212 1070 διττά
244 1000 325 1070 κατά
354 1000 421 1089 τὴν
449 1003 486 1069 ἐν
514 999 646 1081 τούτοις
678 1005 910 1069 διδασκαλίαν·
946 1003 1080 1087 πρῶτον
1106 1002 1184 1088 μέν,
1217 1000 1301 1070 tna

118 1109 309 1196 διαφέρεται
333 1107 416 1196 πρὸς
438 1105 543 1176 αὑτὸν
567 1109 605 1175 ἐν
630 1107 693 1196 μὲν
716 1111 761 1200 τῷ
785 1108 858 1194 περὶ
883 1109 1006 1174 παθῶν
1027 1103 1136 1198 ἠθικῷ
1161 1126 1267 1174 συνω-

118 1215 232 1302 νύμως
255 1212 453 1302 ὠνομάσθαι
477 1215 584 1301 λέγων
606 1213 669 1302 τὴν
692 1216 729 1282 ἐν
755 1217 794 1302 τῇ
820 1218 908 1302 ψυχῇ
931 1213 1037 1281 νόσον
1059 1217 1099 1302 τῇ
1122 1212 1265 1303 κατὰτὸ

117 1326 228 1410 σῶμα,
262 1320 316 1390 διά
350 1321 386 1388 δὲ
418 1324 480 1390 τοῦ
511 1320 645 1408 πρῶτον
676 1325 744 1389 τῶν
775 1323 779 1406 l
814 1325 958 1408 λογικῶν
990 1321 1128 1402 εἰκάζων
1160 1317 1333 1408 adrium

119 1424 244 1519 εὐλάτρι
267 1429 321 1496 καὶ
346 1423 584 1518 εόδιαφθάρτῳ
607 1425 728 1517 ὑγιείᾳ·
753 1424 860 1495 ἔπειθ’
887 1426 937 1496 ὅτι
961 1427 1060 1514 μηδέ,
1084 1425 1164 1514 ὅπερ
1188 1425 1266 1515 άλη-

118 1536 190 1612 θῶς
215 1530 372 1621 ὑπέσχετο
400 1533 482 1602 κατὰ
508 1532 545 1602 τὸ
574 1532 818 1621 θεραπευτικὸν
844 1536 898 1602 καὶ
931 1531 1055 1622 ἠθικὸν
1087 1533 1266 1622 ἐιιιγραφό-
1283 1563 1306 1600 ιο

117 1667 222 1729 μενον
240 1645 383 1727 βιβλίον,
406 1639 564 1729 ἠδυνήθη
584 1644 697 1722 δεῖξαι.
733 1648 768 1709 τί
789 1643 828 1708 δι’
845 1642 912 1708 ἐστι
931 1643 1047 1720 κοῖτος
1070 1645 1138 1708 τῶν
1155 1645 1267 1728 μερῶν

116 1752 175 1834 τῆς
197 1745 342 1836 auziri]
365 1747 449 1836 πρὸς
467 1745 592 1834 άλληλα
612 1754 795 1836 συμμετρία
817 1748 925 1815 τεκαὶ
945 1744 1161 1835 ἀσυμμετρία,
1184 1743 1263 1814 καθ’

115 1850 159 1940 ἣν
182 1852 348 1940 ὑγιαίνειν
371 1881 405 1922 τε
429 1856 555 1942 λέγεται
579 1855 634 1922 καὶ
657 1869 781 1922 νοσεῖν.
826 1852 933 1922 τιάυτα
957 1855 1021 1942 γὰρ
1044 1851 1146 1940 αὐτῆς
1168 1853 1208 1922 τά
1231 1881 1266 1922 τε

116 1959 209 2047 πάθη
242 1961 296 2030 καὶ
328 1960 369 2028 τὰ
406 1961 577 2049 νοσήματα
610 1957 689 2028 καθ’
729 1963 766 2029 ’ἐν
798 1957 1008 2049 ὑποθέμενος
1040 1965 1195 2047 γίνεσθαι
1227 1947 1264 2028 τὸ

117 2067 307 2154 λογιστικὸν
331 2067 465 2148 εἰκότως
488 2065 607 2154 άπορεῑ
628 2067 811 2152 δεικνύναι,
834 2075 938 2136 τίνων
960 2069 1022 2194 μέν
1046 2068 1113 2135 ἐστι
1137 2066 1305 2154 μορίτωυι

117 2203 137 2310 η
161 2202 219 2262 της
237 2178 343 2263 ψυχῆς
361 2173 470 2262 ὑγίεια
489 2181 683 2262 συμμετρία,
706 2181 808 2242 τίνων
828 2172 904 2242 δι’
887 2203 907 2261 η
927 2173 1029 2254 νόσος
1050 2170 1265 2261 ἀσυμμετρία·

155 2361 167 2408 1
188 2353 298 2422 λέγεται
321 2354 453 2408 Manca
478 2353 591 2422 λεγηται
611 2353 700 2407 Κ
726 2359 742 2405 3
766 2355 831 2422 poet
853 2352 1010 2438 λογιστικοῦ
1034 2352 1130 2406 deesse
1153 2352 1264 2406 videtur

118 2427 166 2480 καὶ
184 2445 234 2480 του
222 2425 424 2512 ’θυμοειδοῦς
443 2425 490 2479 καὶ
510 2443 559 2478 τοο
548 2420 841 2509 'lnadqumoriae
863 2417 988 2478 coorto
1003 2421 1088 2475 M.-
1109 2422 1263 2476 eierasse

116 2497 265 2568 legendum
284 2497 354 2583 μηδὲ
374 2492 498 2564 άληθῶς,
518 2488 589 2562 ὅπερ
608 2489 807 2564 ὑπίσχετο-
834 2501 865 2548 12
885 2497 950 2564 post
968 2495 1123 2584 συμμετρία
1147 2493 1263 2548 inscrui-

116 2587 176 2653 mps
194 2587 224 2623 τε
243 2562 332 2622 μαλ’
314 2569 545 2659 ασυμμετρίαμ
546 2573 614 2620 16
638 2570 703 2636 post
721 2569 875 2637 συμμετρία
898 2565 1065 2620 inseruimus
1085 2566 1169 2619 τίνων
1193 2561 1259 2619 dl
1246 2585 1273 2654 q·

116 2634 199 2704 νόσος
217 2634 401 2710 άσυμμετρία
422 2671 454 2678 -

117 2765 221 2904 diam,
244 2822 364 2904 angust
365 2820 416 2883 ior
437 2821 475 2884 fit
497 2819 643 2884 definitio
667 2823 764 2902 atque
787 2819 887 2884 etiam
910 2819 1030 2904 magis,
1058 2819 1085 2882 si
1110 2818 1206 2884 calidi
1231 2823 1263 2884 et

115 2927 228 3014 frigidi
252 2929 285 2991 et
308 2926 385 2992 sicci
409 2929 442 2990 et
464 2925 589 2990 humidi
613 2925 698 2989 inter
718 2945 786 2988 sese
810 2925 1076 3010 inaequalitatem
1100 2927 1262 3009 quandam

116 3035 301 3101 dixerimus.
351 3032 413 3098 Hic
442 3033 528 3098 enim
556 3033 657 3098 solius
685 3032 845 3118 corporis,
877 3053 943 3096 non
971 3030 1053 3094 alius
1082 3031 1262 3115 cuiuspiam

116 3143 248 3210 morbus
271 3144 334 3224 est,
357 3139 453 3204 sicuti
477 3140 577 3204 animi
605 3143 733 3204 tantum
757 3138 889 3203 morbus
913 3136 1140 3202 ratiocinantis
1163 3137 1262 3202 facul-

116 3252 194 3316 tatis
228 3271 301 3316 oum
335 3247 449 3312 ceteris
483 3246 694 3312 facultatibus
726 3244 887 3310 discordia
919 3267 957 3308 ac
984 3243 1109 3310 seditio.
1159 3241 1261 3328 Chry-

116 3359 227 3441 sippus
247 3361 355 3422 autem
375 3356 409 3419 in
428 3354 490 3419 hac
509 3353 655 3420 doctrina
675 3351 847 3436 dupliciter
865 3355 989 3435 peccat,
1007 3351 1157 3435 primum,
1176 3352 1261 3436 quod

117 3485 136 3524 a
158 3485 191 3525 se
210 3462 371 3544 dissentit,
394 3483 466 3526 cum
490 3461 525 3525 in
547 3461 632 3526 libro
656 3461 695 3524 de
714 3457 1013 3543 perturbationibus
1037 3459 1154 3522 morali
1177 3481 1260 3523 mor·

117 3567 193 3631 bum
218 3569 318 3632 animi
341 3568 452 3632 eadam
481 3569 513 3632 vi
537 3589 600 3651 qua
622 3567 773 3632 morbum
797 3565 942 3648 corporis
967 3564 1167 3648 appellatum
1190 3587 1260 3631 csse

116 3675 178 3758 ait,
206 3675 240 3738 in
262 3676 367 3762 primo
391 3678 500 3739 autem
529 3675 755 3758 quaestionum
779 3670 959 3756 logicorum
982 3669 1164 3736 dissolubili
1188 3693 1260 3755 pro·

114 3801 239 3865 uaeque
270 3780 311 3845 ad
340 3780 579 3865 corruptionem
612 3780 789 3846 valetudini
820 3801 893 3843 eum
926 3781 1105 3862 comparat5
1137 3777 1260 3861 deinde,

116 3887 201 3972 quod
223 3909 264 3951 ne
287 3885 367 3950 illud
390 3886 534 3970 quidem,
561 3886 646 3970 quod
669 3887 703 3950 in
726 3885 826 3969 libro,
854 3884 939 3969 quod
961 3879 1205 3966 θεραπευτικόν
1227 3889 1259 3948 et

115 3989 238 4080 ἠθικόν
256 3992 454 4076 inscribitur,
472 3993 675 4077 promiserat,
694 4015 766 4056 vere
786 3993 1007 4058 demonstrare
1022 3991 1138 4074 potuit.
1175 3989 1259 4066 Quid

114 4101 193 4167 illud
217 4099 289 4166 est?
333 4097 481 4164 Partium
510 4099 610 4164 animi
633 4099 718 4162 inter
748 4121 781 4162 se
810 4097 1026 4183 aequabilitas
1050 4101 1083 4160 et
1109 4097 1258 4180 inaequa-

116 4210 241 4293 bilitas,
270 4229 334 4292 qua
361 4209 394 4269 et
421 4206 528 4270 valere
557 4209 589 4270 et
617 4209 785 4290 aegrotare
813 4204 940 4268 dicitur.
985 4202 1144 4279 Quoniam
1173 4203 1258 4266 euim

116 4313 375 4401 perturbationes
404 4335 516 4378 omnes
544 4317 577 4376 et
604 4312 735 4377 morbos
758 4312 792 4375 in
823 4311 893 4375 sola
919 4307 1074 4375 rationali
1102 4306 1258 4372 facultate

116 4424 269 4488 exsistere
302 4421 430 4504 statuit,
462 4420 579 4485 merito
610 4418 766 4502 haesitat,
801 4439 865 4501 qua
893 4417 1020 4482 ratione
1050 4415 1258 4500 demonstret,

991 4519 1045 4578 θλ*
