3300 5146
819 409 1061 474 -316-

406 565 464 637 ‘od
487 567 550 655 γὰρ
574 565 706 636 πώποτέ
727 564 761 654 μ’
787 558 852 634 ὦδε
876 571 957 647 θεᾶς
981 572 1055 654 ἔρος
1078 563 1157 635 οὐδὲ
1181 593 1340 654 γυναικος

407 675 536 762 ’θυμὸν
556 675 605 742 ἐνὶ
629 673 788 760 στήθεσσι
811 674 1066 761 περιπροχυθεὶς
1089 673 1295 760 ἐδύμασσεν.’

360 781 429 851 εἶτα
449 784 565 868 ἐφεξῆς
583 780 645 850 εύτι
665 781 700 847 δὲ
720 778 757 849 τὸ
773 779 951 866 θυμοειδὲς
969 779 1116 848 ἐνταῦθα
1135 779 1200 850 πού
1215 783 1294 864 ε’στι,
1313 779 1352 848 τὰ
1371 783 1502 848 τοιαῦτα

362 891 528 977 ’ἐμφαίνει
551 893 688 956 πλείονα
712 885 805 955 ὄντα·

333 1018 346 1057 ⁵
405 995 502 1084 Ἥρῃ
527 992 558 1064 δ’
585 992 646 1063 οὐκ
669 999 764 1080 ἔχαδε
788 998 914 1081 στῆθος
936 993 1048 1082 χόλον,
1071 991 1154 1062 ἀλλὰ
1178 994 1364 1083 προσηύδα’

361 1104 426 1170 εκαὶ
451 1108 498 1170 ἔτι

406 1211 476 1276 εκαλ
500 1209 612 1298 χόλος,
635 1206 705 1277 ὅστ’
731 1209 848 1296 ἐφέηκε
870 1209 1070 1297 πολύφρονά
1092 1235 1154 1298 περ
1177 1210 1404 1298 χαλεπῆναι.’1

294 1317 398 1392 θλεὲν
435 1331 505 1396 τοῖς
535 1315 702 1396 τοιούτοις
737 1314 861 1385 ἅπασιν
892 1314 910 1385 ὁ
938 1317 1132 1405 Χρύσιππος
1163 1314 1321 1404 ὁμολογεῖ
1350 1316 1506 1404 δυνάμεις

360 1423 454 1504 τινὰς
476 1421 562 1491 εἶναι
584 1427 642 1510 τῆς
665 1428 771 1510 ψυχῆς
797 1423 860 1510 τῆν
886 1451 920 1492 τε
944 1429 1110 1512 θυμοειδῆ
1138 1424 1192 1491 καὶ
1219 1423 1282 1510 τῆν
1314 1425 1506 1511 ἐπιθυμῆτε-

322 1555 346 1593 ιο
360 1530 424 1618 κῆν
447 1532 558 1619 ε’τίρας
579 1535 637 1617 τῆς
659 1535 855 1617 λομιστικῆς.
899 1528 984 1600 ἀλλὰ
1007 1533 1080 1620 περὶ
1099 1531 1161 1618 μὲν
1178 1529 1318 1614 τούτων,
1342 1528 1387 1609 ὦς
1410 1535 1505 1616 ἔφην,

361 1639 398 1706 ἐν
412 1642 456 1729 τῷ
476 1637 617 1728 τετάρτῳ
633 1640 823 1725 διαλεξομαι
842 1639 1018 1726 γράμματι.
1054 1637 1094 1706 τὰ
1110 1638 1145 1706 δὲ
1160 1635 1326 1705 ὑπόλοιπα
1343 1641 1412 1704 τῶν
1425 1638 1507 1704 κατὰ

361 1743 397 1812 τὸ
418 1752 615 1832 Χρυσίππου
637 1750 770 1830 βιβλίον
789 1744 981 1832 ἐπιδραμὼν
1000 1744 1148 1813 ἐνταῦθα
1166 1770 1232 1812 που
1249 1745 1304 1812 καὶ
1324 1741 1424 1823 αὐτὸς
1445 1743 1505 1832 ῆδῆ

361 1851 561 1930 καταπαύσω
588 1850 649 1919 τὸν
676 1852 836 1920 ἐνεστῶτα
864 1851 977 1938 λόγον.
1035 1852 1115 1940 μετὰ
1144 1851 1181 1919 δὲ
1212 1849 1249 1918 τὸ
1283 1855 1414 1938 πλῆθος
1442 1857 1508 1918 των

362 1960 450 2026 ἐπῶν
475 1955 492 2027 δ
521 1958 715 2046 Χρύσιππος
746 1965 824 2045 περί
852 1986 886 2028 τε
918 1965 1035 2047 φωνῆς
1065 1960 1120 2028 καὶ
1153 1957 1256 2044 λόγου
1288 1958 1341 2024 καὶ
1374 1956 1507 2044 νεύρων

322 2087 347 2126 1⁵
361 2062 462 2153 ἀρχῆς
484 2063 547 2133 ὅσα
569 2092 603 2133 τε
626 2066 757 2145 τούτοις
784 2069 1008 2150 συνέζευκται,
1036 2069 1192 2152 διῆλθεν,
1220 2061 1241 2132 ἃ
1269 2065 1311 2150 δῆ
1339 2064 1394 2132 καὶ
1418 2064 1508 2152 μόνα

427 2233 552 2240 -F———u-

399 2324 411 2371 1
433 2311 467 2370 ού
486 2313 540 2386 γὰρ
559 2313 670 2370 πώποτε
687 2338 711 2372 κ.
730 2337 753 2370 τ.
768 2321 791 2370 λ.
810 2318 846 2372 λλ,
862 2317 934 2382 xlv,
950 2323 1010 2371 315.
1026 2324 1086 2371 316.
1107 2348 1139 2356 -
1161 2314 1228 2383 ἔρως
1244 2315 1337 2369 ΜΑΒ.
1353 2347 1385 2354 -
1399 2321 1423 2369 ·2
1446 2315 1507 2377 κε’ρι

361 2389 516 2457 προχυθελς
534 2389 627 2442 ΜΑΒ.
649 2421 657 2428 -
706 2384 829 2456 ἐδάμασε
850 2388 990 2442 MABCh.
1009 2419 1044 2428 ·-
1068 2386 1257 2457 3θνμοειδὲς
1276 2385 1303 2439 εί
1320 2382 1455 2440 ἐνταῦθα
1475 2387 1509 2439 Μ.

362 2491 393 2500 -
419 2468 435 2514 5
459 2455 514 2528 ῆρη
537 2460 623 2513 ΜΑΒ
642 2453 728 2527 Ἥρης
751 2460 805 2528 Ch;
835 2461 869 2513 cs.
893 2460 977 2513 Proll.
1003 2478 1030 2529 p.
1055 2466 1088 2512 49
1117 2462 1145 2512 et
1170 2476 1254 2528 supra
1278 2476 1306 2527 p.
1334 2464 1400 2522 252,
1426 2465 1453 2512 2.
1480 2491 1507 2496 --

362 2539 377 2584 6
407 2529 446 2585 ἔτι
473 2534 537 2599 post
559 2531 607 2584 καὶ
637 2531 804 2586 addidimus.
830 2563 862 2570 -
896 2538 910 2585 '1
934 2531 982 2584 καὶ
1010 2534 1075 2585 anto
1103 2525 1184 2599 χόλος
1212 2525 1306 2598 (χόλον
1329 2528 1408 2582 codd.
1437 2529 1510 2594 add.)

362 2602 596 2666 addidimuumf.
624 2620 651 2671 p.
679 2609 743 2670 ⁵262,
769 2608 793 2656 7.
823 2633 855 2642 -
884 2609 914 2656 11
940 2596 1012 2656 κατὰ
1037 2602 1087 2656 τοῦ
1115 2603 1281 2670 Χρυσίππου
1308 2599 1455 2655 ΜΑΒΟλι.
1478 2631 1509 2639 ·-

364 2681 395 2726 12
415 2676 529 2743 βιβλίων
548 2672 688 2728 MABCh.
708 2705 741 2714 —
764 2681 794 2728 13
813 2669 884 2744 μετὰ
903 2668 938 2742 di]
959 2674 995 2728 Μ.
1016 2705 1048 2712 -

362 2926 540 3012 ‘namque
560 2927 658 2992 alius
678 2926 844 2992 animum
859 2949 1049 3011 nunquam
1069 2926 1137 2990 sub
1157 2928 1313 3009 pectore
1331 2929 1511 2991 nostrum
1613 2983 1614 2986 ,

362 3057 428 3099 scu
451 3034 520 3098 dea
543 3057 607 3098 scu
631 3035 768 3098 molior
791 3037 901 3098 tanto
925 3033 1102 3097 devinxit
1124 3030 1271 3098 amora'

363 3142 515 3225 Sequitur
538 3141 667 3206 deindo:
705 3141 968 3206 ‘Iracundiarn
996 3163 1143 3225 quoquc
1172 3140 1232 3205 his
1260 3139 1299 3204 in
1326 3140 1512 3224 partibus

362 3271 448 3312 essa
471 3249 565 3313 haec
589 3251 702 3333 atque
726 3249 762 3312 id
787 3269 905 3334 genus
929 3247 1044 3331 plura
1067 3247 1283 3312 declarant:

497 3354 586 3420 ‘non
609 3357 739 3440 potnit
761 3355 944 3420 cohibere
968 3355 1067 3420 iram
1091 3354 1161 3418 sub
1190 3357 1346 3437 pectora
1369 3353 1493 3436 dunc,

495 3462 558 3526 ssd
581 3461 774 3547 loquitur.'

362 3569 469 3635 addc:
493 3568 818 3653 ‘iraetiaimquse
834 3568 1132 3652 volprudentcm
1148 3567 1514 3653 exasperatipsum.‘

361 3676 555 3741 Huiusmodi
584 3676 735 3741 omnibus
769 3675 970 3761 Chrysippus
997 3673 1197 3740 iracundiam
1229 3676 1263 3738 ct
1294 3675 1514 3758 cupiditatem

362 3783 534 3847 facultates
567 3783 722 3866 quosdam
756 3784 857 3848 animi
889 3806 959 3848 csse
988 3806 1007 3846 a
1038 3781 1165 3845 ratione
1199 3780 1344 3845 diversas
1375 3781 1515 3846 fatetur.

364 3889 426 3953 sed
449 3889 487 3952 dc
510 3889 574 3972 liis,
598 3893 634 3953 ut
657 3890 739 3972 dixi,
762 3891 796 3955 in
819 3895 935 3975 quarto
960 3891 1044 3954 libro
1068 3887 1273 3952 disseremus.
1317 3886 1434 3973 Nunc,
1460 3888 1516 3952 ubi

363 3996 500 4079 reliqua,
532 4019 614 4080 quae
645 3998 680 4060 in
709 3997 886 4081 Chrysippi
918 3996 1003 4060 libro
1033 3995 1255 4078 continentur,
1287 3993 1412 4060 cursim
1445 4018 1517 4080 per-

363 4103 533 4186 strinxero,
551 4105 715 4188 praosonti
739 4104 951 4189 disputationi
975 4104 1045 4187 ipse
1064 4124 1191 4187 quoquc
1214 4105 1311 4166 finem
1329 4101 1518 4185 imponam.

364 4247 405 4256 -
430 4211 510 4274 Post
537 4232 688 4276 versuum
713 4213 840 4296 copiam
868 4211 923 4275 illc
952 4211 1101 4293 deinceps
1125 4209 1163 4273 de
1188 4231 1278 4292 voce,
1305 4207 1344 4272 de
1372 4209 1519 4290 ratione,

364 4318 402 4382 do
424 4341 597 4383 nervorum
621 4319 745 4402 origine
769 4341 914 4402 quaeque
937 4318 989 4383 his
1013 4318 1184 4382 coniuncta
1207 4319 1294 4399 sunt,
1317 4314 1519 4397 disputarit,

364 4446 445 4509 ροσε
465 4424 593 4510 quidem
614 4425 684 4491 sola
704 4425 811 4509 exiis,
830 4446 912 4510 quae
932 4423 961 4488 ci
980 4423 1063 4488 libro
1083 4423 1202 4507 insrurt,
1221 4422 1290 4488 viro
1309 4421 1520 4509 philosopho
