3212 5146
584 474 827 539 -659-

133 631 169 697 ἑν
187 633 227 719 τῇ
245 634 367 719 καρδίᾳ
380 636 508 708 κοιλίας
524 630 750 715 ἐκπεφυκέναι.
783 639 872 715 είπερ
887 623 950 697 οὖν
968 627 1031 698 ἆπὸ
1052 632 1179 717 ἐκείνης
1197 629 1275 700 ἀνύ-

131 744 233 822 λογον
247 734 382 815 κλάδοις
392 740 429 802 αί
440 734 522 803 κατὰ
536 734 574 803 τὸ
590 739 683 822 σῶμα
696 739 764 804 πᾶν
777 733 1009 822 ἄποσχίζονται
1023 739 1152 823 φλέβες,
1167 747 1216 825 εἴη
1232 735 1276 807 ἂν

130 840 267 928 ἁπασῶν
291 839 402 910 αύτοίν
421 839 504 928 ἀρχὴ
523 840 544 929 ἡ
563 847 693 930 καρδία.
730 839 812 910 ἀλλὰ
837 847 874 910 αἴ
894 869 930 928 γε
950 844 985 910 ἐκ
1003 845 1071 910 τῶν
1089 848 1196 931 σιμῶν
1214 850 1275 914 τοῦ

129 947 253 1034 ἥπατος
271 945 441 1034 ἀνάλογον
459 951 562 1034 ῥίζαις
581 955 627 1028 είς
644 948 707 1035 τὴν
725 951 867 1036 γαστέρα
885 948 948 1036 τήν
966 976 1000 1016 τε
1024 953 1141 1036 νῆστιν
1164 951 1219 1018 καὶ
1237 950 1275 1019 τὸ

129 1054 250 1124 λεπτὸν
274 1060 409 1141 ἔντερον
432 1057 546 1123 καὶτὸ
570 1055 700 1143 τυφλὸν
722 1056 777 1124 καὶ
800 1054 837 1123 τὸ
861 1059 971 1122 κῶλον
990 1065 1037 1135 είς
1059 1081 1093 1124 τε
1115 1054 1152 1123 τὸ
1177 1055 1301 1126 tirso-⁵

127 1164 302 1250 θυομένου
331 1162 337 1250 Ι
366 1158 614 1250 ὀνομαζόμενον
641 1162 697 1230 καὶ
724 1161 785 1229 τὸν
813 1165 943 1248 σπλῆνα
970 1162 1025 1229 καλ
1052 1161 1089 1229 τὸ
1118 1164 1342 1238 ἐπίπλοονθῡὸ

127 1267 269 1356 ἥκουσαι
292 1269 409 1356 φλέβες
432 1265 493 1336 ούκ
517 1265 580 1336 ἀπὸ
599 1268 721 1355 ταύτης
738 1267 938 1355 πεφύκασιν,
961 1265 1044 1336 ἀλλὰ
1068 1274 1159 1340 ἔστιν
1183 1271 1275 1357 ἑτίρα

128 1375 219 1462 φλὲψ
241 1373 380 1444 ἁπασῶν
402 1374 532 1442 τούτων
559 1370 642 1462 ἀρχὴ
673 1373 754 1442 κατὰ
782 1373 840 1453 τὰς
862 1373 967 1453 πύλας
993 1379 1056 1442 τοῦ
1083 1374 1206 1462 ἥπατος
1227 1405 1276 1446 ιε·
1345 1371 1348 1378 ’

126 1484 285 1570 ταγμίυη.
320 1486 389 1560 πῶς
408 1473 470 1550 ούν
494 1487 540 1548 ἔτι
560 1478 644 1568 ἆρχη
661 1485 730 1549 τῶν
748 1484 881 1568 φλεβῶν
903 1478 924 1567 ἡ
949 1480 1039 1562 δεξιὰ
1057 1486 1116 1568 τῆς
1137 1489 1277 1571 καρδίας

127 1593 221 1657 ἔσται
244 1595 353 1658 κοιλία
381 1587 462 1675 μήτε
489 1591 557 1655 τῶν
581 1589 766 1676 εἰρημένων
793 1591 927 1674 φλεβῶν
950 1587 1030 1676 μήτε
1053 1590 1138 1676 πρὸς
1158 1588 1274 1672 αύπαῑς
1290 1613 1315 1652 10

126 1700 195 1764 τῶν
229 1697 266 1763 ἐν
293 1710 363 1774 τοῖς
390 1708 499 1782 σιμοῖς
530 1699 592 1762 τοῦ
626 1693 749 1782 ἥπατος
779 1696 1039 1782 συναπτομένων
1066 1699 1107 1785 τῇ
1139 1689 1276 1787 καρδίης

125 1795 217 1891 ἧπαρ
242 1801 278 1869 δὲ
301 1803 356 1870 καὶ
379 1803 515 1881 ταύταις
538 1799 681 1882 ἁπάσαις
708 1805 871 1889 συνῆπται
893 1815 965 1881 ταῖς
992 1803 1094 1888 φλεψὶ
1124 1805 1178 1872 καλ
1205 1819 1278 1884 ταῖς

126 1907 208 1976 καθ’
241 1907 323 1978 ὅλον
353 1909 390 1978 τὸ
425 1913 518 1996 σῶμα
552 1908 607 1976 διὰ
635 1911 693 1996 τῆς
721 1911 846 1976 ἐκτῶν
876 1913 1008 1996 κυρτῶν
1035 1907 1140 1978 αύτοῦ
1167 1915 1277 1998 μερῶν

126 2017 367 2102 ἐκπεφυκυίας,
390 2013 433 2102 ἢν
457 2019 492 2082 οί
511 2015 572 2103 μλν
595 2023 741 2083 πλεῖστοι
765 2019 832 2082 τῶν
860 2019 984 2101 ἰατρῶν
1013 2021 1132 2102 κοίλην
1155 2013 1276 2104 ὀνομά-

126 2128 222 2204 ζουσι
252 2121 308 2189 διδι
335 2121 372 2190 τὸ
406 2123 563 2209 μέγεθος,
591 2118 807 2209 Ἱπποκράτης
839 2121 875 2188 δὲ
907 2123 961 2189 καὶ
986 2119 1059 2190 ὅσοι
1087 2121 1126 2190 τὰ
1154 2121 1277 2191 τούτου
1292 2143 1317 2182 15

124 2228 372 2316 πρεσβεύουσιν
395 2226 547 2316 ἡπατῐτιν
571 2224 634 2294 ἀπὸ
657 2231 720 2296 τοῦ
742 2227 934 2315 σπλάγχνου
955 2228 1277 2316 προσονομάζουσιν,

125 2333 215 2404 ὅθεν
239 2335 422 2438 ἐκπίφνκεν
445 2333 537 2422 αὕτη.
572 2337 754 2421 τοιγαροῦν
776 2331 841 2421 ἤδη
861 2355 914 2402 σοι
939 2336 1076 2422 δευτέρα
1098 2335 1172 2421 περὶ
1195 2332 1277 2421 ἥπα-

141 2492 346 2501 -.-.-——--.

133 2635 141 2654 ,
164 2569 264 2654 Ῑιλίας
287 2585 338 2652 pro
356 2571 463 2652 κοιλίας
481 2569 519 2622 Μ.
540 2515 612 2650 -103
632 2561 723 2650 ηοω.
742 2568 779 2622 Μ.
804 2599 837 2607 -
862 2575 878 2624 8
898 2567 966 2637 φλέξ
985 2568 1022 2624 Μ.
1044 2601 1074 2608 -
1099 2568 1186 2622 verba
1203 2567 1277 2622 inter

123 2661 201 2711 αρχη
223 2643 253 2694 et
269 2660 326 2693 των
345 2642 457 2710 φλεβων
476 2642 513 2708 (v.
533 2641 559 2707 9)
578 2641 726 2694 lutenectu
744 2656 798 2694 om.
817 2639 855 2693 Μ.
875 2671 907 2680 -

123 2877 238 2944 cordis
263 2877 335 2940 sinu
359 2878 467 2940 ortum
495 2873 615 2938 habere
639 2877 715 2938 sunt
748 2874 803 2959 qui
831 2875 948 2940 dicant.
995 2873 1118 2950 Quodsi
1141 2895 1158 2938 e
1182 2873 1277 2940 eorde

124 2986 257 3052 similes
290 2982 389 3047 ramis
417 3003 475 3066 per
506 2984 614 3046 totum
642 3003 759 3064 corpus
787 3003 887 3046 venae
915 2985 1190 3065 propagarentur,
1222 3004 1278 3046 cor

123 3093 249 3158 harum
273 3090 416 3154 omnium
441 3089 533 3173 origo
558 3090 652 3152 esset.
697 3086 743 3151 At
765 3087 854 3172 illae,
877 3109 959 3172 quae
982 3109 1020 3150 ex
1044 3086 1136 3150 simis
1160 3087 1275 3153 iecoris

123 3196 281 3283 partibus
310 3196 472 3260 radicibus
497 3195 619 3260 similes
649 3195 684 3259 in
706 3198 865 3278 ventrem,
892 3195 926 3259 in
954 3194 1098 3258 ieiunum
1126 3197 1159 3257 ot
1182 3199 1277 3258 tenuo

121 3304 335 3385 intestinum,
358 3303 392 3366 in
411 3325 551 3385 oaeoum,
575 3301 677 3385 colon,
696 3305 829 3385 rectum,
851 3301 937 3386 quod
955 3301 1082 3384 dieitur,
1104 3301 1140 3365 in
1157 3301 1276 3364 lienem

122 3413 361 3494 omentumque
380 3411 561 3494 penetrant,
579 3430 646 3472 non
664 3409 706 3472 ab
725 3430 762 3473 eo
783 3407 940 3492 oriuntur,
964 3408 1020 3472 sed
1044 3407 1109 3472 alia
1128 3411 1178 3471 est
1195 3429 1278 3471 vena

120 3520 248 3584 inarum
272 3515 416 3581 omnium
440 3515 547 3600 origo,
577 3536 658 3598 quae
688 3515 728 3580 ad
751 3515 868 3580 iecoris
895 3519 1008 3598 portas
1036 3514 1197 3578 collocata
1219 3517 1277 3578 est.

122 3625 192 3702 Qui
219 3625 276 3687 fiet
297 3622 413 3707 igitur,
436 3625 473 3686 ut
496 3623 607 3686 dexter
630 3620 735 3684 oordis
759 3622 957 3686 ventriculus
981 3643 1135 3686 venarum
1158 3621 1277 3704 prinoi-

122 3733 224 3817 pium
252 3730 311 3812 sit,
338 3751 411 3792 oum
439 3750 542 3812 neque
569 3748 684 3811 venae,
707 3749 787 3811 quas
812 3727 1151 3812 commemoravimus,
1174 3749 1278 3812 neque

119 3841 336 3924 praetereas
360 3835 535 3918 hae„quae
554 3832 588 3898 in
607 3833 698 3897 simis
716 3833 833 3898 ioooris
857 3837 942 3918 sunt,
965 3833 1054 3899 cordi
1073 3833 1279 3899 committan-

120 3943 208 4010 tur?
246 3941 292 4006 At
313 3941 403 4005 iecur
424 3962 490 4005 non
513 3939 609 4005 modo
632 3938 694 4023 his,
718 3940 773 4004 sed
797 3940 871 4004 aliis
890 3939 989 4004 etiam
1014 3940 1173 4018 omnibns,
1196 3962 1278 4024 quae

119 4073 188 4136 per
217 4051 324 4112 totum
348 4068 465 4130 eorpus
494 4049 705 4132 sparguntur,
733 4046 940 4131 coniungitur
962 4067 1021 4130 per
1043 4069 1129 4128 eam,
1156 4068 1278 4130 quase

121 4153 279 4242 gibberis
309 4153 376 4217 eins
404 4153 552 4237 partibus
580 4153 737 4236 exoritur,
767 4175 865 4237 quam
893 4151 1009 4217 medici
1037 4151 1181 4236 plerique
1204 4174 1278 4236 pro-

119 4267 205 4350 pter
243 4259 499 4345 magnitudinem
540 4281 653 4324 cavam
695 4258 876 4344 appellant,
916 4257 1132 4342 Hippocrates
1169 4261 1277 4322 autem

120 4372 267 4450 eiusque
292 4369 469 4430 sectatores
493 4365 655 4449 hepatitin
679 4388 699 4430 a
726 4366 862 4450 viscere,
890 4367 972 4430 unde
996 4364 1167 4449 egreditur.
1213 4365 1277 4435 Ita·

119 4497 191 4562 que
229 4472 366 4536 altorum
399 4471 465 4536 iarn
497 4471 598 4537 habes
632 4474 871 4557 argumentum,
907 4494 970 4557 quo
1003 4471 1092 4536 iecur
1124 4493 1278 4536 venarum

1010 4593 1067 4648 42*
