3246 5148
785 328 1004 398 ..43-

321 512 438 577 operae
470 491 589 576 posuit
645 490 698 556 Sic
730 514 760 576 p.
793 494 859 556 314
892 488 1036 576 ἀπορίαν
1067 494 1233 579 φλυαρίας
1264 492 1408 558 mutavit
1441 489 1479 556 in

319 594 480 682 εὐπορίαν
512 621 562 681 φ.,
593 619 624 682 p.
652 598 717 662 535
743 599 1059 683 παρασκευασμὲνης
1088 601 1123 665 in
1148 595 1478 684 παρεσκευασμένης,

320 729 349 790 p.
374 706 438 770 353
462 706 711 790 διεστρέφοντες
732 705 767 769 in
790 703 1059 789 διαστρέφοντες,
1082 729 1113 790 p.
1132 707 1197 772 589
1221 702 1478 790 ἐπιστασάμεθα

319 813 353 878 in
381 807 649 895 ἐπιστωσάμεθα,
676 834 706 895 p.
730 812 795 875 682
822 809 965 896 μελάνας
992 814 1026 878 in
1053 815 1224 897 μελαι’νας;
1251 835 1283 896 p.
1310 813 1375 877 476
1403 807 1476 894 ἐγὼ

320 916 455 1002 λογισμὲ
469 919 537 982 πᾶν
551 909 569 982 ii
584 913 748 1001 βούλομαι
762 930 871 982 ποιεῖν
889 920 924 983 in
938 921 1000 1003 ἔχω
1019 943 1048 984 κ.
1065 942 1092 984 τ.
1110 924 1154 996 λς
1177 941 1207 1004 p.
1222 919 1287 984 549
1301 915 1408 1006 τούτῳ
1424 919 1476 1006 τῷ

320 1022 502 1108 deiparam
527 1019 678 1107 στόματι,
705 1024 782 1088 ibid.
806 1021 970 1109 σωμάτων
991 1026 1026 1090 iu
1048 1021 1237 1109 στομάτων,
1266 1049 1297 1110 p.
1322 1026 1385 1090 718
1412 1019 1477 1089 διὰ

319 1133 380 1198 τοῦ
410 1127 572 1215 στόματος
598 1131 633 1196 in
664 1126 721 1194 διὰ
747 1131 808 1195 τοῦ
836 1125 1002 1216 σώματος,
1028 1155 1059 1217 p.
1089 1133 1152 1196 706
1183 1128 1247 1216 τὴν
1272 1132 1335 1198 τοῦ
1363 1127 1478 1214 πυρὸς

319 1239 410 1322 μιξιν
433 1236 470 1302 ἐν
491 1247 562 1313 τοῖς
584 1231 697 1313 ἄλλοις
719 1240 895 1321 στοιχείοις
917 1238 951 1302 in
975 1235 1040 1303 σὺν
1060 1263 1088 1304 τ.
1111 1233 1142 1304 ἆ.
1165 1257 1212 1304 στ.
1231 1243 1264 1302 et
1286 1261 1369 1324 quae
1392 1243 1477 1302 sunt

319 1346 452 1429 reliqua
497 1344 671 1409 Praeterea
693 1344 833 1408 distorta
855 1346 956 1410 verba
978 1347 1125 1410 restituit
1146 1369 1177 1430 p.
1196 1347 1262 1410 352
1286 1368 1346 1430 pro
1369 1343 1477 1429 βοφέ·

319 1468 461 1537 στρατον
476 1450 645 1516 scribendo
659 1449 898 1536 φοβέστρατον,
916 1474 946 1535 p.
961 1452 1027 1516 290
1041 1475 1100 1536 pro
1116 1453 1152 1516 οί
1166 1455 1282 1516 λοιποί
1293 1453 1329 1517 ol
1340 1455 1475 1532 πολλοί,

319 1581 351 1642 p.
370 1559 435 1622 342
458 1580 519 1641 pro
541 1552 693 1640 κρύβδην
711 1553 849 1641 κυδρήν.
891 1557 953 1622 Sed
976 1559 1081 1622 multa
1103 1558 1220 1622 menda
1244 1579 1260 1620 e
1283 1558 1474 1622 litterarum

320 1663 574 1729 commutatione
602 1667 675 1727 orta
703 1661 909 1728 Charterium
941 1665 1066 1729 intaeta
1093 1665 1264 1749 reliquisse
1292 1669 1325 1728 et
1353 1687 1391 1729 ex
1417 1665 1474 1748 iis,

320 1791 402 1856 quae
416 1793 515 1854 supra
534 1770 572 1833 de
592 1770 659 1833 edd.
674 1770 732 1834 AB
752 1771 1000 1854 disputavimus,
1019 1775 1111 1854 patet
1129 1775 1162 1834 et
1179 1771 1278 1855 paulo
1297 1770 1393 1853 infra,
1411 1771 1472 1836 ubi

321 1877 463 1942 Kuehuii
487 1876 662 1941 editionem
685 1877 957 1961 examinabimus,
979 1879 1114 1962 patebit
1154 1877 1244 1941 Idem
1262 1877 1471 1942 iudicandum

321 1987 372 2047 est
394 1984 433 2047 de
452 1983 675 2048 emendatione
694 2005 805 2048 eorum
824 1985 1026 2068 mendorum,
1044 2007 1127 2068 quae
1145 1985 1181 2049 in
1199 1985 1330 2050 omissis
1348 1984 1471 2048 litteris

322 2089 459 2176 singulis
481 2091 533 2154 vel
556 2089 695 2174 syllabis
719 2093 878 2156 constant.

406 2196 458 2261 Ad
486 2196 757 2281 orthographiam
785 2198 939 2282 quoniam
967 2220 1005 2262 ea
1032 2199 1197 2283 pertinent
1223 2198 1353 2281 menda,
1385 2219 1470 2282 quae

320 2327 337 2369 e
360 2304 469 2371 verbis
491 2304 577 2369 male
601 2304 776 2368 contractis
799 2304 851 2368 vel
875 2304 1039 2369 distractis
1063 2308 1227 2386 constant,
1252 2305 1291 2368 de
1314 2304 1366 2368 his
1389 2327 1468 2388 quo-

320 2434 381 2496 que
404 2411 436 2477 h.
457 2412 478 2476 l.
502 2411 722 2474 disserendum
745 2412 881 2475 videtur.
927 2409 1116 2475 Charterius
1140 2412 1279 2476 correxit
1301 2411 1467 2494 nonnulla,

319 2519 409 2583 velut
431 2541 461 2602 p.
481 2518 546 2582 350
570 2512 623 2580 ὅτε
647 2510 679 2580 δ’
705 2504 769 2601 ἦρα
787 2518 822 2581 iu
841 2512 894 2582 ὅτε
918 2514 959 2602 δή
983 2512 1012 2600 ῤ’
1039 2521 1182 2602 mutans,
1205 2541 1235 2602 p.
1250 2518 1312 2583 581
1339 2517 1467 2600 ἐραστε-

319 2621 503 2707 ψυγμέναις
525 2624 558 2688 in
582 2621 619 2687 ἐν
641 2634 768 2704 aurea,
796 2647 826 2708 p.
854 2625 919 2688 454
937 2627 1192 2708 παραλείψωμεν
1216 2626 1250 2689 in
1273 2627 1465 2708 παραλείψω

320 2729 398 2814 μέν,
425 2753 456 2814 p.
483 2731 547 2795 478
575 2726 693 2812 potior
719 2731 765 2795 τω
793 2731 827 2794 in
854 2727 1028 2813 βούλοιτο,
1058 2753 1090 2816 p.
1118 2730 1182 2795 596
1214 2731 1335 2795 διοικεῖ
1361 2727 1399 2795 τό
1431 2732 1465 2796 iu

320 2840 496 2917 διοικοῖτο,
519 2858 549 2919 p.
574 2837 635 2900 791
660 2831 810 2920 ὑμνεῖται
839 2837 873 2901 in
896 2833 996 2921 ὑμνεῖ
1015 2860 1049 2901 τε
1073 2841 1106 2901 et
1131 2836 1163 2901 id
1186 2858 1287 2921 genus
1312 2837 1386 2902 alia.
1430 2837 1464 2902 P.

320 2946 383 3011 287
413 2948 491 3008 extr.
519 2943 698 3025 depravata
723 2944 835 3027 lectio,
866 2966 963 3027 quam
991 2944 1026 3008 in
1053 2943 1146 3007 ΜΑΒ
1174 2943 1369 3028 invenimus,
1397 2937 1462 3008 ἔστ’

320 3045 363 3116 δν
389 3046 410 3135 ἡ
437 3052 496 3134 τῆς
523 3051 606 3132 ζωῆς
632 3051 688 3126 είς
713 3054 801 3135 τριά
827 3051 915 3135 παρῇ
944 3048 981 3114 ἐν
1006 3051 1051 3138 τῷ
1075 3046 1216 3134 στόματι,
1244 3073 1261 3114 e
1287 3051 1376 3114 mala
1401 3050 1464 3114 dis-

319 3159 482 3224 iunctione
506 3156 721 3241 syllabarum,
744 3160 781 3221 ut
803 3158 944 3240 videtur,
971 3161 1044 3222 orta
1069 3157 1150 3221 bene
1174 3161 1319 3222 correcta
1342 3157 1376 3222 in
1400 3158 1464 3221 edi·

318 3266 407 3330 tione
436 3263 547 3329 Chart
575 3268 639 3346 est,
666 3263 722 3328 ubi
750 3286 810 3350 pro
838 3265 886 3339 είς
910 3265 986 3346 τρία
1013 3263 1153 3347 legimus
1180 3267 1410 3348 συμμετρίας
1433 3286 1464 3348 p.

321 3371 382 3436 751
409 3371 469 3435 sub
492 3373 545 3434 fin.
569 3364 652 3434 ἀλλὰ
675 3366 742 3454 μὴν
766 3364 838 3436 οὐδ’
866 3365 952 3435 οὕτω
975 3370 1024 3454 M,
1054 3363 1137 3434 ἀλλὰ
1164 3365 1232 3453 μὴν
1255 3366 1372 3435 είδότω
1396 3369 1465 3454 ΑΒ,

319 3471 402 3541 ἀλλὰ
429 3473 654 3565 Μηνοδότῳ
678 3478 759 3541 bene
788 3476 910 3562 Chart3
942 3477 997 3540 sed
1025 3480 1161 3560 utraque
1189 3478 1465 3554 emendationes

318 3588 387 3648 tam
411 3582 582 3648 Charterio
605 3607 702 3668 quam
726 3585 800 3649 aliis
823 3584 970 3662 debetur,
993 3583 1051 3648 illa
1074 3583 1258 3648 Alexandro
1281 3584 1464 3649 Iustiniano

320 3689 417 3773 Chio,
438 3690 519 3754 haee
543 3689 709 3756 Carnario.
754 3691 840 3755 Male
865 3695 973 3754 autem
1001 3691 1113 3754 divisit
1135 3713 1165 3775 p.
1189 3691 1254 3755 564
1278 3691 1321 3755 in.
1344 3687 1464 3754 καθότι

319 3799 353 3863 in
375 3792 478 3878 καθό,
508 3820 539 3860 τι
562 3793 695 3881 (rectius
718 3797 844 3861 Kuehn.
867 3790 945 3860 καθ’
976 3791 1041 3883 ὅτι)
1065 3801 1098 3860 et
1119 3820 1149 3883 p.
1175 3798 1237 3862 757
1266 3791 1380 3862 duda
1403 3795 1464 3882 (sic

318 3902 428 3990 MAB)
449 3904 485 3968 in
507 3898 587 3967 detto
610 3926 656 3977 τις
680 3904 884 3968 scribendum
906 3903 970 3967 fuit
992 3897 1064 3967 ἀλλ’
1090 3898 1149 3968 ὅτι.

406 4011 541 4075 Praeter
553 4010 620 4093 illa,
639 4031 720 4093 quae
735 4013 848 4074 eontra
867 4010 1136 4095 orthographiam
1152 4010 1295 4075 admissa
1309 4011 1392 4093 sunt,
1409 4011 1464 4074 vix

319 4117 406 4183 eliud
420 4140 522 4204 genus
536 4117 725 4182 mendorum
734 4117 934 4201 frequentius
945 4120 995 4180 est
1008 4138 1105 4200 quam
1116 4139 1238 4200 eorum,
1251 4139 1333 4200 quae
1347 4117 1382 4180 in
1401 4121 1464 4180 ter·

318 4226 551 4291 minationibus
579 4225 630 4289 vel
656 4223 835 4289 Nominum
858 4223 909 4287 vel
936 4223 1119 4288 Verborum
1146 4225 1197 4288 vel
1224 4222 1463 4288 Aduerbiorum
1536 4279 1541 4292 .

317 4335 452 4420 peecata
474 4335 558 4398 sunt
602 4331 653 4397 Ex
675 4331 800 4417 ingenti
818 4353 953 4397 numero
977 4330 1135 4396 eiusmodi
1162 4329 1351 4395 mendorum
1370 4329 1465 4396 Basi-
