3296 5150
690 431 842 496 -339
891 467 928 476 -

234 585 352 668 ‘eliseos
380 588 558 674 γινομένης
588 587 643 656 καὶ
671 591 733 656 τοῦ
760 588 797 654 ἐν
825 601 897 667 ταῖς
930 585 1048 675 ὁρμαῖς
1074 589 1296 674 πλεονασμοῦ.
1339 586 1377 656 τὸ

235 694 309 780 ’γὰρ
333 693 459 782 ἄλογον
482 697 572 764 τουτλ
598 695 741 782 ληπτέον
763 690 899 773 ἀπειθὲς
921 694 1009 786 λόγῳ
1033 695 1086 763 καλ
1106 692 1379 782 ἀπεστραμμένον

233 801 305 868 *τὸν
337 801 455 890 λόγον,
486 799 567 870 καθ’
609 799 652 890 ἣν
682 799 794 889 φορὰν
826 801 880 868 καλ
913 801 951 868 ἐν
982 805 1027 892 τῷ
1058 806 1128 868 ἔθει
1161 801 1236 871 τινά
1269 827 1379 890 φαμεν

233 906 412 976 (ὠθεῖσθαι
436 909 490 976 καὶ
520 905 648 996 ἀλόγως
677 909 681 998 Ι
711 910 874 997 φέρεσθαι
903 907 984 978 ἀνευ
1011 908 1114 996 λόγου
1145 911 1298 997 κρίσεως,
1325 909 1446 986 ualens

234 1012 320 1102 οὐχὶ
349 1019 380 1082 εί
407 1018 679 1104 ὃιημαρτημεύως
706 1018 840 1104 φέρεται
866 1016 927 1084 παλ
960 1015 1112 1104 παριθολυ
1143 1044 1173 1085 τι
1207 1014 1288 1083 κατὰ
1320 1015 1413 1083 τὸυο

233 1119 364 1206 ’λόγου,
392 1118 475 1189 ἀλλὰ
503 1118 780 1211 ἀνεστραμμένως
811 1150 845 1192 τε
877 1124 932 1191 καλ
962 1119 1109 1202 ἀπειθῶς
1141 1118 1246 1214 αὐτῷ,
1277 1125 1380 1190 ταῦτα

234 1227 532 1316 ἐπισημαινόμεθα
564 1229 706 1317 μάλιστα
735 1227 814 1298 καθ’
849 1226 892 1317 ἣν
924 1227 1164 1317 ὑπογράφομευ
1195 1227 1307 1316 φορὰν
1339 1225 1381 1297 οὐ

234 1333 431 1422 πεφυκότος
454 1339 516 1404 τοῦ
539 1340 677 1465 λογικοῦ
701 1337 786 1429 ζῴου
808 1347 977 1406 κινεῖσθαι
1001 1335 1107 1416 οὕτως
1129 1335 1210 1442 κατιλ
1232 1335 1296 1424 τὴν
1319 1351 1381 1416 ψυ-

233 1441 319 1529 χήν,
342 1439 425 1510 ἀλλὰ
449 1443 530 1510 κατὰ
552 1442 613 1518 τὸν
636 1442 759 1529 λόγου]
797 1473 816 1531 η
806 1437 965 1532 μὲν
925 1472 989 1513 ουν
1012 1444 1106 1530 ετέρα
1124 1447 1192 1512 τῶν
1213 1447 1275 1512 τοῦ
1293 1449 1382 1531 Χρυ-

233 1555 358 1617 σιππου
397 1547 527 1637 ῥήσεων
565 1552 768 1640 ἐξηγουμένη
805 1551 865 1619 τὸν
897 1551 1062 1637 πρότερον
1097 1554 1165 1619 τῶν
1197 1549 1288 1638 ὅρων
1319 1552 1381 1618 τοῦ
1397 1579 1421 1616 ιο

167 1701 176 1718 .
233 1654 366 1734 πάθους
389 1656 551 1724 ἐνταυθοῖ
570 1661 714 1753 τελευτᾷ..
757 1657 821 1745 τὴν
844 1657 881 1726 ee
904 1656 1105 1742 ὑπόλοιπον,
1129 1648 1209 1724 ἐν
1187 1683 1209 1786 η
1231 1655 1292 1725 τὸν
1315 1657 1380 1725 ἔτε-

234 1789 296 1848 ρον
319 1761 402 1850 ὅρου
426 1763 597 1850 ἐξηγεῖται,
621 1766 853 1852 γεγραμμένην
881 1765 997 1852 ἐφεξῆς
1024 1767 1101 1854 τῇδε
1129 1762 1270 1832 κατὰτὸ
1294 1767 1381 1849 πρῶ-

234 1896 299 1937 του
327 1868 528 2007 oriyypappq
559 1872 634 1959 περὶ
666 1875 787 1939 παθῶν
819 1870 883 1958 ἤδη
916 1891 969 1938 σοι
1002 1871 1253 1959 παραθήσομαι·
1286 1870 1404 1938 κατὰ·

235 1979 345 2044 ’τοῦτο
370 1975 406 2044 (ll
435 1980 489 2046 καὶ
513 1975 531 2046 6
564 1977 771 2066 πλεονασμὸς
797 1982 856 2064 τῆς
883 1975 987 2065 ὁρμῆς
1015 1988 1140 2066 εῐρηται
1170 1976 1225 2046 διὰ
1252 1976 1289 2046 τὸ
1316 1977 1380 2064 τὴν

270 2169 383 2236 3τιυάς
406 2175 486 2229 codd
510 2175 571 2230 edd.
596 2173 659 2230 τιυά
683 2192 798 2230 noa—
825 2170 903 2236 loir
922 2193 947 2228 ει
942 2173 1055 2229 ’ΜΑΒ
1074 2169 1138 2230 οὔτε
1159 2172 1188 2228 εἰ
1209 2173 1289 2230 Corn.
1316 2169 1380 2259 οὗγλ

234 2243 262 2299 ελ
277 2245 321 2300 Al
345 2245 417 2300 Just
437 2244 508 2300 ChK
531 2246 579 2300 παλ
598 2241 663 2316 οάγλ
689 2243 717 2299 εἰ
739 2261 800 2312 nos;
824 2246 859 2300 cf.
884 2245 967 2300 Proll
992 2266 1019 2316 p.
1043 2253 1142 2300 65.—
1171 2249 1274 2315 fipost
1296 2241 1380 2316 λόγον

234 2315 399 2372 inseruimus
418 2311 522 2371 6226'
504 2314 743 2387 ἀπεστραμμένος
762 2337 790 2371 τε
810 2317 859 2370 παλ
874 2311 1004 2379 ἀπειθῶς
1018 2311 1094 2380 αὐτῶ
1115 2316 1177 2371 coll.
1190 2335 1222 2399 p
1240 2323 1291 2372 386
1310 2321 1380 2372 extr.

234 2387 351 2456 Ketp
354 2393 429 2442 371
455 2389 507 2442 sub
530 2387 575 2442 fin.
595 2389 619 2442 K
644 2393 680 2474 (p.
700 2393 765 2452 342,
787 2395 819 2441 10
839 2387 881 2444 ed.
901 2391 994 2456 n.-—)
1021 2394 1035 2442 ἰ·
1065 2375 1134 2441 6216
1158 2383 1276 2458 μάλιστα
1299 2387 1379 2442 codd.

233 2458 295 2512 edd.
314 2406 384 2543 6226
403 2459 618 2515 delevimus-
646 2455 810 2528 οπογράφει
835 2459 915 2513 codd.
941 2459 1003 2514 edd.
1029 2408 1235 2528 ὁπογράφμομευ
1261 2475 1379 2514 nes.—

234 2539 250 2584 8
269 2525 419 2599 πεφυκότα
438 2530 514 2586 Μ.-
517 2537 582 2586 -10
602 2527 760 2601 ἔξηγημευη
779 2529 869 2584 M.

238 2659 450 2667 ι--α--ο-ι

233 2730 414 2814 pellitur,
442 2729 487 2794 ad
515 2752 623 2816 quern
657 2729 842 2813 impetum
876 2729 1164 2795 accommodata
1191 2734 1249 2793 est
1276 2731 1379 2794 utra-

234 2859 305 2922 que
329 2835 533 2918 definitio,
561 2858 634 2900 una
656 2835 932 2901 commotionis
960 2840 1099 2901 eontra
1121 2839 1300 2902 naturam
1324 2837 1379 2901 sie

233 2948 381 3008 temere
414 2945 451 3007 et
488 2941 783 3008 irrationaliter
814 2942 961 3024 factae,
999 2943 1125 3006 altera
1160 2943 1304 3007 nimiae
1342 2943 1379 3007 in

234 3051 413 3134 appetitu
451 3048 730 3114 vehementiae.
789 3047 1027 3114 Inrationale
1062 3049 1162 3113 enim
1194 3049 1250 3114 ita
1282 3049 1381 3114 acei-

234 3157 428 3240 piendum‚
456 3161 497 3220 ut
524 3157 580 3221 sit
607 3156 756 3221 rationi
782 3179 859 3222 non
888 3155 1159 3240 obtemperans
1189 3178 1381 3221 aversum·

234 3287 304 3348 que
328 3289 347 3328 a
366 3265 534 3346 ratione,
557 3287 631 3348 qua
655 3263 1040 3348 persuasioneetiam
1065 3260 1231 3328 solemus
1251 3263 1380 3328 dicere

234 3372 405 3456 aliquem
421 3370 591 3456 propelli
612 3393 653 3435 ae
667 3375 812 3434 temere
827 3370 912 3434 sine
928 3369 1073 3435 iudicio
1088 3370 1256 3437 rationis
1270 3371 1379 3458 ferri3

233 3500 355 3562 neque
389 3479 419 3542 si
453 3480 641 3542 aberrans
674 3477 801 3542 fertur
833 3475 976 3562 aliquis
1010 3477 1072 3542 vel
1106 3478 1259 3543 incuria
1291 3501 1381 3564 qua-

234 3585 318 3648 dam
350 3585 391 3649 in
423 3585 578 3649 ratione
605 3583 771 3666 labitur,
800 3584 863 3649 sed
892 3585 923 3647 si
951 3606 1113 3649 aversus
1147 3584 1380 3671 minimeque

234 3691 505 3775 obtemperans
521 3691 555 3755 ei
570 3695 643 3774 est,
657 3689 718 3754 his
734 3691 864 3756 verbis
880 3690 1155 3774 significamus
1171 3693 1379 3758 secundum

234 3819 315 3862 earn
340 3799 584 3880 potissimum
608 3798 894 3882 impulsionem,
918 3820 1029 3883 quam
1053 3799 1381 3883 adumbravimus,

234 3904 376 3988 quippe
400 3927 481 3970 eum
499 3909 639 3970 natura
657 3906 714 3969 ita
733 3909 999 3989 comparatum
1018 3907 1161 3972 animal
1185 3907 1380 3972 rationale

235 4010 299 4094 sit,
327 4016 462 4098 utnon
486 4035 528 4078 eo
558 4013 671 4077 modo
699 4015 899 4077 moveatur
928 4013 1092 4098 animus,
1121 4013 1184 4079 sed
1208 4012 1380 4079 ratione.'

235 4118 342 4202 Atque
380 4140 462 4183 unns
496 4117 673 4202 Chrysippi
707 4119 812 4204 loeus,
847 4142 910 4203 quo
950 4119 1091 4202 priorem
1122 4121 1379 4205 perturbationis

234 4222 456 4292 definitionem
476 4225 638 4309 explanat,
661 4225 714 4290 hie
733 4225 862 4291 desinit.
899 4224 1057 4311 Alterum,
1075 4248 1140 4311 quo
1159 4227 1380 4292 definitionem

234 4332 373 4396 alteram
397 4333 546 4415 explieat,
569 4337 645 4415 post
672 4333 763 4397 illum
786 4333 937 4417 deinceps
961 4333 995 4397 in
1018 4334 1124 4418 primo
1153 4335 1193 4398 de
1215 4334 1380 4418 perturba-

234 4438 378 4505 tionibus
402 4439 558 4523 seriptum
583 4438 642 4502 tibi
668 4440 733 4504 iam
758 4441 963 4504 subnectam:
1010 4439 1083 4505 ‘Ad
1110 4440 1208 4506 hune
1231 4442 1379 4506 modum

1114 4547 1167 4600 λλ*
