3298 5136
651 465 670 472 ··
744 427 805 491 199
853 464 896 472 —-

196 583 275 664 τούς
297 585 338 651 δέ
358 611 393 670 γε
416 581 498 651 κατὰ
526 583 586 652 τὸν
608 588 741 671 πρῶτον
764 582 958 651 σπόνδνλον
987 580 1147 670 ὁσημέραι
1172 587 1344 671 διατεμνο-

196 693 318 778 μένους
340 691 484 778 ταύρους
501 690 564 777 τὴν
583 697 723 778 ἐκφυσιν
741 693 802 758 τοῦ
826 696 984 758 νωτιαίου
1002 694 1128 777 μυελοῦ
1145 693 1344 776 παραχρῆμα

196 797 355 884 θεώμεθα
388 799 432 884 μὴ
466 795 516 866 ὅτι
550 801 689 884 δραμεῖν
721 802 767 865 ἔτι
801 797 1024 883 δυναμένους,
1057 793 1140 864 ἀλλὰ
1177 795 1261 882 μηδὲ
1291 797 1343 863 ἐπὶ

197 903 369 990 ἐλάχιστον
395 909 576 992 προβῆναι,
609 903 855 972 συναπόλλυται
886 902 922 970 δὲ
954 899 1068 980 αὐτοῖς
1099 900 1165 990 ἅμα
1192 905 1233 991 τῇ
1259 906 1343 992 τομῇ

196 1011 250 1078 καὶ
278 1007 294 1078 ν’
326 1007 478 1097 ἀναπνοὴ
507 1011 560 1078 καί
589 1008 610 1097 ἡ
638 1009 748 1098 φωνή·
779 1010 834 1077 καὶ
862 1007 926 1096 γὰρ
958 1009 1013 1075 καὶ
1045 1008 1180 1088 ταύταις
1207 1007 1369 1077 ἄνωθένε

196 1118 286 1184 ἐστιν
308 1115 328 1204 ἡ
353 1114 447 1204 ἀρχή.
487 1115 550 1204 τὴν
572 1119 685 1204 μέντοι
708 1099 851 1204 καρδίαν
874 1117 925 1182 ἐπὶ
948 1119 1015 1182 τῶν
1039 1113 1126 1183 οὕτω
1150 1117 1343 1200 πληγέντων

194 1223 327 1310 ταύρων
351 1228 441 1291 ἐστιν
465 1228 550 1291 ίδεῐν
574 1222 648 1310 ἄχρι
672 1229 829 1292 πλείστου
852 1223 1047 1308 σφύζουσαν
1064 1220 1131 1309 ἅμα
1150 1236 1222 1302 ταῖς
1244 1219 1341 1310 ἀρτη-

195 1337 281 1416 ριάις
308 1327 462 1408 ἁπάσαις·
498 1327 540 1398 ού
567 1327 631 1416 γὰρ
659 1329 701 1416 δὴ
730 1330 785 1397 καί
812 1328 952 1428 ταύταις
974 1356 1010 1416 γε
1039 1329 1128 1416 παρὰ
1156 1327 1341 1414 ἐγκεφάλου

193 1435 229 1504 τὸ
255 1435 393 1524 σφύζειν
421 1439 528 1522 ἐστίν,
557 1434 666 1523 ὥσπερ
695 1433 774 1505 ούδέ
798 1433 881 1524 αὐτῇ
909 1439 948 1525 τῇ
972 1439 1101 1524 καρδίᾳ.
1147 1431 1192 1516 ὥς
1218 1433 1282 1522 γὰρ
1307 1439 1344 1502 αί

193 1542 339 1630 κινήσεις
362 1543 476 1630 ἑτέρον
499 1544 618 1629 γένους
641 1547 738 1627 είσίν,
761 1541 849 1611 ούτω
872 1544 926 1610 καί
954 1546 1023 1610 τῶν
1046 1539 1158 1630 ἀρχῶν
1182 1539 1340 1628 οὐδετέρα
1356 1568 1380 1604 ro

193 1654 384 1737 προσδεῖται
407 1654 465 1736 τῆς
489 1649 614 1734 ἑτέρας,
642 1647 725 1718 ἀλλά
756 1650 846 1716 ἐστιν
874 1647 980 1728 οὕτως
1003 1647 1023 1736 ἦ
1049 1676 1084 1716 τε
1107 1654 1229 1736 καρδία
1251 1648 1339 1736 πηγὴ

192 1759 250 1842 τῆς
272 1754 354 1824 κατὰ
382 1755 461 1834 τοὺς
484 1754 660 1842 σφυγμοὺς
685 1755 846 1842 κινήσεως
869 1753 888 1823 ὅ
910 1781 944 1822 τε
969 1756 1150 1841 ἐγκέφαλος
1177 1759 1239 1842 τῆς.
1257 1753 1339 1822 κατὰ

192 1869 387 1951 προαίρεσιν
410 1860 493 1930 ούδέ
509 1864 599 1930 ἐστιν
619 1861 730 1941 οὐδεὶς
748 1861 857 1948 λόγος,
881 1861 917 1941 dg
935 1859 1116 1948 ἀναγκάσει
1134 1870 1215 1950 μίαν
1234 1858 1340 1948 ἀρχὴν

192 1968 330 2038 ἁπασῶν
362 1967 447 2038 εἶναι
475 1973 543 2037 των
573 1968 655 2036 κατὰ
691 1967 726 2038 τὸ
762 1971 846 2060 ζῷον
878 1971 1066 2057 ἐνεργειῶν·
1099 1968 1175 2038 ούτε
1203 1967 1267 2057 γὰρ
1295 1965 1340 2048 ὡς

192 2074 254 2144 οὐκ
273 2077 501 2163 ἐνδεχομένων
519 2072 605 2142 εἶναι
631 2080 764 2144 πολλῶν
787 2073 865 2143 οὔθ’
892 2073 937 2155 ως
960 2075 1004 2163 μὴ
1029 2073 1090 2162 οὐχ
1110 2073 1197 2144 οὕτω
1220 2102 1338 2161 (μαινο-
1354 2098 1379 2137 1⁵

191 2185 303 2270 μένων
332 2183 493 2264 ἐπιδείξει.
545 2178 628 2250 ἀλλὰ
659 2183 732 2270 περὶ
760 2183 822 2270 μὲν
849 2181 971 2250 τούτου
999 2179 1063 2250 κάν
1089 2198 1159 2261 τοῖς
1187 2183 1260 2270 ἑξῆς
1287 2182 1338 2248 ἐπὶ

191 2292 293 2358 πλέον
317 2287 456 2374 [αὐτοῖς]
487 2290 686 2376 διαλέξομαι.
736 2290 813 2357 νυνὶ
842 2289 878 2356 δέ
907 2286 961 2374 ἐφ’
988 2287 1068 2376 ὅπερ
1095 2295 1211 2376 ἔλεγον
1238 2280 1339 2366 αὖθις

195 2431 225 2438 u·-

229 2497 240 2543 1
262 2489 311 2542 τοῦ
338 2486 369 2542 δέ
396 2489 425 2544 G.
453 2519 485 2526 -
516 2485 740 2557 διατεμνομένου
765 2481 872 2556 ταύρου
896 2485 924 2540 C.
957 2519 988 2526 -
1023 2493 1039 2540 2
1065 2480 1221 2554 ἐμφύσησιν
1245 2487 1274 2542 O.
1303 2519 1335 2527 —-

193 2567 224 2613 15
244 2555 281 2622 ὡς
300 2555 336 2646 μὴ
358 2555 408 2628 ούχ
428 2552 517 2642 οὕτως
537 2553 652 2640 ΟΜιὼς
678 2553 715 2627 μὴ
740 2550 831 2621 ούτως
854 2559 998 2613 ABChK.
1020 2589 1050 2599 —
1080 2566 1112 2614 16
1137 2552 1287 2624 ἐπιδείξεις
1306 2559 1336 2614 C.

191 2661 223 2671 -
245 2637 277 2685 17
297 2638 393 2692 αυτοῖς
412 2646 490 2684 uncis
508 2630 679 2685 melnannus.
699 2660 732 2670 —

190 2830 403 2902 divelluntur:
430 2822 585 2913 quamdiu
612 2833 723 2894 tamen
746 2829 840 2912 vivit,
872 2830 1026 2913 respirat,
1058 2851 1171 2895 vocem
1205 2830 1337 2914 emittit,

190 2937 299 3002 currit.
352 2937 475 3014 Quibus
502 2957 580 3000 vero
610 2935 727 3018 tauris,
759 2937 791 3000 id
820 2937 904 3020 quod
935 2936 1079 3021 quotidie
1111 2936 1218 3000 videre
1250 2936 1336 3019 licet,

190 3044 277 3108 dorsi
300 3043 460 3106 medullae
484 3045 614 3108 exortus
638 3042 678 3106 ad
706 3043 847 3125 primam
875 3044 1060 3109 vertebram
1088 3041 1282 3127 dissecatur,
1310 3043 1336 3108 ii

188 3151 276 3216 illico
299 3172 365 3215 non
388 3149 484 3216 modo
506 3171 572 3214 non
596 3171 736 3232 currere,
765 3151 821 3214 sed
843 3173 883 3215 ne
911 3151 1078 3234 paulutum
1107 3147 1236 3232 quidem
1263 3173 1335 3234 pro-

189 3257 279 3342 gredi
300 3257 439 3341 amplius
459 3259 597 3340 possunt
616 3261 648 3320 et
672 3257 768 3322 simul
788 3281 861 3322 cum
880 3257 1037 3323 incisione
1059 3256 1118 3320 illa
1141 3259 1174 3320 et
1195 3259 1334 3342 respira-

188 3364 235 3428 tio
259 3368 292 3428 et
315 3386 376 3429 vox
400 3363 579 3446 evanescit,
610 3363 729 3428 etenim
753 3364 923 3429 ethorum
948 3364 1040 3450 origo
1070 3387 1089 3428 a
1113 3364 1334 3446 superioribus

188 3471 336 3554 partibus
359 3469 588 3556 proficiscitur3
613 3474 725 3535 eontra
745 3494 800 3537 eor
822 3472 857 3536 in
874 3472 990 3537 iisdem
1013 3471 1114 3535 videri
1138 3473 1248 3554 potest
1269 3495 1335 3538 una

188 3599 261 3642 eum
285 3578 413 3642 arteriis
433 3577 583 3642 omnibus
602 3577 731 3661 pulsare
750 3579 942 3662 diutissime,
965 3575 1039 3663 quia
1063 3576 1116 3642 his
1139 3601 1205 3643 non
1227 3579 1334 3666 magis

188 3707 284 3770 quarn
304 3685 392 3751 cordi
416 3683 480 3767 ipsi
499 3683 696 3768 principium
716 3707 735 3748 a
754 3686 886 3751 cerebro
905 3686 1018 3751 oritur.
1056 3683 1333 3761 Quemadmodum

187 3791 273 3856 enim
297 3791 457 3858 motiones
476 3791 622 3855 diversae
645 3813 761 3875 genere
785 3796 869 3876 sunt,
892 3793 939 3856 ita
961 3795 1112 3856 neutrum
1135 3793 1333 3878 principium

187 3898 290 3964 altero
309 3899 435 3983 indiget
454 3901 565 3981 estque
585 3920 640 3962 cor
657 3897 820 3982 pulsuum,
844 3899 1010 3964 cerebrum
1029 3899 1205 3964 voluntarii
1224 3905 1332 3966 motus

186 4004 260 4068 sons
282 4026 385 4088 neque
405 4005 471 4068 ulla
495 4005 579 4069 ratio
603 4005 711 4068 afferri
734 4010 852 4089 potest,
876 4028 958 4092 quae
978 4005 1121 4070 omnium
1145 4006 1179 4069 in
1198 4006 1331 4070 animali
1391 4027 1396 4040 ·

185 4109 388 4176 functionum
411 4133 510 4176 unum
538 4113 664 4176 tantum
689 4111 886 4195 principium
910 4135 979 4177 esse
1008 4116 1113 4198 cogat.
1159 4111 1221 4188 Qui
1245 4113 1331 4177 enim

186 4216 351 4280 constabit
382 4219 438 4281 aut
465 4218 535 4282 fieri
563 4240 628 4282 non
657 4241 767 4302 posse,
795 4221 832 4282 ut
863 4219 966 4284 multa
998 4220 1077 4302 sint,
1109 4222 1166 4284 aut
1193 4242 1226 4282 re
1254 4241 1332 4284 vera

184 4322 233 4386 ita
256 4343 377 4388 senon
401 4323 546 4388 habere?
592 4324 714 4390 Verum
740 4325 802 4390 hae
826 4326 864 4390 de
888 4348 922 4390 re
945 4327 980 4390 in
1003 4325 1212 4412 sequentibus
1236 4325 1329 4392 libris

185 4428 313 4514 longior
332 4429 412 4494 mihi
433 4431 611 4516 disputatio
632 4431 701 4496 erit.
742 4429 836 4498 Nune
856 4433 951 4497 redeo
971 4433 1012 4497 ad
1030 4432 1073 4518 id,
1091 4433 1130 4497 de
1149 4455 1213 4518 quo
1233 4433 1328 4498 modo
