3166 5192
542 479 784 543 —5312

84 637 213 722 μεγάλα
238 637 300 704 δύο
324 638 510 723 σχιζομένη,
533 635 612 722 πρίν
635 637 687 702 ἐπὶ
710 634 774 720 τὴν,
796 640 938 722 καρδίαν
962 635 1136 716 ἐξικέσθαι.
1177 637 1231 703 καὶ

84 745 187 810 τοῦτο
209 747 289 811 πάσι
313 743 374 830 μὲν
402 740 540 829 ὑπάρχει
564 740 685 828 σχεδὸν
708 755 778 820 τοῖς
799 755 951 828 πτηνοῖς,
979 738 1081 808 ἅπασι
1105 741 1142 808 ὄλ
1164 758 1235 820 τοῖς

86 849 226 934 ἕρπουσα
249 851 304 917 καί
332 854 400 918 τῶν
426 847 634 935 βαδιζόντων
661 845 723 916 οὐκ
752 845 890 934 ὀλίγοις·
919 845 1003 914 ῶστε
1030 847 1069 914 τὰ
1099 855 1234 915 πλείστα

85 960 155 1022 τῶν
180 955 272 1046 ζῴων
294 955 356 1044 τὴν
380 963 497 1044 κοίλην
520 958 626 1042 φλέβα
644 959 826 1042 προφανῶς
849 956 882 1035 ἐξ
905 951 1029 1041 ἥπατος
1051 959 1116 1041 ἔχει
1140 951 1237 1042 άρχο·

86 1064 204 1149 μένην.
249 1065 397 1150 ἐναργῶς
425 1063 488 1151 γάρ
516 1061 632 1150 ὁρᾶται
662 1061 839 1130 διπλάσιον
871 1057 953 1148 εὐρὺ
980 1059 1017 1128 τὸ
1047 1062 1079 1142 ἐξ
1108 1063 1238 1130 ἐκείνου
1265 1081 1278 1121 ν

87 1174 151 1236 τοῦ
178 1169 370 1257 σπλάγχνου
398 1171 570 1257 φυόμενον
598 1168 734 1256 ἀγγεῖον
762 1171 926 1256 ἑκατέρων
953 1171 1022 1236 τῶν
1049 1168 1238 1255 τμημάτων,

89 1275 137 1355 ῶς
155 1275 221 1364 ἅμα
242 1281 317 1363 δίχα
341 1281 399 1364 τῆς
417 1283 531 1362 κοίλης
549 1278 698 1344 ἐνταῦθα
717 1282 918 1362 σχισθείσης.
954 1279 985 1342 εί
1002 1274 1037 1342 (ll
1058 1271 1239 1363 εὐρύτερον
1301 1358 1307 1370 .

87 1409 167 1450 ποτε
197 1384 344 1471 θάτερον
376 1386 432 1452 ἐπί
459 1411 552 1464 τινος
582 1381 667 1474 ζῴου
699 1391 854 1469 φαίνοιτο
887 1384 1035 1468 θατέρου
1061 1381 1238 1470 τμήματος,

88 1487 173 1556 ἀλλὰ
197 1490 433 1579 σνναμφότερά
457 1495 555 1581 χειῇ
579 1497 673 1580 κοίλη
698 1492 795 1577 φλεβὶ
818 1491 1000 1576 προφανῶς
1024 1491 1028 1578 Ι
1054 1489 1144 1557 ἐστιν
1167 1499 1301 1576 luam

14 1649 16 1658 ,
90 1595 200 1682 μόνον
219 1593 261 1664 οὐ
284 1597 363 1685 μετά
382 1602 498 1685 φωνῆς
522 1597 747 1687 ἕρμηνεύοντα
769 1595 832 1684 τὴν
855 1596 917 1683 μὲν
936 1589 1010 1664 οἷόν
1033 1624 1065 1664 τι
1088 1598 1239 1685 πρέμνον
1253 1621 1278 1659 ιο

89 1699 267 1789 ὑπάρχειν,
296 1701 380 1772 αὐτὰ
405 1704 439 1772 (ll
465 1701 528 1772 άπὸ
553 1705 680 1791 ἐκείνης
703 1707 905 1790 γεγενῆσθαι
933 1709 1127 1791 σχισθείσης
1150 1701 1238 1774 οἷόν-

89 1835 152 1896 περ
184 1810 330 1890 κλάδους
361 1809 455 1890 τινὰς
486 1807 507 1897 ἢ
539 1813 593 1879 καί
625 1815 762 1890 κλῶνας.
820 1807 862 1878 οὐ
893 1810 1002 1898 μόνον
1030 1812 1066 1878 δὲ
1095 1809 1114 1900 ἡ
1143 1818 1238 1900 κοίλη

89 1916 179 2002 φλὲψ
203 1919 238 1985 ἐκ
260 1921 328 1985 τῶν
347 1921 478 2005 κυρτῶν
500 1921 561 1984 τοῦ
580 1917 704 2004 ἥπατος
722 1919 916 2004 ἐκπέφυκεν,
940 1915 1097 1987 ἀλλὰκαὶ
1117 1919 1239 1989 ἐκτῶν

90 2027 200 2110 σιμῶν
223 2024 317 2111 ἑτέρα
339 2025 443 2109 φλέψ,
466 2019 510 2111 ἣν
534 2029 570 2092 ol
590 2024 652 2113 μὲν
675 2023 876 2114 ὀνομάζουσι
904 2025 1011 2106 πύλας
1039 2024 1177 2112 ἥπατος,
1206 2033 1242 2095 οί

14 2197 16 2204 ,
91 2128 126 2194 (ll
156 2128 218 2215 τὴν
247 2130 298 2196 ἐπί
326 2129 457 2210 πύλαις·
491 2129 532 2198 οὐ
563 2130 627 2218 γὰρ
656 2129 698 2217 δὴ
732 2129 815 2217 ὅλην
845 2158 881 2218 γε
909 2133 972 2219 τὴν
999 2134 1105 2218 φλέβα
1132 2133 1238 2215 πύλας
1253 2154 1278 2194 1⁵

90 2233 263 2322 ὑπάρχειν,
286 2231 369 2304 άλλά
394 2233 477 2303 ὅσον
500 2239 632 2323 πρῶτον
651 2233 753 2322 αὐτῆς
776 2239 894 2326 ἐξίσχει
918 2243 978 2306 τοῦ
1001 2236 1134 2324 ἥπατος,
1158 2239 1238 2330 ὅπερ

128 2457 143 2504 2
163 2443 255 2504 ἅπασί
270 2471 298 2504 ιε
319 2449 398 2506 codd.
413 2449 475 2504 edd.
494 2443 584 2505 άπασι
603 2449 635 2505 ol
655 2467 712 2506 nos.
729 2481 761 2490 -—
781 2456 797 2504 3
818 2445 870 2506 οάκ
889 2468 944 2506 om.
959 2453 995 2506 M.
1016 2483 1047 2492 -
1069 2461 1084 2506 5
1105 2445 1173 2523 εῧρη
1188 2473 1238 2524 pro

93 2517 162 2590 εὐρύ
182 2523 218 2576 Μ.
240 2553 270 2561 -
294 2529 326 2576 ¹0
345 2517 468 2592 μονονοὺ
488 2522 567 2578 codd.
588 2522 649 2577 edd.
668 2517 757 2592 μόνον
776 2517 811 2575 οὖ
830 2539 888 2578 nos.
909 2553 941 2562 —
964 2531 993 2577 ll
1016 2517 1137 2594 ὑπάρχει
1151 2527 1188 2580 Μ.
1205 2559 1236 2566 -

93 2588 128 2717 {a
148 2589 258 2682 {aalma
274 2595 341 2718 ilio)
367 2593 402 2647 M.
431 2626 440 2632 -
489 2599 520 2648 13
540 2592 617 2661 φλέψ
640 2586 677 2661 ἣν
700 2589 730 2646 oi
752 2591 805 2662 μὲν
827 2588 998 2664 ὀνομάζουσι
1022 2591 1113 2658 πάλας
1130 2589 1238 2663 ἥπατος

109 2684 256 2732 ausoauso
305 2697 364 2719 .—

94 2879 282 2965 priuaquam
314 2903 370 2944 cor
406 2881 563 2964 attingat,
602 2881 635 2946 in
672 2882 751 2944 duas
784 2902 919 2966 magnas
952 2887 1062 2967 parles
1096 2885 1238 2949 cernitur

94 2985 241 3070 discindi,
262 2987 296 3052 id
320 2987 404 3072 quod
428 2988 579 3052 omuibus
602 2987 669 3052 fere
698 2986 883 3052 volucribus
907 2989 1069 3072 contingit
1096 2990 1237 3075 itemque

94 3092 243 3158 omnibus
272 3094 475 3178 reptantibus
508 3095 789 3180 gradientiumque
816 3116 883 3159 non
914 3095 1040 3177 paucis,
1072 3099 1109 3159 ul
1136 3098 1237 3161 mani-

93 3199 211 3264 festum
240 3200 284 3264 sil
311 3201 344 3265 in
373 3201 535 3286 plerisque
563 3200 760 3266 animalibus
788 3223 902 3264 cavam
934 3223 1049 3265 venam
1080 3225 1100 3265 a
1131 3202 1237 3268 iecore

94 3307 252 3391 originem
276 3308 404 3374 habere.
442 3308 509 3372 Vas
535 3301 668 3391 scilicet,
691 3307 812 3392 quode
837 3307 959 3372 viscere
982 3306 1045 3372 hoc
1065 3309 1255 3394 egreditur*

94 3410 191 3496 duplo
214 3413 313 3478 latius
337 3419 474 3499 utraque
494 3415 674 3499 propagine
698 3414 808 3498 palam
827 3414 1035 3496 conspicitur,
1059 3417 1151 3498 quasi
1176 3415 1236 3480 hoc

94 3515 165 3582 loco
188 3539 270 3583 vena
289 3520 362 3602 ipsa
386 3521 538 3586 bifariam
558 3519 734 3584 scindatur.
771 3519 925 3595 Quamvis
949 3523 1057 3584 aulem
1076 3522 1237 3586 inlenlum

95 3621 128 3687 in
158 3623 266 3706 aliquo
299 3627 433 3692 animali
467 3627 571 3692 altera
601 3649 638 3690 ex
678 3627 730 3690 his
763 3627 911 3709 partibus
940 3627 1040 3690 latior
1072 3633 1238 3711 appareat,

96 3729 208 3794 ambas
231 3737 340 3798 tamen
363 3735 460 3798 simul
488 3755 586 3798 cavae
610 3756 709 3798 venae
738 3732 889 3816 aequales
913 3755 982 3796 esse
1007 3737 1155 3817 apertum
1179 3739 1238 3818 est,

95 3841 129 3898 ut
152 3839 279 3902 cantum
302 3861 367 3904 non
391 3863 468 3906 voce
491 3841 654 3905 declarent
678 3841 768 3904 illam
792 3844 958 3924 tamquam
983 3843 1131 3904 truncum
1156 3863 1237 3922 esse,

95 3965 127 4006 se
151 3944 239 4028 ipsas
263 3946 304 4009 ab
328 3968 367 4010 ea
389 3947 525 4012 discissa
548 3951 715 4030 tamquam
740 3970 848 4012 ramos
872 3945 1029 4030 quosdam
1055 3945 1104 4010 vel
1129 3969 1237 4010 suren·

94 4051 142 4115 los
166 4055 259 4116 natas
284 4075 362 4116 esse.
398 4053 467 4118 Neo
491 4059 617 4118 lautum
637 4077 716 4118 cava
740 4075 756 4116 e
780 4053 895 4118 iecoris
920 4053 1068 4138 gibbosis
1088 4053 1237 4136 partibus

95 4159 250 4242 exoritur,
276 4177 387 4222 verum
416 4159 515 4224 eliam
544 4182 560 4223 e
589 4161 740 4224 concavis
768 4161 884 4242 altera,
913 4181 994 4244 quae
1024 4183 1041 4220 a
1071 4157 1236 4222 nonnullis

95 4269 188 4346 porta
210 4265 342 4348 iecoris,
366 4266 406 4330 ab
431 4267 504 4330 aliis
530 4288 610 4330 vena
633 4267 667 4330 in
694 4271 789 4350 porta
813 4269 1031 4348 nuncupatum
1060 4285 1126 4328 non
1151 4263 1237 4327 euim

95 4375 197 4437 totam
220 4371 312 4438 illam
340 4395 454 4438 venam
483 4375 612 4456 portam
641 4395 709 4436 esse
739 4373 843 4454 aiunl,
872 4372 926 4434 sed
955 4375 1080 4454 partem
1110 4374 1237 4435 tantum

96 4479 161 4542 eius
185 4501 267 4564 eam,
290 4503 372 4565 quaa
396 4480 502 4564 prima
525 4501 542 4542 e
566 4477 670 4542 iecore
695 4483 811 4560 exstat,
834 4501 916 4562 quac
940 4477 1068 4561 quidem
1092 4479 1236 4543 omnium

970 4586 1025 4634 34*
