3444 5140
673 412 917 478 —753-

221 570 286 636 ‘nal
310 565 435 657 ἀνδρὸς
456 567 476 656 ἡ
502 566 586 657 αύτὴ
617 570 719 656 φύσις
750 573 797 648 εἰς
820 566 976 655 φυλακὴν
1008 567 1151 652 πόλεως,
1183 565 1272 654 πλὴν
1304 565 1367 635 ὅσα

113 723 119 733 ·
220 674 251 762 ‘ri
275 677 338 763 μὲν
376 674 615 764 ἀσθενεστέρα,
650 673 726 762 ἡδ’
753 677 950 764 ἰσχυροτέρα
979 676 1057 742 ἐστι’.
1102 680 1266 760 φαίνεται.
1312 675 1367 742 καὶ

220 785 387 869 ’γυναῖκες
410 781 474 870 ἀρα
498 787 536 850 αλ
554 787 704 851 τοιαῦται
727 797 798 861 τοῖς
820 782 986 861 τοιούτοις
1012 778 1179 867 ἀνδράσιν
1203 782 1365 848 ἐκλεκτέαι

221 891 398 970 Ἓονοικεῖν
434 891 546 957 τεκαὶ
582 887 841 976 ξομφνλάττειν,
879 891 1009 977 ἐπείπερ
1046 889 1133 955 εἰσὶν
1175 887 1284 954 ἱκαναὶ
1312 887 1367 954 καὶ

221 998 400 1082 ’ξυγγενεῖς
422 993 535 1075 αὐτοῖς
556 995 619 1084 τὴν
641 995 756 1082 φύσιν.
800 995 891 1064 πάνυ
913 1023 960 1082 με.
1005 994 1044 1062 τά
1068 992 1100 1062 δ’
1127 993 1394 1082 έπιτηδεύμαται

221 1099 275 1170 ‘oi
310 1100 414 1170 ταύτὰ
446 1101 610 1172 ἀποδοτέα
645 1117 718 1182 ταῖς
753 1100 869 1181 αύταῖς
905 1101 1043 1188 φύσεσι;
1079 1099 1194 1170 ταύτά.
1242 1099 1367 1188 ἥκομεν

222 1207 297 1296 (ἄρα
334 1214 381 1288 εἰς
416 1209 456 1277 τὰ
492 1209 636 1297 πρότερα
671 1208 927 1298 περιφερόμενοι
963 1210 1019 1277 καὶ
1057 1207 1288 1296 ὁμολογοῦμεν
1321 1208 1366 1294 μὴ

222 1315 320 1402 επαρὰ
353 1315 459 1402 φύσιν
492 1318 575 1384 εἶναι
607 1332 679 1395 ταῖς
701 1320 769 1384 τῶν
801 1315 962 1402 φυλάκων
985 1317 1115 1403 γυναιξὶ
1139 1314 1304 1403 μουσικήν
1333 1341 1367 1381 τε

221 1422 286 1488 εκαλ
310 1422 540 1510 γυμναστικὴν
561 1419 771 1490 ἀποδιδόναι.
807 1421 996 1490 παντάπασι
1019 1422 1081 1510 μὲν
1104 1415 1187 1492 οὖν’
1233 1423 1270 1489 έν
1292 1420 1367 1490 τού-

219 1555 290 1608 τοις
311 1527 436 1597 άπασιν
472 1527 524 1616 ἐφ’
565 1528 640 1610 ἑνὸς
675 1535 941 1617 παραδείγματος
975 1533 1037 1597 τοῦ
1067 1532 1136 1597 τῶν
1166 1533 1337 1615 γυναικῶν
1362 1528 1408 1612 l¹⁰
1463 1575 1470 1590 .

221 1635 408 1722 ἐγύμνασεν
429 1635 514 1724 ἡμᾶς
536 1634 725 1724 εὑρετικούς
759 1661 794 1704 τε
830 1637 884 1703 καὶ
908 1633 1133 1724 διακριτικοὺς
1155 1634 1257 1720 εἶναι,
1285 1633 1434 1714 mim

221 1749 257 1809 τί
290 1742 351 1829 μὲν
388 1741 487 1831 ὅμοια
526 1759 598 1824 ταῖς
621 1744 764 1831 φύσεσίν
797 1745 881 1826 έστι,
917 1742 999 1811 κατὰ
1022 1749 1057 1810 τί
1091 1742 1127 1810 δὲ
1161 1738 1305 1828 άνόμοια
1327 1739 1367 1808 τά

221 1849 507 1937 παραβαλλόμενα.
552 1867 707 1938 γυναῖκες
742 1849 808 1937 γάρ
844 1847 1012 1937 ἀνδράσιν
1043 1847 1155 1937 ὅμοιαι
1182 1851 1245 1937 μέν
1272 1853 1369 1932 εἰσιν,

222 1950 302 2020 καθ’
333 1950 429 2022 linat
454 1949 551 2025 αύται
574 1955 760 2046 ὑπάρχουσι
788 1955 905 2042 λογικά
935 1961 1016 2048 ζῷα,
1042 1958 1215 2025 τουτέστιν
1241 1955 1370 2042 έιτιστήν

222 2088 285 2147 μης
308 2061 455 2149 δεκτικά,
485 2061 563 2131 καθ’
590 2061 673 2133 ὅσον
696 2065 733 2131 δὲ
759 2063 797 2132 τὸ
826 2063 888 2150 μέν
910 2067 979 2130 τῶν
1001 2060 1138 2150 ἀνδρῶν
1160 2065 1257 2150 μένος
1280 2068 1410 2150 toxo-1⁵

259 2265 271 2310 1
298 2253 431 2326 φυλακὴν
453 2255 577 2321 πόλεως·
606 2255 684 2314 τοῦτ’
717 2253 1012 2329 ἒιιισημοατννήμενος
1039 2251 1133 2326 ὥσπερ
1161 2255 1275 2324 ξύνεσιν
1303 2257 1369 2327 ἔχον

221 2331 259 2398 (p.
281 2335 341 2397 757,
366 2334 407 2395 lt)
434 2329 557 2402 omissis,
580 2348 652 2400 quae
674 2331 822 2386 interiecta
844 2333 917 2398 sunt
935 2329 1028 2385 serbis
1050 2330 1090 2396 M3
1110 2329 1143 2385 of.
1162 2330 1245 2386 Proll.
1265 2349 1291 2399 p.
1308 2337 1367 2385 110.

223 2431 255 2438 —
276 2405 292 2452 2
312 2396 327 2454 ὁ
347 2395 376 2452 δ’
398 2397 575 2470 ἰσχυρότερος
593 2402 731 2458 ABChK.
752 2434 785 2443 -
805 2410 820 2457 3
840 2399 895 2470 ἄρα
912 2402 1042 2455 τοιαῦται
1057 2399 1192 2457 ΑΒΟλιΚ.
1214 2432 1246 2441 -
1267 2410 1284 2455 4
1303 2419 1368 2456 σνν-

221 2477 311 2524 οικείν
334 2471 471 2526 ABcuK.
496 2503 528 2513 -
557 2468 710 2542 φυλάττειν
732 2472 872 2527 ΔΒΟλιΚ.
902 2503 934 2512 -
964 2479 980 2527 6
1009 2466 1071 2526 οὔτ’
1097 2466 1170 2526 atet
1198 2472 1305 2530 ABCh.
1332 2504 1368 2512 -

221 2547 238 2596 8
257 2538 345 2608 φύσιν
363 2533 382 2630 ᾗ
400 2549 462 2606 ταῖς
479 2547 512 2599 A.
533 2577 565 2584 -
588 2551 620 2599 12
638 2551 701 2607 ταῖς
718 2541 821 2613 φύσεσι
840 2543 970 2600 ABChK
989 2543 1022 2615 τῇ
1042 2537 1146 2611 picea?
1166 2575 1197 2584 —
1220 2551 1252 2598 1³
1272 2539 1368 2670 ὁμοῖαι

220 2611 350 2668 ABchK
364 2633 460 2683 ομαιαι
474 2634 533 2671 nos.
548 2645 582 2656 -
598 2622 632 2670 14
646 2611 723 2671 καθὸ
739 2613 869 2670 ΔΒΟλεΚ
883 2609 955 2670 καθ’
972 2607 987 2667 δ
1002 2631 1060 2669 nos.
1075 2644 1108 2654 -
1123 2615 1171 2669 καὶ
1186 2611 1271 2670 αύταλ
1313 2646 1369 2669 .-

220 2811 346 2897 igitur
369 2817 407 2877 et
433 2814 510 2879 viri
539 2815 669 2880 eadem
697 2818 757 2878 est
782 2817 927 2879 natura
956 2813 1001 2880 ad
1031 2815 1246 2882 custodiam
1273 2815 1370 2882 civi·

221 2919 333 3004 tatis,
360 2920 437 2984 nisi
470 2923 567 3007 quod
595 2921 724 2985 eadem
756 2921 816 2984 vel
854 2921 1094 2986 imbecillior
1122 2924 1183 2986 vel
1216 2923 1371 2989 firmior

223 3029 291 3090 est
336 3025 519 3111 Apparet.
564 3028 692 3092 Etiam
721 3027 907 3091 mulieres
935 3027 1059 3112 igitur
1086 3029 1191 3093 tales
1220 3029 1369 3114 eligen-

222 3133 291 3196 dae
315 3138 418 3218 sunt,
447 3157 543 3219 quae
566 3157 642 3200 una
665 3156 747 3199 eum
771 3134 921 3199 talibus
945 3133 1043 3199 viris
1067 3139 1104 3198 et
1126 3133 1310 3200 habitent
1332 3140 1371 3199 et

222 3241 463 3326 custodiant,
495 3243 677 3327 quoniam
709 3240 871 3306 idoneae
906 3245 997 3306 sunt
1030 3245 1067 3306 et
1098 3241 1147 3306 iis
1180 3245 1369 3326 cognatae

222 3352 371 3412 natura.
417 3347 590 3414 Prorsus.
636 3347 782 3414 Officia
810 3370 899 3413 vero
923 3369 1050 3414 nonne
1074 3349 1202 3413 eadem
1226 3347 1368 3412 eisdem

223 3455 378 3519 naturis
412 3459 503 3520 suut
534 3455 767 3521 tribuenda?
817 3454 969 3520 Eadem.
1019 3455 1267 3522 Revolvimur
1294 3455 1369 3539 igi-

221 3565 286 3627 tur
310 3563 354 3626 ad
383 3563 586 3646 superiore
613 3565 726 3646 atque
754 3561 992 3626 eonfitemur
1019 3585 1094 3628 non
1121 3583 1204 3627 esse
1233 3565 1369 3627 contra

223 3673 402 3733 naturam
421 3669 621 3733 custodum
639 3667 869 3732 mulieribus
889 3669 1078 3734 musicam
1097 3673 1135 3733 et
1153 3669 1367 3755 gymnasti-

222 3797 303 3841 cam
335 3775 519 3841 tribuere.
568 3773 706 3841 Plane?
756 3773 795 3839 ln
822 3773 874 3838 his
907 3775 1058 3841 omnibus
1085 3776 1181 3842 Plato
1213 3776 1275 3841 hoc
1304 3797 1368 3840 uno

223 3883 395 3948 mulierum
419 3885 566 3967 exemplo
591 3881 733 3947 exercuit
755 3903 829 3966 uos,
852 3885 889 3945 ut
912 3881 1062 3946 sollerter
1084 3887 1117 3946 et
1144 3883 1312 3968 explorare
1336 3885 1369 3946 et

223 3989 403 4055 discernere
436 4012 619 4074 possemus,
651 3990 686 4054 in
714 4011 778 4073 quo
811 3987 933 4053 similia
964 3992 1093 4072 natura,
1125 3991 1159 4054 in
1191 4013 1256 4074 quo
1289 3991 1368 4055 item

224 4096 398 4162 dissimilia
418 4101 534 4181 essent,
554 4120 636 4182 quae
654 4096 740 4160 inter
759 4119 793 4160 se
808 4101 1083 4178 compararentur.
1114 4095 1267 4161 Feminae
1282 4098 1368 4162 enim

226 4203 304 4268 viris
325 4203 448 4268 similes
472 4208 556 4287 sunt,
579 4207 737 4288 quatenus
756 4203 846 4289 ipsae
865 4224 991 4287 quoque
1010 4201 1165 4266 animalia
1183 4201 1369 4286 rationalia,

223 4310 284 4375 hoe
313 4315 364 4374 est
391 4311 546 4375 scientiae
574 4311 709 4394 capacia
732 4314 821 4394 sunt,
854 4313 888 4374 at
915 4313 1073 4393 quatenus
1100 4307 1245 4374 virorum
1273 4331 1368 4373 sexus

222 4417 389 4482 robustior
412 4423 462 4482 est
485 4417 526 4482 ad
554 4439 711 4502 omneque
741 4439 822 4502 opus
850 4437 1041 4501 omnemque
1068 4414 1274 4498 disciplinans
1303 4437 1367 4480 me-

282 4529 363 4570 cuen
377 4531 404 4571 ιι
417 4532 478 4571 aas.
493 4532 550 4572 uras
563 4537 586 4571 a
600 4533 707 4580 mppou.
721 4531 782 4574 usu.
1120 4525 1153 4576 rs
