3212 5146
571 417 809 482 -597-

111 559 151 654 ἧς
179 573 259 655 ἔργα
285 567 364 637 καθ’
396 570 518 658 ἑαυτὴν
544 570 647 660 μὲνὸ
678 569 752 642 οἷον
779 573 879 656 τόνος
906 577 973 644 έστλ
997 581 1054 664 τῆς
1078 583 1183 665 ψυχῆς
1205 581 1259 648 καλ

108 675 147 744 τὸ
172 675 318 762 μόνιμον
346 678 383 745 έν
407 673 457 758 οἷς
479 674 563 746 ἀνό
592 679 751 767 λογισμὸς
780 681 918 772 κελεύσῃ
947 683 1002 750 καλ
1025 681 1062 750 τὸ
1086 679 1260 772 ἀήττητον,

107 780 194 850 κατὰ
218 781 328 862 πόθος
350 782 387 850 δὲ
412 781 431 870 ἡ
455 778 530 852 οἷον
555 785 639 866 ζέσας
659 789 717 872 τῆς
740 787 891 873 ἐμφύτου
920 795 1105 878 θερμασίας
1131 789 1258 858 ποθού-

108 908 172 975 σης
195 888 449 976 τιμωρήσασθαι
472 893 530 975 τῆς
553 895 660 978 ψυχῆς
681 897 862 978 τηνικαῦτα
885 894 945 963 τὸν
964 893 1092 966 ἀδικεῖν
1116 895 1259 978 δόξαντα

107 995 164 1062 καλ
189 1002 334 1063 καλεῖται
358 994 395 1064 τὸ
416 999 572 1064 τοιοῦτον
589 995 710 1084 θυμός,
734 1000 771 1067 έν
796 1001 833 1068 δὲ
855 1005 900 1092 τῷ
919 1001 1002 1089 πρός
1024 1031 1055 1070 τι
1074 1009 1285 1088 δερμασίαςι

106 1099 193 1188 ἀρχὴ
216 1117 286 1182 τοῖς
309 1100 390 1180 κατὰ
418 1103 519 1189 μέρος
542 1100 654 1187 [εἶναι]
683 1109 814 1191 μορίοις
842 1103 1014 1195 ἀρτηρίαις
1039 1135 1075 1177 τε
1098 1107 1258 1196 κινήσεως

106 1211 312 1294 σφυρμικῆς,
341 1213 399 1336 της
427 1207 463 1275 δέ
493 1205 679 1278 ὑπολοίπου
706 1211 879 1299 δυνάμεως
908 1213 995 1280 έν”
970 1239 1071 1344 ηπατι
1095 1217 1255 1302 καθιδρν

105 1315 209 1400 μένης
233 1319 312 1402 ἔργα
336 1313 375 1382 τὰ
404 1314 478 1402 περὶ
507 1315 569 1402 τὴν
597 1315 772 1402 θρέψιν“
751 1343 880 1388 απαντα
903 1318 985 1388 κατὰ
1013 1319 1050 1389 τὸ
1081 1313 1235 1412 ζῷον,
1208 1347 1257 1390 ων

105 1423 265 1507 μέγιστον
283 1423 383 1509 μέρος
401 1423 438 1490 έν
462 1417 541 1508 ἡμῖν
559 1449 592 1490 τε
616 1424 671 1490 καλ
689 1427 768 1492 πᾶσι
793 1441 862 1505 τοῖς
881 1427 957 1494 έναί
942 1433 1030 1515 ίμοις
1049 1427 1143 1520 ζῴοις
1166 1429 1256 1496 έστλν

107 1523 125 1612 ἡ
152 1529 213 1595 τοῦ
236 1531 376 1613 αἵματος
398 1529 533 1613 γένεσις.
578 1532 636 1615 τῆς
660 1528 696 1597 δὲ
726 1527 828 1618 αὐτῆς
854 1531 977 1620 ταύτης
1005 1531 1179 1619 δυνάμεως
1201 1534 1256 1601 καλ
1272 1559 1296 1599 ιο

109 1661 126 1720 η
151 1637 219 1701 τῶν
244 1630 352 1718 ἡδέων
377 1635 467 1702 ἐστίν
490 1631 691 1714 ἀπόλαυσις,
715 1628 795 1702 έν
775 1665 796 1726 η
819 1639 1049 1726 σφοδρότερον
1076 1639 1256 1726 κινουμένη

106 1743 168 1810 τοῦ
199 1741 337 1818 δέοντος
363 1740 425 1828 τήν
451 1767 486 1808 τε
514 1738 677 1828 ἀκρασίαν
710 1741 877 1828 ἐργάζεται
899 1747 953 1812 καλ
982 1744 1043 1834 τὴν
1065 1741 1258 1828 ἀκολασίαν,

108 1847 125 1935 ἡ
160 1846 222 1935 μὲν
254 1837 318 1914 οὖν
350 1843 516 1930 ἀπόδειξις
549 1844 568 1934 ἡ
603 1851 761 1916 δεικνῦσα
792 1849 856 1937 τὴν
887 1853 955 1918 τοῖν
987 1850 1118 1936 νεύρων
1150 1847 1256 1942 ἀρχὴν

109 1953 196 2022 εἶναι
229 1955 310 2020 κατὰ
343 1951 406 2040 τὴν
442 1951 591 2041 κεφαλὴν
628 1951 732 2034 εὐθὺς
768 1961 833 2042 ἔχει
866 1957 920 2024 καλ
952 1955 989 2024 τὸ
1022 1959 1121 2045 μέρος
1153 1955 1255 2044 αὐτῆς

107 2059 442 2146 συνενδεικνύμενον.
492 2057 601 2129 ὄντων
628 2060 693 2146 γὰρ
718 2065 781 2130 τοῦ
807 2060 912 2148 λόγου
939 2066 1047 2138 δυοῖν
1064 2064 1254 2152 λημμάτων,
1270 2089 1295 2130 ιο

144 2191 240 2293 ti„
215 2235 276 2292 οἷον
294 2231 377 2299 τόνος
396 2232 503 2292 Orib.
491 2257 506 2291 ο
527 2232 608 2298 τόνος
627 2237 687 2292 Gal
702 2237 781 2293 codri
797 2237 911 2293 edu-
933 2245 949 2293 ³
971 2233 986 2306 ἡ
1007 2237 1068 2294 olon
1089 2239 1161 2326 ζέσις
1176 2239 1252 2296 Orib.

27 2341 29 2352 =
106 2327 196 2378 pom.
216 2307 278 2362 Gal.
297 2307 380 2394 oodd3
395 2307 512 2362 edu-
531 2303 585 2376 έκφ
588 2303 759 2362 ότονΜ.-
780 2305 865 2364 ratu
850 2325 938 2364 ν.οιο
955 2309 1043 2364 M.-
1012 2305 1168 2380 -tripz'
1156 2331 1171 2379 η
1192 2318 1250 2372 τοῖς

27 2437 28 2440 ,
106 2380 182 2462 ilrib.
206 2379 234 2434 M
257 2373 380 2434 Corm’
362 2399 389 2433 α.
414 2378 463 2446 τῆς
486 2329 681 2434 Assclltoe
710 2376 785 2434 εἶναι
809 2379 884 2434 Orib.
908 2380 970 2434 Gal
995 2381 1074 2436 codd.
1099 2381 1174 2448 edd.;
1203 2399 1253 2438 nos

28 2489 29 2494 ι
108 2450 184 2506 uncis
203 2449 427 2505 inclusimuaa-
396 2444 699 2536 -9μέηιστσνέν“
685 2457 754 2518 ημῖν
773 2449 849 2506 Orib.
870 2451 929 2505 eod.
950 2446 1048 2520 Fp.'
1040 2459 1103 2520 ιμλν
1122 2423 1251 2508 Daiemb.

108 2521 238 2594 μ.με’ρος
259 2516 322 2576 ἐν
311 2541 357 2590 ημ.
376 2519 450 2590 Μμ.
470 2541 497 2590 μ.
518 2541 563 2590 ημ.
583 2519 773 2576 ΑΒΟίιΚω·
794 2517 860 2575 έναί
858 2539 921 2590 μοις
939 2539 992 2576 om.
1009 2521 1136 2578 Orit-
1160 2531 1190 2578 ll
1210 2544 1252 2578 κι-

108 2545 232 2664 νονμένη
251 2592 300 2646 τού
320 2591 434 2678 δέοντος
454 2591 528 2647 Orib.
555 2591 603 2646 τοῦ
624 2589 739 2654 δέοντος
756 2613 781 2646 κ.
802 2541 877 2648 Gali*
882 2592 961 2647 eodd.
982 2593 1097 2648 edd.-
1090 2593 1251 2680 κινουμέ-

110 2685 162 2732 νην
181 2663 270 2718 Μ.-·
293 2669 324 2718 12
344 2657 485 2727 ἀκρασίαν
504 2657 651 2732 έρηάζεται
669 2663 717 2718 καλ
736 2657 787 2732 τὴν
806 2657 962 2719 ἀκολασίαν
981 2659 1098 2721 Orib'
1080 2685 1141 2734 ακρ.
1162 2665 1250 2721 καλτ.

28 2777 30 2796 f
106 2691 183 2790 ἀκολ.
204 2727 351 2804 ίργάζεται
369 2733 431 2790 Gal.
451 2733 529 2788 codd
550 2733 611 2790 edd
632 2765 663 2773 -

108 2913 279 2980 alterum
268 2935 302 2978 m
326 2913 489 2980 eorde't
445 2937 473 2978 οι
474 2917 544 2979 tum
568 2918 626 2997 est,
650 2913 740 2978 euius
764 2935 863 2997 opera
885 2936 942 2998 per
966 2937 1000 2980 se
1023 2915 1152 3000 quidem
1176 2921 1253 2982 sunt

107 3021 206 3086 animi
229 3021 323 3107 quasi
347 3019 505 3104 quaedam
529 3019 669 3086 intentio
693 3025 725 3084 et
748 3025 905 3105 perpetua
928 3022 962 3086 in
984 3022 1039 3109 iis,
1062 3043 1143 3106 quae
1167 3023 1251 3088 ratio

28 3155 30 3164 ’
107 3127 246 3210 iusserit,
270 3127 511 3210 permansione
536 3127 635 3192 robur
652 3126 820 3210 invictum,
844 3126 988 3192 eiusdem
1006 3129 1250 3213 perturbatione

105 3235 232 3300 incitati
251 3233 344 3319 quasi
362 3231 472 3300 fervor
489 3232 621 3318 quidam
641 3233 733 3298 insiti
748 3233 875 3316 caloris,
894 3255 967 3298 oum
982 3234 1110 3302 animus
1129 3257 1250 3319 poenas

106 3363 230 3408 sumere
254 3343 362 3422 abeo,
386 3341 441 3425 qui
460 3339 613 3406 iniuriam
632 3339 781 3404 intulisse
800 3340 936 3424 videtur,
960 3342 1059 3426 cupit,
1082 3363 1164 3426 quae
1188 3341 1249 3406 ira·

28 3449 30 3462 '
106 3447 221 3512 cundia
249 3453 395 3528 roratur,
424 3447 458 3510 in
487 3447 644 3512 relatione
669 3451 778 3512 antem
802 3447 843 3510 ad
871 3447 993 3532 aliquid
1016 3447 1049 3512 id
1073 3447 1185 3531 efficit,
1213 3451 1250 3513 ut

28 3563 31 3602 ἰ
108 3551 259 3616 membris
282 3553 476 3638 singillatim
495 3553 645 3616 omnibus
665 3553 807 3618 calorem
831 3553 1023 3637 arteriisque
1047 3555 1160 3637 pulsus
1180 3554 1248 3640 agi-

108 3657 261 3722 tationem
286 3659 484 3742 suppeditet3
514 3658 639 3742 reliqua
667 3657 807 3724 facultas
836 3659 870 3723 in
897 3659 1003 3725 iecore
1024 3660 1138 3726 «sedem
1163 3660 1247 3726 obti-

108 3765 162 3827 net
188 3765 403 3848 procuretque
434 3765 557 3847 omnia,
585 3785 667 3848 quae
696 3764 737 3828 ad
766 3765 916 3830 animalis
945 3787 1062 3850 eorpus
1098 3765 1247 3831 alendum

107 3868 275 3952 pertinent,
298 3890 435 3953 quorum
459 3870 601 3935 maxima
623 3893 699 3954 pars
728 3873 778 3936 est
807 3871 976 3956 sanguinis
999 3873 1034 3937 in
1055 3871 1150 3937 nobis
1175 3893 1247 3937 san·

107 3974 294 4060 guineisque
317 3975 430 4041 bestiis
458 3977 650 4060 procreatio.
695 3977 848 4042 Eiusdem
877 3977 974 4044 huius
1003 3977 1169 4044 facultatis
1198 3981 1248 4044 est

107 4082 198 4146 rebus
221 4079 368 4146 iucundis
392 4083 470 4166 frui,
494 4083 614 4168 inquo
638 4105 711 4148 eum
735 4083 822 4150 iusto
847 4084 1070 4150 vehementius
1093 4083 1246 4170 agitatur,

107 4186 372 4254 incontinentiam
400 4187 746 4274 intemperantiamque
775 4189 883 4256 efficit.
934 4191 982 4258 Ae
1010 4191 1245 4258 demonstratio

107 4293 241 4378 quidem,
260 4315 324 4378 qua
339 4293 498 4380 originem
516 4315 690 4362 nervorum
704 4297 738 4362 in
752 4295 859 4380 eapite
874 4319 944 4362 esse
962 4298 1129 4382 probatur,
1148 4297 1245 4362 simul

108 4399 201 4466 etiam
229 4403 357 4486 partem
385 4399 503 4486 capitis
527 4401 679 4468 continuo
706 4403 883 4468 indicatam
909 4401 1018 4468 habet
1061 4401 1244 4470 Nemeum
