3166 5192
577 455 815 518 -543-

108 610 175 691 οὓς
199 611 259 680 οὐκ
287 607 330 677 ἀν
360 611 377 698 ἡ
406 612 511 698 μηδὲν
540 614 610 696 elur}
639 613 783 677 ποιοῦσα
811 607 912 694 φύσις
936 611 972 675 έν
999 615 1043 700 τῷ
1068 611 1260 700 κυριωτάτῳ

107 717 290 806 σπλάγχνῳ
314 719 471 785 κατέθετο
494 716 538 803 μὴ
563 715 719 803 μέγιστόν
741 743 770 782 τι
800 716 981 801 μέλλοντας
1003 721 1049 794 είς
1076 714 1260 804 ὑπηρεσίαν

106 825 269 910 παρέχειν
293 821 391 914 αὐτῷ.
437 830 494 890 καί
519 849 574 910 μοι
604 821 789 908 θαυμάζειν
817 823 983 910 ἐπέρχεται
1011 822 1151 910 μάλιστα
1179 825 1260 898 πάν-

106 958 181 997 των
202 927 458 1017 Ἐρασιστράτου
481 925 559 998 καθ’
586 932 623 995 ἓν
646 935 778 1014 βιβλίον
801 929 838 996 τὸ
857 934 990 1016 πρῶτον
1011 931 1085 1018 περὶ
1108 935 1260 1018 πυρετῶν

107 1035 181 1124 ἅμα
213 1035 274 1124 μέν
311 1033 419 1124 ἀρχὴν
451 1033 714 1122 ἀποφηναμένου
752 1037 806 1104 καὶ
839 1033 1007 1124 ἀρτηριῶν
1039 1037 1093 1103 καὶ
1125 1042 1286 1124 φλιβῶνο

108 1142 198 1210 εἶναι
223 1143 286 1230 τὴν
304 1145 458 1228 καρδίαν,
482 1141 548 1228 ἅμα
568 1142 603 1209 δὲ
627 1141 706 1221 τοὺς
725 1145 851 1224 ἔξωθεν
869 1147 933 1211 ἔσω
954 1143 1114 1223 νεύοντας
1137 1142 1261 1232 ὑμένας

109 1250 165 1318 ἐπὶ
190 1264 259 1328 τοῖς
286 1249 455 1334 εἰσάγουσι
485 1249 542 1328 τὰς
570 1247 650 1328 ὕλας
678 1245 823 1335 ἀγγείοις
852 1251 1086 1334 έπιπεφυκέναι
1114 1251 1259 1337 φάσκον-

108 1383 177 1436 τος.
215 1353 292 1424 οὐδὲ
317 1354 379 1442 γάρ
399 1353 477 1422 οὐδὲ
501 1359 600 1422 τοῦτο
625 1355 773 1423 δυνατὸν
795 1361 911 1436 εἰπεῖν,
935 1353 979 1434 ῶς
1001 1361 1062 1424 τοῦ
1084 1357 1147 1444 μέν
1165 1361 1259 1446 αἵμα-

109 1489 169 1542 τος
192 1459 275 1549 ἀρχὴ
299 1461 335 1529 τὸ
363 1453 448 1550 ἧπάρ
473 1463 552 1538 ἐστι,
576 1466 633 1550 τῆς
656 1463 848 1549 διοικοάσης
872 1462 907 1529 δέ
931 1461 988 1541 τὰς
1011 1464 1136 1550 φλέβας
1159 1465 1258 1532 δυνά-

109 1595 199 1656 μεως
222 1566 242 1656 ἡ
270 1571 400 1655 καρδία.
450 1567 536 1636 ὅπου
563 1568 625 1696 γὰρ
654 1567 732 1636 οὐδὲ
760 1583 831 1648 ταῖς
859 1565 1030 1656 ἀρτηρίαις
1059 1571 1094 1636 έιι
1123 1575 1262 1657 καρδίας
1276 1593 1301 1630 10

111 1677 340 1762 ἐμπέμπεσθαι
365 1675 421 1742 διὰ
444 1679 512 1742 τῶν
534 1675 686 1762 χιτώνων
704 1673 862 1804 ὁμολογεῖ
882 1703 944 1762 την
968 1669 1169 1762 δύναμιν,
1150 1705 1169 1764 η
1192 1703 1262 1746 που

111 1809 148 1869 γε
178 1811 250 1863 ταις
276 1783 401 1870 φλεψὶν
429 1779 641 1869 ὁμολογήσεις
670 1791 760 1871 είιτερ
789 1775 852 1850 οὖν
880 1780 987 1870 ἀρχην
1014 1783 1120 1852 ἐκεῖνό
1150 1811 1260 1872 φαμεν

112 1887 200 1958 eluar
233 1889 269 1958 τὸ
289 1889 440 2018 μόριον,
473 1885 491 1954 d
523 1905 594 1969 τοῖς
625 1889 684 1977 ἀφ’
721 1892 841 1958 ἑαυτοῦ
877 1888 1064 2018 πεφυηόσιν
1095 1889 1169 1978 ἤτοι
1199 1919 1261 2018 την

112 1991 303 2082 δύναμιν
285 2023 304 2082 η
328 1997 460 2075 πάντως
483 2023 518 2082 γε
542 2025 604 2084 την
626 1997 712 2084 ὕλην
736 1995 924 2084 χορηγήσει,
948 1995 1010 2082 τὴν
1032 2000 1176 2084 καρδίαν
1199 1999 1259 2086 οὐχ

113 2098 244 2170 οἷόντε
268 2102 373 2188 φάναι
396 2105 464 2169 τῶν
486 2107 620 2187 φλεβῶν
643 2101 758 2191 ἀρχήν.
804 2102 950 2189 δύναμιν
974 2102 1121 2190 μὲνγὰρ
1145 2101 1261 2185 αὐταῖς
1277 2126 1300 2164 ¹⁵

114 2203 156 2272 od
178 2221 315 2292 χορηγεῖ
335 2207 416 2274 κατά
435 2207 496 2274 τὸν
516 2205 780 2297 Ἐρασιστράτου,
804 2207 854 2276 ὅτι
878 2209 959 2296 μηδὲ
983 2224 1055 2288 ταῖς
1078 2205 1259 2298 ἀρτηρίαις,

117 2309 134 2398 ἡ
164 2313 199 2380 dl
228 2311 290 2400 ὕλη
319 2319 380 2382 τοῦ
411 2317 549 2401 αἳματος
572 2317 604 2395 ἐξ
633 2314 756 2402 ἥπατος
788 2313 929 2404 ὁρμᾶται
960 2319 1083 2402 σαφῶς.
1129 2313 1170 2382 οὐ
1193 2315 1260 2404 μὴν

153 2445 240 2556 rode
264 2487 359 2563 ιιᾶνη
349 2489 475 2550 ‘ld.-
503 2499 534 2547 13
558 2489 655 2556 αὐτοῖς
679 2487 849 2548 nsaw
834 2513 849 2547 ο
877 2500 935 2556 τοις
958 2492 1039 2548 Corn.
1064 2495 1154 2549 Κ.-·-
1184 2489 1257 2562 τάφ’

116 2559 218 2619 ἕοιυτοῦ
238 2565 328 2619 Μ.-
344 2517 381 2620 l'l
402 2559 436 2620 οδ
456 2559 511 2635 μὴν
531 2558 574 2617 δτι
595 2565 673 2620 οοδδ.
693 2565 755 2620 edd
776 2559 809 2619 οδ
830 2561 886 2634 μὴν
906 2559 1020 2634 odds',“
1004 2585 1047 2619 οτι
1067 2583 1178 2620 noa.—

115 2746 290 2830 exoriatur‚
317 2769 420 2832 neque
449 2746 536 2810 aliud
570 2746 743 2830 quidquam
771 2749 901 2831 praeter
931 2747 1150 2834 membranas,
1178 2771 1258 2834 quas

115 2855 245 2936 natura,
285 2876 367 2939 quae
404 2853 486 2918 nihil
528 2857 649 2918 temere
691 2857 860 2940 operatur,
900 2853 934 2919 in
975 2857 1258 2938 praestantissimo

116 2959 235 3024 viscere
263 2983 329 3025 non
357 2961 561 3044 collocasset,
588 2961 651 3025 nisi
676 2962 853 3026 maximum
882 2960 1012 3045 aliquod
1041 2961 1256 3026 ministerium

116 3067 142 3130 oi
166 3067 304 3132 fuissent
327 3067 537 3148 exhibiturae.
573 3067 687 3152 ltaque
712 3067 823 3132 mirari
847 3067 935 3132 subit
953 3067 1093 3132 maxime
1112 3067 1257 3132 omnium

117 3172 360 3258 Erasistratum,
384 3175 438 3259 qui
462 3176 496 3239 in
520 3175 631 3240 eodem
660 3174 758 3258 libro,
787 3176 842 3258 qui
870 3175 995 3259 primus
1023 3179 1073 3238 est
1100 3175 1139 3238 de
1162 3175 1258 3239 lebri-

118 3279 184 3362 bus,
207 3303 263 3346 cor
286 3304 356 3345 esse
380 3283 413 3344 et
436 3282 629 3346 arteriarum
653 3285 686 3345 et
708 3303 863 3346 venarum
886 3282 1045 3367 originem
1069 3280 1258 3366 pronuntiet

117 3385 261 3471 idemque
295 3388 501 3452 membranas
539 3387 739 3452 extrinsecus
771 3387 931 3454 introrsus
968 3391 1138 3473 vergentes
1171 3388 1257 3452 vasis

117 3493 285 3558 materiam
308 3494 560 3558 immittentibus
580 3493 753 3559 adhaerere
777 3493 913 3560 dictitet.
949 3493 1062 3578 Neque
1086 3494 1172 3560 enim
1195 3494 1257 3558 hoc

121 3597 223 3662 dicere
256 3599 346 3684 licet,
379 3601 547 3686 sanguinis
581 3601 711 3684 quidem
735 3602 932 3686 principium
965 3601 1054 3666 iecur
1085 3623 1169 3683 esse,
1201 3601 1256 3664 sed

118 3705 280 3770 facultatis
304 3729 402 3772 venas
427 3708 637 3792 gubernantis
662 3731 726 3774 cor.
767 3707 853 3774 Nam
877 3731 949 3772 cum
973 3730 1013 3772 ne
1037 3707 1165 3772 arteriis
1189 3709 1257 3790 qui·

118 3811 185 3876 dem
213 3813 277 3876 vim
307 3837 324 3878 e
357 3814 450 3879 corde
483 3815 617 3880 immitti
651 3838 708 3899 per
739 3815 866 3879 tunicas
900 3813 1068 3898 concedat,
1100 3815 1256 3899 numquid

118 3917 203 3981 uenis
227 3919 402 3985 concedet?
449 3922 569 3998 Quodsi
596 3927 723 4005 partem
746 3921 838 3986 illam
866 3920 1062 4004 principium
1086 3943 1156 3986 esse
1179 3921 1255 3986 dici-

119 4045 195 4108 mus‚
216 4047 298 4110 quae
322 4028 376 4112 iis,
399 4049 481 4112 quae
504 4051 542 4093 ex
564 4051 603 4094 eo
627 4033 699 4094 orta
724 4032 813 4112 sunt,
839 4027 891 4092 vel
916 4027 982 4092 uim
1010 4029 1061 4092 vel
1085 4027 1255 4092 materiam

14 4211 24 4218 ι
119 4133 227 4196 saltem
256 4136 387 4200 omnino
416 4135 662 4220 suppeditatum
691 4139 753 4219 est,
786 4157 841 4200 cor
871 4134 1066 4220 principium
1101 4155 1254 4200 venarum

118 4241 213 4304 statui
240 4244 360 4326 nequit.
407 4241 481 4306 Vim
511 4241 640 4326 quidem
668 4241 723 4325 iis,
751 4245 787 4305 ut
810 4241 1012 4306 Erasistrato
1041 4241 1162 4324 placet,
1191 4263 1255 4303 non

119 4347 310 4432 suppeditat,
334 4349 486 4433 quoniam
509 4371 549 4413 ne
569 4348 698 4412 arteriis
721 4347 864 4433 quidem3
888 4347 1027 4411 materia
1049 4353 1159 4412 autem
1183 4371 1254 4410 san·

118 4456 219 4536 guinis
240 4477 277 4519 ex
301 4457 404 4521 iecore
429 4455 603 4520 manifesto
628 4455 743 4538 prodit.
780 4455 892 4537 Neque
912 4455 1021 4537 etiam,
1043 4455 1120 4538 quia
1144 4475 1254 4518 omncs
