3376 5144
628 310 785 376 -805
832 349 874 360 -

171 469 389 556 ἐπιδείγματα
411 465 530 547 πάντες
552 464 715 556 ἡγοῦνται
736 464 811 556 οὐχί
834 465 925 556 παρὰ
945 464 1134 554 ἀνθρῶτοὺ
1153 471 1338 558 διδαχθέν-

169 602 228 657 τες
252 573 338 644 οὕτω
361 579 503 662 κρίνειν,
532 571 615 642 ἀλλὰ
645 581 777 663 ἔχοντες
804 574 906 663 φύσει
934 575 1052 662 τέχνης
1080 580 1219 644 ἔννοιαν
1243 573 1337 665 ἀφω-

172 685 338 772 ρισμένην
365 679 474 770 τύχης.
523 680 560 750 τὸ
594 681 657 769 μέν
689 680 754 770 γὰρ
788 683 826 750 ἐν
854 679 957 750 ἀπασι
984 684 1260 771 κατωρθωμένον
1288 689 1337 766 είς

171 792 296 878 τέχνην
319 787 536 877 ἀναφέρουσι,
559 786 597 856 τὸ
623 788 659 858 δὲ
682 785 765 857 καθ’
797 791 835 856 ἓν
859 783 879 877 ἢ
904 788 969 858 δύο
993 787 1096 877 τύχης
1119 795 1231 878 ἔργον,
1256 789 1262 881 Ι
1292 787 1405 869 edm

172 899 292 984 τέχνης
318 893 403 964 εἶναι
426 895 669 964 πεπιστεύκασι.
714 893 777 983 τὴν
806 891 914 983 αὐτὴν
942 887 1007 965 οὖν
1035 902 1176 965 ἔννοιαν
1203 901 1362 985 ἒχοντεςε

174 1007 213 1072 οί
237 999 432 1089 ἀνατομικοὶ
458 1007 526 1071 τῶν
558 1005 684 1090 ίατρῶν
716 1001 917 1090 ἐθαύμασαν
946 1000 1092 1083 ἅπαντες
1121 1002 1185 1091 τὴν
1212 1005 1335 1092 τέχνην

173 1113 234 1197 τῆς
261 1107 400 1196 φύσεως.
451 1106 492 1178 ού
520 1107 600 1197 μάρ,
629 1105 674 1188 ῶς
702 1109 830 1190 ἔξωθεν
859 1105 977 1196 ὁρᾶται
1010 1107 1048 1179 τὸ
1079 1115 1174 1199 σῶμα
1203 1117 1335 1198 συγκεί-

174 1241 280 1304 μενον
303 1217 337 1283 ἐκ
360 1218 471 1303 μερῶν
494 1217 574 1284 δέκα
596 1239 663 1284 πον
685 1217 741 1283 καὶ
762 1215 893 1284 δῶδεκα
917 1213 950 1304 η’,
974 1221 1006 1284 εί
1021 1216 1150 1302 βούλει,
1172 1217 1229 1285 καί
1249 1227 1334 1286 είκο-

174 1343 249 1408 σιν,
272 1319 358 1390 οὕτω
382 1319 541 1390 καὶκατὰ
569 1318 736 1409 ἀλήθειαν
760 1328 834 1410 ἔχει.
882 1324 1053 1410 σύγκειται
1077 1325 1142 1412 γὰρ
1161 1325 1195 1406 ἐξ
1224 1320 1335 1394 ὀστῶν

175 1427 342 1498 πλειόνων
365 1424 385 1516 ἢ
417 1433 615 1512 διακοσίων,
646 1427 756 1517 ῶσπερ
784 1429 901 1516 γεκαὶ
929 1431 1029 1517 μνῶν
1050 1429 1140 1500 πολὺ
1161 1430 1333 1501 πλειόνων
1349 1463 1375 1503 ιο

175 1533 197 1623 ἢ
222 1540 414 1605 διακοσίων·
442 1539 490 1615 είς
516 1536 656 1602 ἕκαστον
686 1535 723 1603 δέ
750 1538 819 1604 τῶν
847 1532 957 1604 ὀστῶν
984 1535 1048 1624 μὲν
1075 1532 1266 1623 ἀφικνεῖται
1293 1535 1331 1607 τὸ

173 1643 298 1730 τρέφον
329 1639 480 1728 ἀγγεῖον,
514 1636 532 1710 ὃ
564 1645 728 1710 καλοῦσιν
761 1645 797 1710 οί
823 1639 1001 1730 ἀνθρωττοι
1035 1644 1159 1731 φλέβα,
1191 1646 1262 1712 τῶν
1294 1644 1333 1714 δὲ

173 1752 270 1838 μνῶν
293 1745 453 1817 οὔτοῦτο
477 1747 602 1836 μόνον,
626 1745 709 1816 ἀλλὰ
733 1749 790 1817 καί
814 1746 955 1837 ἀρτηρία
983 1751 1039 1819 καὶ
1063 1753 1188 1838 νεῦρον
1217 1759 1273 1818 ίσα
1296 1777 1333 1820 τε

174 1857 281 1924 πάντα
305 1855 395 1923 ἐστὶν
417 1852 561 1944 ἀκριβῶς
583 1853 623 1924 τὰ
646 1854 730 1924 κατὰ
753 1854 792 1925 τὸ
817 1859 930 1938 δεξιὸν
948 1858 1050 1946 μέρος
1067 1861 1130 1927 τοῦ
1153 1857 1241 1952 ζῴον
1261 1873 1334 1940 τοῖς

175 1962 256 2030 κατὰ
280 1961 437 2049 θάτερον,
461 1959 585 2032 ὀστοῦν
608 1960 694 2055 ἀστῷ
718 1963 774 2032 καί
793 1967 858 2052 μῦς
875 1969 939 2053 μνῒ
959 1966 1014 2034 καί
1039 1965 1129 2053 φλὲψ
1152 1965 1251 2053 φλεβὶ
1275 1967 1332 2037 καὶ
1347 1991 1372 2036 ιο

176 2073 297 2157 νεῦρον
320 2068 428 2160 νεύρῳ
451 2071 505 2137 καὶ
532 2085 605 2151 ταῖς
632 2066 805 2159 ἀρτηρίαις
827 2067 990 2158 ἀρτηρίαι.
1038 2069 1092 2139 διὸ
1116 2071 1172 2139 καί
1196 2081 1330 2159 θαυμα-

211 2272 227 2320 3
250 2259 482 2334 κατορθούμενον
507 2265 586 2319 codd.
611 2266 673 2321 edd
702 2263 931 2335 κατωρθωμένον
954 2281 1019 2330 nou
1047 2265 1325 2336 of.1³rogr.11,1e‚

176 2336 238 2391 adn.
258 2343 338 2390 9.-
364 2330 595 2406 ὑπετιστεύκαμ
597 2356 628 2389 εν
653 2335 755 2403 MAB3
778 2335 813 2392 οἰ.
834 2335 917 2392 Proll.
940 2353 968 2406 p
989 2304 1108 2393 1δ1.-
1133 2335 1245 2406 ἔχοντες
1269 2353 1325 2394 om.

176 2407 253 2464 codd
278 2407 353 2473 edd.;
378 2407 412 2461 cf.
432 2405 554 2476 Proll.p
557 2413 696 2462 .109.-—
719 2404 785 2462 δοῖ
801 2424 853 2462 om.
873 2407 962 2460 M.—-
931 2408 1113 2476 -Θμερῶν
1132 2407 1204 2463 δέκα
1218 2407 1323 2477 ΜΚμ.

176 2470 227 2534 ούν
246 2478 316 2533 δέκα
336 2479 433 2547 ΑΒμ.
454 2473 531 2532 ὂνδ.
535 2425 645 2532 pCh.—-
667 2485 700 2533 10
719 2473 791 2533 πολύ
811 2495 865 2532 orn
884 2495 969 2546 p.-
995 2484 1026 2532 11
1053 2477 1081 2533 εί
1097 2496 1147 2550 pro
1167 2476 1208 2540 είε·
1227 2479 1262 2533 M.
1289 2509 1323 2519 -

178 2557 209 2604 13
232 2550 334 2619 νεῦρον
353 2549 382 2604 Μ
399 2499 488 2617 νεῦρα
506 2549 698 2604 ΑΒΟΙιΚμ
719 2555 753 2604 16
773 2544 893 2619 ἀρτηρία
911 2550 948 2606 Μ.
969 2580 1002 2590 -

176 2714 378 2799 existiment,
409 2736 475 2780 non
508 2713 549 2778 ab
581 2712 715 2779 homine
749 2713 858 2799 aliquo
892 2715 1014 2797 edocti,
1044 2713 1101 2782 sed
1127 2719 1245 2780 nature
1267 2737 1323 2780 no-

174 2811 297 2888 tionem
320 2819 482 2907 quendem
506 2820 586 2886 ertis
611 2842 631 2884 ει
652 2819 787 2886 fortuna
810 2824 997 2904 separatam
1019 2818 1189 2885 hebentes.
1231 2820 1322 2898 Quod

146 2929 261 2994 ·enim
285 2928 319 2994 in
342 2927 491 2994 omnibus
519 2926 616 2991 rebus
644 2927 825 3012 perfectum
849 2929 908 3008 est,
930 2925 964 2990 id
987 2925 1022 2989 in
1046 2927 1149 2990 artem
1167 2925 1322 3011 referunt,

174 3035 261 3122 quod
288 3035 321 3102 in
349 3058 416 3101 una
443 3039 500 3100 eut
527 3034 666 3118 duabus,
698 3033 851 3099 fortunae
878 3053 974 3117 opus,
1000 3051 1068 3097 non
1097 3029 1178 3095 artis
1207 3052 1321 3098 omnes

175 3143 317 3208 credunt.
366 3141 490 3207 Eadem
527 3141 661 3207 notione
697 3140 748 3205 usi
777 3140 801 3205 ii
829 3139 959 3222 medici,
995 3137 1051 3223 qui
1079 3157 1217 3222 corpora
1245 3158 1320 3221 epe·

174 3250 264 3314 riunt
295 3249 648 3334 patefaciuntquefiur
612 3250 715 3334 artem
743 3250 879 3313 naturae
908 3267 1020 3312 omues
1051 3243 1203 3313 admirati
1236 3246 1320 3308 sunt

174 3354 288 3440 Neque
313 3356 413 3440 enim,
441 3324 711 3441 quemadmodum
741 3355 940 3420 extrinsecus
970 3374 1007 3417 ex
1035 3351 1144 3416 decem
1172 3348 1239 3414 fere
1266 3349 1319 3415 vel

175 3462 345 3527 duodecim
368 3463 429 3545 vel,
452 3462 481 3528 si
499 3463 547 3527 ite
570 3461 670 3544 voles,
692 3460 811 3546 viginti
834 3459 983 3545 pertibus
1006 3456 1225 3540 compositum
1249 3475 1319 3521 esse

176 3590 292 3651 eorpus
317 3571 465 3652 apparet,
493 3569 542 3633 itu
570 3568 670 3633 etium
692 3590 727 3632 re
754 3589 831 3633 vera
854 3563 1019 3630 sehabet
1066 3559 1204 3629 Constet
1231 3561 1318 3628 enim

176 3697 214 3740 ex
238 3675 365 3741 ossibus
396 3675 545 3758 pluribus
573 3696 670 3760 quam
703 3674 864 3756 ducentis,
899 3672 996 3756 longe
1033 3669 1181 3755 pluribus
1218 3669 1317 3734 etism

176 3803 273 3868 quem
305 3781 449 3848 ducentis
480 3781 635 3846 musculis
669 3785 766 3864 etque
800 3780 839 3846 ud
871 3799 946 3844 osse
988 3775 1117 3861 singule
1152 3773 1319 3859 pertinent

177 3888 307 3974 singule
340 3909 419 3953 vase
454 3889 642 3953 alimentum
671 3887 853 3970 afferentia,
885 3906 965 3970 quas
994 3903 1092 3947 venes
1119 3883 1252 3962 vocent,
1276 3879 1316 3946 ed

176 3994 338 4060 musculos
370 4016 447 4060 vero
477 4017 543 4061 non
571 4015 672 4059 venue
696 3993 815 4078 solum,
847 4013 959 4058 verum
996 3990 1095 4055 etiem
1123 3985 1260 4052 arteriae
1284 3988 1317 4050 et

175 4102 265 4166 nervi
295 4102 482 4186 omniaque,
514 4123 596 4186 quae
631 4099 664 4164 iu
700 4100 815 4164 dextre
845 4102 938 4183 perte
971 4093 1121 4162 animulis
1150 4095 1243 4175 sunt,
1275 4089 1315 4156 ud

176 4208 336 4274 amussim·
354 4208 449 4292 paria
472 4211 547 4272 eunt
569 4207 621 4290 iis,
644 4227 725 4290 quue
749 4206 783 4271 in
806 4205 908 4270 altere
929 4207 1036 4288 perte,
1063 4221 1099 4266 os
1122 4197 1203 4280 ossi,
1230 4218 1315 4264 mus·

176 4315 265 4382 culus
288 4316 449 4398 musculo,
466 4335 550 4380 vene
572 4336 687 4398 venue,
714 4335 832 4379 nervus
858 4331 970 4393 nervo,
1002 4307 1128 4374 arteriis
1165 4306 1314 4401 arteriae.
