3376 5144
843 400 887 408 —
935 365 997 426 7114
1045 400 1086 406 --

392 549 460 590 των
489 526 694 607 διορίζεσθαι
722 519 762 587 τὰ
791 520 888 588 κοινὰ
919 523 988 586 τῶν
1022 523 1128 587 ίδίων.
1174 520 1228 587 καὶ
1255 520 1368 606 μέντοι
1396 519 1450 586 καί
1478 517 1539 596 τὰς

392 634 578 714 διαφωνίας
613 626 764 714 πρόσθεν
809 629 915 708 ἔδειξα
960 629 1118 694 ἐντεῦθεν
1155 632 1330 712 γεγονυίας
1370 623 1538 705 τοιαύτας,

390 733 501 803 ὁποῖαι
525 733 614 822 παρὰ
652 734 712 821 μὲν
748 748 818 812 τοῖς
855 740 980 820 ἰατροῖς
1008 736 1161 820 ἐγίνοντο
1191 739 1268 820 περί
1288 759 1321 800 τε
1344 731 1505 818 πτισάνης
1533 735 1536 820 l

324 862 379 917 776
389 843 535 930 χρήσεως
567 840 628 909 ὅσα
661 868 694 908 τε
728 839 810 908 ἄλλα
843 843 1064 928 προσφέρεται
1095 855 1166 919 τοῖς
1193 844 1350 924 νοσοῦσι,
1381 838 1468 925 παρὰ
1499 842 1536 906 δὲ

361 964 456 1027 ιτοῐς
497 948 699 1033 φιλοσόφοις
734 949 806 1034 περὶ
845 952 912 1016 τῶν
941 952 999 1034 τίγς
1027 951 1133 1034 ψυχῆς
1168 944 1309 1032 ἀρετῶν,
1342 947 1443 1014 ἐνίων
1474 947 1538 1034 μὲν

388 1057 553 1141 οἰομένων
577 1054 734 1132 διδακτὰς
757 1053 918 1142 ὑπάρχειν
942 1052 1058 1140 αὐτάς,
1083 1055 1182 1122 ἐνίων
1206 1053 1243 1120 δὲ
1267 1052 1410 1140 φυσικάς
1436 1049 1453 1140 ἢ
1478 1053 1536 1120 διὰ

388 1163 478 1228 docio
502 1161 555 1228 καὶ
575 1158 742 1248 ἀσκήσεως
760 1161 887 1248 κτιγτάς.
924 1167 953 1228 εί
971 1161 1034 1248 γὰρ
1054 1161 1095 1248 δὴ
1117 1160 1276 1249 διῄρηντο
1294 1160 1335 1228 τὰ
1351 1164 1389 1227 τί
1393 1187 1409 1240 ς
1429 1165 1537 1247 ψυχῆς

388 1273 459 1354 είδιγ
483 1269 537 1334 καὶ
561 1273 675 1354 σαφῶς
699 1269 886 1355 ἐγνώκεσαν
914 1271 1027 1354 ἕτερον
1054 1267 1115 1354 μὶν
1147 1265 1231 1334 εἶναι
1262 1266 1298 1334 τὸ
1333 1266 1536 1352 λογιστικόν,

388 1376 501 1462 ἕτερον
530 1375 565 1442 δὲ
594 1374 631 1442 τὸ
665 1375 804 1462 άλογον,
837 1373 951 1461 διττὴν
979 1380 1057 1460 ἔχον
1085 1375 1138 1440 καὶ
1169 1378 1267 1441 τοῦτο
1301 1373 1423 1462 τομήν,
1457 1373 1534 1442 οὔτε

348 1478 430 1548 ιοάν
457 1487 517 1548 τοῦ
546 1486 736 1568 λογιστικοῦ
763 1481 826 1570 τὴν
854 1481 1037 1568 ἐπιστήμην
1070 1477 1265 1570 ἀφῃροῦντο
1298 1495 1367 1560 τοῖς
1399 1507 1433 1548 τε
1457 1478 1534 1548 άλό-

386 1615 458 1674 γοις
485 1586 545 1656 οῦκ
582 1586 625 1656 dv
666 1586 767 1675 αὐτῆς
802 1594 1029 1676 μετεδίδοσαν.
1083 1587 1165 1656 ιόστε
1194 1586 1345 1667 κάκεΐνος
1374 1585 1391 1654 ό
1424 1587 1533 1674 λόγος.

387 1687 472 1786 ε’νῷ
500 1717 605 1782 φησιν
628 1693 646 1762 ό
672 1695 815 1763 Πλάτων
844 1694 983 1762 ἑκάστου
1010 1699 1077 1762 τῶν
1109 1693 1234 1780 όντων,
1262 1695 1335 1781 περὶ
1367 1691 1384 1760 li
1413 1696 1535 1781 ιε’χνιγν

386 1802 461 1869 τινὰ
481 1802 711 1890 συστήσασθαι
730 1801 934 1889 βουλόμεθα,
957 1801 1018 1888 τὴν
1043 1801 1150 1888 φύσιν
1174 1805 1231 1888 τῆς
1251 1799 1367 1880 οὐσίας
1389 1797 1534 1889 άκριβιῦς

387 1913 507 1995 χρῆναι
531 1911 669 1994 γνῶναι,
689 1912 855 1995 σννίγπταί
870 1936 903 1976 τε
918 1909 969 1975 καὶ
991 1923 1149 1976 κοινωνεῖ
1166 1922 1237 1987 ταῖς
1258 1911 1322 1974 νῦν
1346 1909 1534 1996 είριγμίναις

361 1999 557 2103 ιμεθόδοις.
602 2015 619 2084 ὁ
645 2015 707 2102 γὰρ
732 2015 834 2103 γνοὺς
857 2011 917 2102 οῦχ
942 2013 1070 2084 διπλοῦν
1095 2019 1132 2082 ’ἐν
1156 2014 1244 2095 εἶδος
1272 2017 1308 2082 ἐν
1340 2012 1417 2102 ἡμῖν
1445 2013 1533 2083 εἶναι

426 2231 467 2283 1
460 2250 487 2284 in
507 2231 672 2284 τοτ1ιίττῶν
692 2229 873 2284 ίδιωνδοοιιι
894 2233 1015 2298 excerpt
1034 2228 1163 2283 XXXXV
1179 2230 1256 2283 codd
1273 2229 1384 2282 FP-
1403 2225 1533 2297 δάτροὶς

389 2303 478 2357 Μ-
503 2299 579 2368 ιταρά
605 2322 633 2355 τε
653 2301 850 2355 lllABCh
876 2300 1032 2368 δίομένων
1053 2302 1088 2353 M
1116 2333 1146 2340 -
1176 2309 1189 2353 7
1214 2297 1249 2367 dri
1270 2319 1322 2355 om
1345 2300 1479 2355 ABChK.
1500 2332 1531 2340 »-

391 2369 535 2456 διήροντο
541 2374 598 2426 Ma
618 2369 785 2462 διιγροντοΒ
805 2373 955 2440 διῃροῦντο
971 2372 1040 2424 chr(
1042 2367 1212 2456 διιγρφντο
1214 2390 1275 2436 nos;
1295 2373 1328 2426 cs.
1345 2372 1427 2425 Proll.
1448 2391 1474 2440 γι
1490 2379 1531 2425 oo

414 2451 483 2498 -10
502 2439 598 2528 τουτ’
620 2440 775 2534 ίιιιρτιγμιγν
794 2443 926 2497 MABCh
951 2437 1049 2510 τήνγ’
1072 2440 1113 2495 εἰτ
1135 2443 1158 2495 Κ
1184 2438 1235 2508 τίγν
1220 2439 1297 2496 νέιτ.
1318 2460 1430 2496 noa—
1457 2449 1486 2495 11
1510 2445 1531 2494 Α

391 2509 523 2569 verbis
502 2533 570 2568 ωστε
592 2511 723 2577 κάκείνος
747 2516 830 2583 incip
850 2519 972 2600 excerpt.
951 2514 1131 2567 tXXXXVl
1152 2514 1232 2567 codd.
1253 2514 1309 2566 FP
1325 2514 1511 2583 desinitque
1505 2532 1532 2566 m

390 2588 475 2640 verbo
495 2582 632 2654 periodale
646 2591 688 2670 (v
711 2589 817 2652 15).—
846 2593 877 2639 12
903 2578 973 2638 lvd
994 2580 1151 2651 ΕῬΜέ
1176 2577 1197 2655 ᾦ
1222 2585 1364 2651 ΑΒΟΧΚγ
1389 2586 1423 2639 ο1.
1449 2585 1531 2638 Proll.

390 2677 415 2726 p
436 2664 513 2709 ‘25-
518 2665 585 2709 -14
606 2654 655 2725 χρὴ
676 2658 754 2711 codd.
775 2657 836 2710 edd.
857 2657 956 2724 χρίγναι
977 2674 1087 2709 nos.-
1111 2663 1141 2709 15
1161 2643 1352 2724 μεδοᾞδοιςΡ
1373 2687 1404 2696 -

391 2873 611 2956 singularibus
632 2871 850 2936 internoscere
869 2872 1040 2936 nescirent.
1079 2871 1184 2957 Atque
1205 2895 1303 2956 supra
1322 2872 1420 2936 etiam
1439 2873 1531 2938 doeni

389 2980 464 3044 lrine
491 2983 578 3044 ortas
603 3003 672 3042 esse
701 2978 918 3043 dissensiones
946 2979 1043 3062 tales,
1071 2981 1181 3064 quales
1210 2980 1293 3043 inter
1322 2980 1464 3044 medicos
1494 2981 1531 3042 de

389 3088 537 3172 ptisanae
562 3110 620 3150 usu
645 3085 856 3170 omnibusque
881 3085 963 3168 aliis,
987 3109 1069 3171 quae
1094 3087 1339 3170 aegrotantibus
1363 3087 1530 3171 porrigun-

389 3200 451 3278 tur,
475 3193 579 3259 factae
599 3197 715 3274 essent,
734 3195 819 3256 inter
837 3192 1049 3277 philosophos
1069 3194 1107 3256 de
1132 3193 1232 3257 animi
1251 3192 1437 3278 virtutibus,
1460 3217 1529 3258 cum

387 3301 536 3366 nonnulli
559 3299 732 3384 disciplina
755 3323 809 3364 eas
834 3301 1016 3383 comparari
1040 3323 1151 3383 posse,
1175 3301 1231 3364 alii
1255 3305 1371 3363 natura
1394 3323 1463 3364 esse
1487 3300 1531 3364 in·

390 3410 479 3490 sitast,
504 3408 559 3471 alii
584 3407 814 3471 consuetudine
839 3411 871 3469 et
895 3407 1126 3471 exercitatione
1151 3407 1273 3491 acquiri
1298 3430 1394 3491 posse
1425 3408 1531 3473 existi·

390 3517 524 3579 marent.
571 3514 631 3590 Qui
666 3515 692 3578 si
726 3513 826 3578 animi
865 3514 988 3596 speeies
1026 3513 1212 3578 divisissent
1248 3514 1410 3598 probeque
1438 3515 1530 3578 intel-

389 3622 545 3684 lexissent
574 3622 672 3685 aliam
701 3643 769 3684 esso
793 3620 1000 3704 rationalem,
1038 3620 1136 3683 aliam
1174 3619 1412 3704 irrationalem,
1449 3643 1531 3705 qnae

390 3731 486 3792 etiam
512 3729 584 3813 ipsa
609 3728 798 3812 bipartitam
827 3727 962 3790 haberet
986 3728 1176 3810 sectionem,
1204 3750 1307 3812 neque
1332 3751 1351 3790 a
1379 3728 1531 3792 rationali

390 3842 491 3900 seren
495 3859 559 3900 ram
588 3836 799 3899 abstulissent
831 3857 933 3919 neque
964 3834 1097 3898 eandem
1128 3834 1371 3899 irrationalibus
1404 3855 1530 3898 eonces-

390 3943 517 4006 sissent
577 3941 733 4017 Quocirca
771 3945 803 4004 et
789 3941 918 4005 tillnd
955 3941 1115 4024 Platonis,
1144 3946 1294 4006 naturam
1332 3940 1532 4004 substantiae

390 4049 641 4132 uniuscuiusque
672 4051 732 4133 rei,
765 4049 803 4112 de
833 4072 938 4133 qna
931 4054 1034 4111 artem
1065 4051 1206 4133 aliquam
1235 4069 1427 4130 componere
1456 4047 1531 4111 veli-

390 4180 470 4239 mus,
494 4156 667 4238 diligenter
690 4156 946 4240 cognoscendam
971 4178 1050 4237 esse,
1074 4157 1279 4220 coniunctum
1304 4157 1336 4217 et
1364 4176 1531 4218 commune

390 4263 443 4346 iis,
477 4263 514 4326 do
548 4263 666 4347 quibus
700 4262 795 4326 modo
819 4262 973 4344 diximus,
1006 4263 1067 4326 viis
1101 4285 1138 4326 ac
1161 4263 1342 4329 rationibus
1367 4265 1424 4324 est.
1471 4259 1529 4337 Qni

391 4369 475 4432 enim
499 4393 563 4434 non
592 4368 772 4452 simplicem
807 4393 904 4434 unam
936 4370 1036 4433 animi
1070 4369 1209 4452 speciem
1242 4368 1276 4431 in
1307 4368 1416 4452 nobis,
1449 4368 1530 4431 sicut
