3166 5192
540 449 582 462 -
633 413 788 478 559-

80 593 143 642 σιν
164 577 310 661 αἵματος.
347 569 388 642 οὐ
410 571 475 658 γάρ
495 568 644 658 ἐρυθρὸν
663 571 787 639 ἐκεῖνοί
807 595 844 655 γε
866 566 986 656 χυμόν,
1008 565 1092 637 ἀλλά
1115 568 1236 639 λευκὸν

79 681 141 748 καὶ
166 685 326 768 γλίσχρον
349 676 545 767 ἐργάζεσθαι
573 675 777 762 πεφύκασιν,
805 677 838 756 ἐξ
862 667 904 743 οὖ
926 673 947 762 ἦ
969 701 1004 742 τε
1027 678 1155 762 γένεσις
1176 675 1236 744 αδ-

80 800 158 866 τοίς
181 788 272 855 ἐστιν
295 783 317 873 ἥ
339 811 374 852 τε
397 782 534 870 αὔξησίς
556 809 590 850 τε
613 783 669 852 καὶ
691 785 825 871 θρέψις·
849 779 1077 850 ἀποδέδεικται
1102 783 1139 850 δὲ
1161 785 1234 870 περὶ

81 891 218 961 τούτων
242 893 279 960 ἐν
306 895 350 983 τῷ
374 891 523 981 προτέρῳ
546 891 620 977 περὶ
644 891 829 977 σπέρματος
855 887 1031 976 γράμματι.
1075 891 1129 956 καὶ
1156 889 1262 976 priene

83 1008 180 1088 εἴπερ
204 1003 251 1078 είς
268 995 390 1086 ὁμοίαν
414 998 508 1065 ίδέαν
530 999 575 1088 τῷ
599 994 838 1084 μεταβάλλοντι
859 999 864 1085 1
884 995 920 1064 τὸ
944 994 1235 1083 μεταβαλλόμενον
1245 1013 1299 1068 tul

83 1103 288 1194 ἀφικνεῖται,
304 1108 362 1192 τῆς
379 1108 440 1173 τοῦ
459 1102 583 1190 ἥπατος
601 1099 706 1172 αὐτοῦ
724 1101 846 1190 σαρκὸς
861 1099 964 1171 οὐδὲν
982 1097 1026 1170 ἀν
1045 1100 1156 1189 εὕροις
1169 1105 1236 1172 ἑπι-

21 1279 23 1284 .
84 1211 302 1299 τηδειότερον
331 1215 377 1290 είς
400 1213 538 1298 αἳματος
560 1211 702 1296 γένεσιν.
738 1215 768 1278 εί
789 1210 853 1296 γὰρ
871 1215 1058 1297 παχυνθείη
1081 1209 1119 1277 τὸ
1143 1205 1235 1304 αἷμα,

86 1318 172 1404 σάρξ
190 1317 314 1405 ἥπατος
332 1313 470 1406 ἀκριβὴς
489 1313 786 1404 ἀπεργασθήσεται.
821 1317 927 1385 πολλὰ
946 1316 982 1384 δὲ
1002 1311 1236 1404 ἀγνοήσαντες,

87 1423 195 1511 οἶμαι,
218 1427 286 1491 τῶν
309 1427 462 1511 φυσικῶν
485 1427 521 1492 oi
540 1430 687 1491 πλεῖστοι
714 1419 885 1510 πράγμαθ’
916 1419 997 1510 ἡμῖν
1022 1423 1236 1510 παρέχουσιν,

21 1525 22 1528 “
86 1522 138 1598 ὧν
166 1529 250 1598 ἀλλα
277 1531 315 1598 τί
340 1529 415 1598 τινά
448 1532 515 1598 έστι
543 1531 597 1597 καὶ
629 1529 669 1597 τὰ
702 1528 758 1597 διά
790 1533 847 1616 τῆς
873 1529 948 1616 περὶ
981 1531 1051 1596 τεάν
1083 1532 1236 1616 φυσικῶν
1252 1553 1277 1590 ω

90 1635 272 1724 δυνάμεων
293 1643 516 1726 πραγματείας
538 1633 808 1724 ἀποδεδειγμένα.
852 1637 1093 1724 περιστέλλεται
1124 1634 1188 1724 γὰρ
1216 1633 1236 1722 ἡ

88 1743 216 1831 γαστὴρ
239 1757 309 1823 τοῖς
331 1749 449 1823 σιτίοις
471 1745 612 1812 ἕλκουσα
638 1740 700 1811 τὸν
722 1747 846 1812 οίκεῑον
870 1743 969 1832 ἑαυτῇ
992 1739 1100 1829 χυμὸν
1124 1743 1157 1822 έξ
1180 1739 1237 1809 αὐ-

88 1855 173 1934 τῶν,
202 1857 273 1919 ἔστε
296 1845 339 1918 ἀν
362 1846 579 1918 ἀπολαύσασα
606 1850 660 1916 καὶ
687 1850 805 1928 τελέως
827 1851 1053 1937 έμπλησθεῖσα
1077 1847 1237 1934 διάσηται

88 1955 127 2024 τδ
152 1955 305 2045 περιττὸν
328 1955 418 2026 ἅπαν
440 1961 487 2035 είς
513 1955 576 2043 τὴν
603 1960 730 2042 νῆστιν.
774 1957 933 2024 ἐντεῦθεν
960 1955 996 2022 ol
1024 1946 1126 2035 αὖθις
1152 1956 1237 2022 ἕλκει

91 2063 129 2131 τὸ
160 2055 248 2150 ἧπαρ
277 2068 323 2142 είς
351 2061 448 2132 ἑαυτὸ
481 2063 827 2150 προκατειργασμένον
853 2060 956 2150 αὐτὸν
989 2063 1026 2130 έν
1052 2065 1092 2149 τῇ
1121 2063 1237 2148 γαστρὶ
1254 2085 1277 2124 ιο

91 2169 174 2236 κατὰ
189 2168 249 2237 τὸν
264 2175 455 2257 ἔμπροσθεν
468 2168 605 2256 χρόνον,
623 2166 665 2237 οὐ
682 2169 727 2256 μά
743 2175 811 2238 Δία
829 2173 888 2255 τῆς
904 2168 1048 2255 γαστρὸς
1066 2169 1162 2236 ἕνεκα
1176 2173 1237 2236 τοῦ

92 2275 215 2363 ἥπατος
233 2273 432 2362 ἀλλοιούσης
450 2271 565 2360 αὐτόν,
588 2271 670 2343 ἀλλὰ
689 2273 860 2344 ἀδύνατον
878 2279 924 2354 εἰς
940 2271 1064 2343 ταύτὸν
1083 2272 1238 2362 ἀλλήλοις

128 2479 144 2526 2
169 2465 203 2527 οδ
229 2473 285 2526 είτε
310 2471 419 2540 γένεσις
436 2471 474 2526 M.
499 2501 532 2510 -
556 2465 648 2539 αὐτῆς
673 2466 731 2525 ἐστὶ
749 2471 785 2526 Μ.
809 2502 843 2511 -
869 2477 901 2526 10
925 2471 975 2525 καὶ
997 2467 1049 2540 τὴν
1074 2465 1121 2525 διὰ
1142 2471 1178 2524 Μ.
1204 2501 1237 2512 -

96 2550 128 2654 P
148 2541 340 2677 ρρῐνᾶρρρεᾶφὲ
353 2543 500 2668 {3⁴1⁹an
520 2559 589 2597 corr.
609 2543 638 2596 in
657 2538 707 2596 τὸν
725 2541 831 2597 οἰκεῖον
846 2541 882 2596 Μ.
902 2573 936 2582 -
957 2547 989 2597 13
1009 2537 1150 2612 δηάσηται
1170 2542 1237 2597 ΜΔ.

95 2815 206 2898 Neque
235 2814 321 2879 enim
349 2813 482 2879 rubrum
512 2813 695 2898 humorem,
728 2813 782 2880 sed
811 2813 983 2880 candidum
1012 2817 1044 2878 et
1075 2815 1238 2899 viscosum

96 2924 132 2985 ut
153 2921 300 3007 gignant,
323 2925 440 2986 natura
463 2924 671 3006 comparatae
695 2923 784 3005 sunt,
810 2921 894 2987 unde
917 2924 951 2986 et
976 2921 1067 3005 ipsae
1090 2944 1238 3006 procree-

97 3033 149 3093 tae
173 3031 249 3093 sunt
271 3031 304 3092 et
326 3032 485 3114 augentur
508 3031 605 3114 atque
633 3028 777 3112 aluntur,
803 3027 928 3113 quade
951 3048 986 3091 re
1010 3027 1045 3092 in
1068 3027 1176 3111 priore
1199 3028 1238 3093 de

97 3137 216 3202 semine
249 3135 333 3201 libro
362 3136 443 3200 satis
474 3135 776 3200 demonstravimus.
830 3135 946 3221 Atqui,
979 3133 1007 3198 si
1034 3133 1164 3218 quidem
1196 3134 1239 3219 id,

97 3244 179 3328 quod
207 3247 364 3326 mutatur,
391 3243 427 3307 in
453 3243 611 3308 mutantis
639 3241 779 3308 similem
804 3241 945 3326 speciem
968 3241 1090 3324 evadit,
1120 3240 1238 3306 iecoris

97 3351 197 3434 ipsius
221 3372 317 3416 carne
339 3348 422 3414 nihil
447 3349 722 3416 accommodatius
742 3348 782 3415 ad
806 3349 973 3435 sanguinis
996 3349 1239 3433 generationem

99 3456 247 3539 reperias.
301 3456 336 3521 Si
368 3457 455 3520 enim
488 3458 620 3547 sanguis
654 3457 876 3542 conspissatus
908 3455 981 3540 erit,
1014 3477 1090 3521 caro
1122 3455 1239 3520 iecoris

99 3562 240 3646 perfecta
262 3562 429 3628 efficietur.
466 3561 529 3627 Sed
552 3563 698 3648 plerique
721 3562 931 3647 physicorum
954 3563 1123 3648 negotium
1144 3561 1239 3629 nobis

99 3668 269 3752 lacessunt,
292 3691 365 3734 cum
384 3669 488 3734 multa
506 3668 572 3734 alia
590 3669 750 3756 ignorent,
773 3672 910 3753 tumea,
932 3669 1066 3754 quaein
1085 3691 1181 3753 opere
1200 3670 1239 3734 de

100 3775 299 3842 naturalibus
324 3775 536 3842 facultatibus
554 3775 777 3842 demonstrata
796 3779 880 3841 sunt.
917 3775 1136 3860 Amplectitur
1154 3777 1240 3840 enim

101 3883 187 3950 cibos
205 3887 318 3948 venter
336 3883 614 3950 accommodatum
633 3882 697 3948 sibi
716 3904 847 3948 succum
862 3905 899 3946 ex
917 3881 959 3946 iis
979 3882 1120 3966 eliciens,
1139 3881 1240 3948 donec

102 3991 260 4052 saturatus
287 3993 320 4050 et
347 4011 481 4073 prorsus
508 3991 664 4076 repletus,
696 3989 850 4076 quidquid
878 4010 1153 4074 supervacaneum
1182 3993 1241 4074 est,

101 4093 133 4156 in
154 4093 295 4158 ieiunum
319 4094 510 4160 intestinum
538 4099 708 4182 propellat.
753 4098 832 4165 Inde
855 4119 966 4161 rursus
990 4097 1079 4160 iecur
1103 4096 1241 4160 attrahit

102 4199 139 4264 ad
157 4221 190 4264 se
210 4221 340 4266 succum
360 4201 395 4268 in
412 4205 524 4268 ventre
543 4204 633 4288 prius
653 4205 865 4289 elaboratum,
888 4203 944 4290 qui
962 4224 1028 4267 non
1046 4224 1105 4286 per
1122 4201 1239 4268 Jovem

102 4329 136 4371 ea
157 4307 194 4371 de
218 4329 317 4372 eausa
340 4331 359 4372 a
382 4311 492 4375 ventre
514 4309 718 4395 immutatur,
740 4315 778 4376 ut
799 4311 899 4404 iecori
922 4309 1159 4394 suppeditetur,
1183 4309 1239 4374 sed

102 4416 172 4498 qnia
200 4415 268 4479 fieri
297 4437 362 4480 non
390 4419 512 4502 potest,
539 4419 617 4503 quin
645 4419 708 4484 duo
741 4439 877 4501 corpora
908 4419 943 4482 in
975 4416 1060 4482 idem
1088 4417 1239 4482 coeuntia
