3246 5148
797 373 1018 437 ..40-

330 538 411 602 illud
438 538 591 602 mendum
618 539 669 599 est
695 557 726 618 p.
750 535 813 600 537
842 538 919 618 post
941 533 1023 598 med.
1048 530 1080 610 ἐξ
1108 527 1232 615 ἥπατος
1259 524 1280 615 ἢ
1303 533 1492 616 καρδίας,

331 645 417 729 ηοοδ
445 643 651 707 Basileenses
681 643 763 707 bene
794 643 1003 708 correxerunt
1033 637 1065 716 ἐξ
1097 634 1223 721 ἥπατος
1254 640 1309 715 είς
1340 639 1492 720 καρδίαν

332 751 523 834 scribentem
555 772 586 833 p.
614 749 679 814 536
708 753 784 832 post
811 747 892 811 med.
926 746 1106 811 similitudo
1138 746 1322 810 litterarum
1353 768 1374 808 ιι
1401 749 1436 808 et
1465 769 1491 827 μ

331 855 586 939 incausatum,
614 855 700 939 quod
729 856 762 919 in
785 854 860 918 MA
889 853 1085 917 scriberetur
1111 849 1204 916 τουτὶ
1232 847 1295 935 γὰρ
1320 850 1491 916 δέδεικται

333 963 413 1028 ἐκεῖ
428 985 486 1046 pro
507 960 673 1026 δίδειιιταί
688 985 770 1046 μοι,
789 959 874 1044 qnod
888 958 1094 1022 Basileenses
1115 961 1324 1043 agnoverunt.
1356 959 1490 1041 Menda,

332 1093 415 1154 quae
439 1092 456 1134 e
478 1069 711 1154 pronuntiandi
734 1067 897 1152 pravitate
918 1067 991 1129 orta
1010 1069 1099 1148 sunt,
1122 1066 1226 1130 multa
1248 1066 1283 1130 in
1302 1065 1332 1129 A
1355 1065 1491 1129 residua

332 1178 477 1258 fuenmt,
508 1197 525 1240 e
556 1175 672 1258 quibus
702 1174 783 1238 huec
813 1195 918 1256 pauca
954 1172 1220 1238 emendaverunt:
1249 1195 1281 1256 p.
1311 1173 1375 1236 229
1409 1175 1490 1236 ante

332 1283 414 1347 med.
441 1293 512 1358 τοῖς
539 1276 570 1346 δ’
602 1276 752 1364 ἐσχάτοις
779 1273 899 1362 αὐτῆς
926 1276 1043 1363 πέρασι
1073 1273 1201 1364 (αὐτοῖς
1227 1276 1330 1365 ΜΛ),
1358 1303 1389 1363 p.
1419 1281 1489 1344 363

333 1389 415 1454 med.
446 1385 751 1472 καταλειβομένοιο
786 1384 1075 1472 (καταλιβομίνοιο
1111 1384 1204 1472 ΜΛ),
1241 1407 1271 1468 p.
1304 1386 1368 1449 667
1403 1388 1489 1451 med.

334 1491 502 1580 διάσηται
531 1491 714 1579 (δηοίσηται
737 1491 831 1578 ΜΛ),
859 1514 889 1577 p.
917 1493 981 1556 597
1006 1495 1082 1575 post
1111 1492 1192 1556 med.
1216 1485 1372 1575 ἀμαθής
1394 1491 1490 1557 ἐστιν

334 1596 450 1677 οὐσίας
482 1595 616 1684 ἀγαθοῦ
652 1595 815 1684 (ἀμαθίας
846 1597 911 1662 ΜΛ
943 1597 1083 1662 fortasse
1118 1622 1156 1662 ex
1188 1593 1313 1683 ἀμαθίς
1346 1599 1489 1685 natum),

333 1731 365 1792 p.
390 1709 453 1773 793
482 1711 558 1790 pont
586 1708 628 1770 in.
658 1702 952 1770 διακινδυνευτὲον
980 1704 1308 1790 (διακινδυνεοταῖον
1335 1705 1429 1790 ΜΛ),
1457 1730 1488 1790 p.

335 1815 400 1878 622
423 1819 499 1898 post
523 1815 565 1878 in.
588 1807 780 1896 ὁρμώμεθα
804 1805 1008 1897 (ὦρμάμεθα
1032 1808 1090 1897 Λ),
1113 1835 1142 1895 p.
1162 1811 1227 1876 516
1247 1817 1326 1876 extr.
1351 1807 1396 1888 ὡς
1421 1808 1489 1896 ἀρα

336 1913 430 1984 αὐτὸ
455 1912 559 2006 (αὐτῷ
583 1917 671 2004 ΜΛ).
721 1917 845 1984 Deinde
873 1918 973 1980 verba
1000 1919 1175 2002 geminatis
1203 1918 1255 1982 vel
1281 1919 1488 2001 simplicibus

335 2026 454 2091 litteris
486 2025 604 2089 vitiose
637 2025 761 2108 scriptu
794 2028 1012 2109 correxerunt3
1050 2047 1080 2107 p.
1113 2025 1178 2090 640
1210 2030 1287 2108 post
1323 2027 1365 2090 in.
1398 2022 1489 2102 ὅπως

337 2128 459 2208 άλλως
485 2126 558 2215 ἤτοι
586 2129 660 2214 περὶ
689 2127 750 2194 τὸν
777 2125 874 2213 ἥλιον
906 2122 926 2213 ι)
956 2126 1019 2213 τὴν
1051 2127 1194 2214 σελήνην
1221 2131 1315 2218 (ΜΛ)
1346 2133 1490 2197 feliciter

337 2242 545 2306 mutaverunt
563 2239 598 2303 in
617 2233 705 2312 ὅπως
729 2231 830 2312 ἀλως
852 2259 880 2301 κ.
905 2260 933 2301 τ.
955 2241 999 2318 λ.,
1027 2259 1057 2320 p.
1076 2237 1139 2302 447
1164 2242 1241 2320 post
1263 2239 1305 2303 in.
1324 2232 1370 2304 δι’
1397 2235 1489 2304 ὅλων

337 2341 491 2430 ἀλλήλοις
523 2342 731 2429 κεκραμμένα
764 2344 799 2407 in
829 2341 1055 2426 κεκραμένα;
1090 2366 1201 2407 rursus
1234 2342 1421 2411 διαλάττειν
1454 2349 1490 2411 in

337 2448 557 2531 διαλλάττειν,
581 2450 782 2534 γεγενῆσθαι
806 2450 838 2514 in
864 2449 1086 2533 γεγεννῆσθαι
1110 2453 1143 2513 et
1167 2450 1232 2515 aliu
1254 2451 1488 2520 huiuscemodi.

336 2560 439 2625 Iidem
465 2560 593 2623 litteras
622 2557 809 2639 syllabasve
837 2561 874 2620 ut
900 2579 1071 2639 perperam
1099 2556 1239 2622 omissas
1269 2560 1489 2644 expleverunt,

338 2667 384 2729 itu
418 2664 544 2729 additas
578 2663 779 2746 deleverunt,
812 2685 1008 2746 quamquam
1041 2685 1174 2746 perraro
1206 2664 1239 2728 id
1271 2665 1395 2732 factum
1428 2673 1488 2731 est.

338 2770 486 2854 Insignia
510 2772 586 2832 sunt
609 2769 758 2852 exempla
781 2770 858 2834 duo:
882 2792 912 2852 p.
931 2770 994 2834 537
1020 2773 1094 2834 ante
1118 2771 1199 2834 med.
1222 2771 1288 2835 ΜΛ
1310 2770 1402 2837 τουτὶ
1425 2772 1489 2858 μὲν

340 2865 403 2941 οὖν
427 2874 484 2960 (se.
507 2871 544 2939 τὸ
569 2867 664 2960 αἷμα)
689 2869 734 2950 ὡς
756 2870 795 2939 τὰ
819 2872 924 2939 πολλὰ
947 2872 1211 2961 χαλεπότερόν
1233 2870 1261 2940 τ’
1290 2876 1373 2962 ἐστί,
1400 2880 1428 2946 Β
1453 2883 1488 2945 iu

338 2982 485 3068 margine
509 2977 747 3067 λεπτότερον
770 2987 869 3067 reete3
894 3006 923 3065 p.
940 2983 1006 3046 540
1029 2982 1111 3046 med.
1130 2982 1195 3047 MA
1219 2978 1294 3068 ἄχρι
1317 2986 1378 3050 τοῦ
1401 2987 1487 3051 δευ-

337 3086 470 3172 τίρον,
489 3087 516 3152 Β
541 3089 575 3152 in
594 3090 740 3173 margine
765 3084 840 3172 ἀχρι
857 3090 919 3155 τοῦ
938 3089 1055 3174 δεῦρο
1079 3090 1174 3172 bene,
1196 3112 1272 3153 num
1292 3096 1341 3154 est
1360 3091 1488 3158 ‘hueus-

339 3217 414 3280 que,
437 3217 538 3278 usque
562 3195 658 3259 adid
682 3195 831 3279 tempus’.
879 3196 1025 3279 Denique
1049 3196 1193 3260 animum
1217 3197 1424 3262 adverterunt
1447 3199 1488 3262 ud

340 3325 378 3368 ea
400 3302 514 3384 verbe,
538 3323 619 3385 quae
642 3301 676 3364 in
695 3301 725 3365 A
743 3304 829 3367 mule
848 3305 1016 3367 eontracta
1039 3305 1095 3365 aut
1118 3302 1275 3366 distracta
1299 3307 1382 3368 sunt.
1422 3305 1488 3368 Itu-

340 3431 401 3494 que
425 3430 483 3492 pro
507 3403 689 3482 διαπαντός
712 3409 912 3491 seripserunt
934 3404 990 3471 διὰ
1013 3403 1136 3483 παντός
1159 3407 1229 3494 (sed
1252 3431 1318 3474 non
1337 3412 1488 3476 omnibus

338 3513 449 3599 loeis),
480 3536 539 3597 pro
577 3515 749 3598 διαπείρας
780 3513 874 3600 (ΜΛ)
907 3537 937 3598 p.
971 3514 1035 3578 768
1066 3519 1140 3578 unte
1171 3514 1252 3578 med.
1280 3511 1337 3580 διὰ
1363 3519 1488 3601 πείρας,

341 3619 415 3684 aliis
443 3620 525 3684 loeis
553 3643 612 3703 pro
641 3612 684 3683 ἀν
711 3616 817 3705 ἐφάνη
845 3619 938 3707 (ΜΛ)
966 3614 1132 3703 ἀνεφάνη,
1162 3643 1221 3704 pro
1251 3615 1488 3708 ἀποβλάστημά

341 3719 369 3789 τ’
396 3719 682 3810 ἀποβλαστήματ’,
710 3751 768 3810 pro
796 3723 841 3812 μὴ
870 3723 907 3791 δὲ
932 3728 991 3810 μία
1018 3727 1176 3810 μηδεμία,
1204 3751 1399 3813 quamquam
1422 3752 1489 3794 nun

342 3832 477 3915 ubique,
498 3854 558 3915 pro
582 3832 662 3916 μετὰ
685 3833 803 3918 μῶμον
825 3857 855 3917 p.
876 3833 942 3897 595
965 3837 1040 3916 post
1063 3833 1144 3896 med.
1167 3834 1202 3898 in
1225 3835 1371 3920 margine
1393 3860 1488 3919 μετα-

342 3939 454 4023 βῶμεν
485 3934 579 4023 (μετὰ
606 3940 722 4022 βώμον
749 3939 813 4024 Μ),
842 3961 900 4022 pro
928 3932 1024 4002 πάντ’
1055 3927 1118 4002 οὖν
1146 3935 1207 4004 ὅσα
1235 3938 1322 4023 περὶ
1350 3937 1393 4005 τὰ
1420 3944 1488 4006 τῶν

343 4040 603 4129 ἐπιχειρημάτων
626 4068 655 4128 p.
680 4045 743 4109 218
769 4046 828 4108 sub
856 4047 908 4110 fin.
933 4045 1055 4129 optime
1078 4067 1110 4109 π.
1133 4068 1160 4109 ο.
1184 4040 1212 4109 ὅ.
1240 4043 1489 4129 περιπατῶν

344 4152 383 4229 ἐ.;
416 4176 446 4236 p.
475 4152 538 4217 517
566 4151 601 4215 in
629 4151 693 4215 MA
727 4145 807 4214 ἀλλ’
839 4145 898 4215 ὅτι
926 4146 1028 4232 εἶδος,
1059 4150 1087 4215 Β
1117 4146 1208 4215 ἀλλο
1235 4176 1271 4215 τι
1299 4147 1401 4234 εἶδος,
1432 4156 1488 4218 sed

344 4259 548 4323 scribendum
573 4262 624 4323 est
645 4252 725 4322 ἀλλο
749 4279 787 4321 τε
810 4256 872 4322 hoe
891 4258 963 4323 loco
982 4257 1160 4323 Platonico.
1198 4256 1260 4322 Sed
1278 4259 1313 4322 in
1331 4257 1392 4324 hoe
1410 4283 1487 4346 quo·
