3228 5148
605 374 847 439 -103-

146 533 223 616 hos,
246 555 328 618 quos
352 534 448 598 modo
471 534 716 618 exscripsimus,
738 533 820 598 loeis
839 534 997 600 librorum
1021 534 1060 598 de
1079 533 1214 599 Plsoitis
1234 531 1297 598 Ge.-

145 641 241 704 lenus
265 633 307 706 οὐ
329 636 403 726 (μη)
426 677 469 686 -
488 632 572 704 οὐδέ
596 635 710 726 (μηδεῦ
738 640 785 704 uti
814 640 898 706 solet
924 662 983 705 neo
1007 633 1083 705 οὔτε
1106 635 1215 727 (μήτε)
1238 663 1298 724 pro

146 739 232 812 οὐδέ
247 744 361 832 (μηδέ)
380 769 476 812 sensu
489 768 528 812 ιιι
541 783 584 794 -
602 747 724 828 quaen
737 747 886 831 praedito
903 747 1021 830 posuit.
1049 745 1165 830 Itaque
1184 768 1296 812 omnes

144 853 223 918 illos
246 854 336 918 locos
359 855 408 919 its
434 854 671 937 reparavimus,
699 857 735 916 ut
761 875 838 918 usus
862 851 978 918 Geloni
1004 852 1123 937 ubique
1148 875 1221 918 oum
1243 875 1296 917 ve·

144 965 253 1024 terum
277 959 473 1026 Graecorum
496 981 557 1023 usu
581 958 774 1024 concineret.
806 958 858 1024 An
881 960 1053 1044 quisquam
1076 981 1144 1024 rem
1167 959 1203 1024 in
1225 959 1297 1024 reli-

144 1068 278 1152 gionem
301 1067 424 1150 trahet,
448 1067 477 1130 si
499 1089 530 1149 p.
547 1065 613 1128 459
636 1087 667 1148 p.
686 1065 767 1128 med.
783 1058 824 1129 οὐ
837 1060 905 1149 μὴν
928 1059 1112 1131 ἀκολουθεῖ
1131 1089 1168 1149 γε
1192 1065 1296 1131 ταῦτα

144 1185 217 1249 τοῖς
236 1176 433 1256 Χρυσίππου
456 1169 622 1256 δόγμασιν
641 1166 750 1254 ὥσπερ
774 1166 865 1236 οὔτε
882 1167 919 1236 τὸ
944 1168 1030 1257 (lege
1049 1170 1110 1260 τῷ)
1128 1173 1296 1258 μηδεμίαν

143 1281 315 1344 οι’κείωσιν
337 1273 423 1344 εἶναι
446 1275 545 1363 φύσει
567 1273 650 1362 πρὸς
672 1271 803 1361 ἡδονήν
825 1278 860 1342 in
882 1276 1079 1343 MABChK
1102 1278 1236 1364 legitur,
1260 1279 1294 1343 in

143 1385 264 1470 quibus
287 1409 318 1470 p.
337 1387 400 1450 467
426 1408 456 1469 p.
480 1409 521 1450 m.
545 1380 697 1469 καθάπερ
721 1376 817 1466 οὐδέ,
839 1406 869 1468 p.
888 1383 953 1448 553
971 1407 1003 1468 p.
1022 1407 1064 1450 m.
1083 1380 1193 1470 ὥσπερ
1216 1378 1291 1449 οὐδ’

143 1487 196 1558 ἐπ’
223 1485 405 1580 ἀρτηριῶν,
432 1515 462 1576 p.
486 1492 549 1556 561
580 1514 607 1556 a.
633 1492 686 1555 fin.
713 1485 865 1575 καθάπερ
894 1484 968 1556 οὐδ’
995 1491 1039 1572 εί,
1062 1514 1093 1574 p.
1121 1490 1185 1557 569
1215 1495 1293 1556 extr.

143 1594 257 1682 ὥσπερ
281 1591 377 1679 οὐδέ,
399 1621 430 1681 p.
453 1598 518 1662 594
541 1621 571 1681 p.
595 1598 637 1662 in.
660 1591 770 1681 ὥσπερ
795 1590 869 1661 οὐδ’
895 1591 1008 1678 ἄλλος,
1032 1620 1063 1681 p.
1077 1598 1142 1662 599
1161 1619 1191 1681 p.
1210 1599 1292 1664 med.

141 1701 297 1788 καθάπερ
321 1697 394 1770 οὐδ’
408 1697 582 1789 Ἀρίστων,
606 1727 636 1788 p.
651 1703 716 1770 605
740 1726 767 1768 α.
789 1704 870 1768 med.
893 1698 1004 1786 ὥσπερ
1027 1696 1101 1768 οὐδ’
1118 1705 1158 1786 εί,
1180 1727 1211 1788 p.
1226 1705 1289 1769 611

141 1813 187 1876 in.
211 1805 363 1897 καθάπερ
391 1804 466 1876 οὐδ’
492 1813 536 1893 εί,
563 1835 593 1894 p.
617 1810 682 1874 634
706 1812 785 1874 extr.
808 1803 918 1894 ὥσπερ
947 1803 1041 1892 οὐδέ,
1070 1833 1099 1894 p.
1123 1812 1189 1875 660
1212 1814 1290 1875 extr.

141 1913 296 2001 καθάπερ
320 1911 394 1983 οὐδ’
420 1912 499 1999 ὅσα,
526 1940 555 1998 p.
579 1917 643 1981 679
668 1938 695 1980 s.
720 1916 801 1981 med.
823 1911 934 2001 ὥσπερ
958 1910 1038 1981 οὐδὲ
1060 1915 1143 2001 πῦρ,
1170 1940 1201 2000 p.
1225 1917 1288 1982 681
1396 1988 1400 1996 p

141 2031 223 2089 extr.
251 2020 402 2109 καθάπερ
431 2017 504 2088 οὐδ’
528 2016 735 2106 Ἱπποκράτει
764 2022 921 2106 seriptum
949 2023 1155 2088 invenimus?
1200 2023 1289 2108 Ergo

140 2151 202 2196 nos
230 2153 296 2196 non
323 2129 474 2216 religioni
501 2128 674 2220 habuimus
703 2129 737 2192 in
764 2129 925 2214 exemplo,
954 2129 1038 2214 quod
1066 2131 1207 2213 primum
1235 2152 1290 2213 po-

141 2237 278 2320 suimus,
291 2241 405 2302 eontra
419 2235 508 2302 codd.
518 2235 658 2300 seribere
673 2229 751 2300 οὐδὲ
761 2229 998 2318 Ἱπποκράτους
1012 2229 1084 2300 οὐδ
1090 2231 1104 2299 i
1119 2231 1289 2318 Πολύβου.

231 2341 387 2426 Inprimis
411 2364 487 2408 vero
513 2341 664 2426 frequens
692 2344 742 2406 est
768 2342 981 2406 commutatio
1005 2341 1287 2425 Praepositionum

139 2443 225 2530 πρός
248 2453 281 2512 ε1
302 2444 368 2533 πρό
392 2452 425 2512 et
447 2449 583 2514 seorsim
606 2449 788 2532 positarum
812 2452 940 2512 etcum
963 2447 1070 2512 verbis
1094 2447 1288 2530 composita·

140 2577 222 2620 rum.
267 2555 302 2619 P.
325 2555 391 2619 425
414 2577 442 2619 a.
465 2556 546 2619 med.
570 2552 741 2620 MABch:
769 2550 832 2639 πρὸ
856 2554 915 2638 τῆς
936 2547 1140 2636 pontionem
1163 2553 1286 2618 Bakius

140 2662 326 2727 emendavit
351 2656 434 2746 πρὸς
464 2661 522 2744 τῆς
552 2663 582 2744 β.
609 2662 705 2745 idque
737 2662 860 2745 recepit
887 2660 926 2725 K.
976 2659 1065 2724 idem
1099 2660 1172 2724 eliis
1203 2660 1286 2726 locis

139 2763 185 2853 (p.
204 2767 270 2832 315
290 2790 317 2832 a.
332 2769 398 2852 fin,
421 2790 451 2850 p.
466 2767 530 2832 548
554 2791 584 2852 p.
604 2769 696 2852 med,
719 2789 749 2852 p.
764 2769 830 2832 670
848 2791 876 2831 a.
895 2764 990 2852 nied.)
1013 2763 1286 2851 προσγράψαντα,

139 2875 359 2958 προσχρῆται,
382 2869 560 2958 προελθών
582 2874 738 2958 restituit;
763 2874 817 2938 sed
836 2896 903 2939 non
922 2873 1071 2938 omnibus
1094 2872 1175 2938 loeis
1199 2896 1286 2938 men-

140 2978 216 3043 dum
240 2980 478 3044 animadvertit.
523 2977 558 3043 P.
581 2980 646 3044 359
674 2980 760 3043 enim
787 2980 957 3044 restituere
985 2979 1097 3043 debuit
1117 2979 1186 3043 τῶν
1207 3003 1285 3065 χρη-

140 3088 249 3168 σίμων
266 3086 305 3170 τῇ
324 3084 522 3171 προκειμένῃ
537 3087 741 3171 πραγματείᾳ
756 3082 949 3170 προστιθεὶς
967 3079 1029 3150 οὐκ
1048 3078 1155 3167 ὀλίγα,
1173 3107 1204 3169 p.
1218 3086 1284 3150 482

140 3213 167 3256 α
191 3191 273 3256 med.
296 3188 513 3277 προσγράψας
533 3188 596 3276 τὴν
618 3191 726 3276 ῥῆσιν.

228 3297 275 3363 Ut
298 3302 405 3362 autem
426 3295 510 3385 πρός
533 3294 668 3383 ε1πρό,
691 3298 739 3363 ite
761 3299 809 3373 είς
831 3301 865 3361 et
887 3298 917 3362 εί
938 3297 1024 3361 inter
1046 3318 1080 3360 se
1099 3299 1283 3380 permuten-

138 3409 204 3490 tur;
231 3405 267 3469 in
289 3403 324 3468 M
347 3407 378 3468 εί
398 3400 458 3470 τόν
481 3428 540 3489 pro
564 3408 610 3482 είς
632 3400 708 3486 τόν,
735 3406 769 3469 in
792 3402 861 3467 MA
885 3404 932 3479 είς
958 3398 995 3467 τὸ
1020 3401 1147 3487 σπέρμα
1170 3424 1229 3486 pro
1253 3405 1284 3468 εί

138 3507 175 3576 τὸ
204 3508 332 3594 σπέρμα
360 3508 405 3596 (p.
428 3510 493 3576 523
521 3509 617 3599 med.)
646 3512 804 3595 seriptum
832 3511 890 3574 est.
936 3509 1006 3584 Qua
1035 3531 1074 3572 ex
1104 3513 1282 3575 commute-

136 3617 226 3682 tione
256 3622 369 3681 netum
399 3617 480 3682 mihi
510 3618 637 3682 videtrn
666 3618 796 3700 vitium,
826 3638 890 3701 quo
920 3615 1025 3680 oratio
1053 3637 1084 3698 p.
1108 3615 1172 3680 583
1203 3619 1282 3681 extr.

136 3725 279 3788 laborat:
298 3717 442 3807 Ὁμήρου
463 3720 683 3808 μνημονεύσω
706 3720 767 3788 τὸν
794 3717 915 3787 Τιτυὸν
939 3724 994 3797 είς
1007 3716 1126 3786 ‘'Ardov
1148 3718 1281 3801 κολαζό-

136 3853 241 3912 μενον
264 3823 469 3911 είσάγοντος,
493 3829 548 3894 nbi
567 3853 626 3895 nos
650 3828 691 3894 ἐν
705 3825 824 3894 ’Ἅιδου
841 3828 1012 3893 refecimus
1030 3832 1218 3912 reputantes
1243 3853 1281 3894 ex

137 3935 174 4000 ἐν
196 3936 266 4000 fieri
289 3934 434 4020 potuisse
458 3938 501 4016 τί,
525 3959 562 4000 ex
586 3938 617 4000 εί
639 3937 699 4018 είς,
722 3935 785 4000 nisi
804 3935 889 4000 forte
908 3935 1058 4000 vicinitas
1077 3935 1169 4001 verbi
1192 3931 1280 3999 είσά-

136 4065 255 4124 γοντος
276 4042 358 4106 illud
380 4044 428 4119 είς
449 4043 570 4128 gennit.
614 4041 844 4107 Permutsntur
866 4042 965 4106 etiam
989 4061 1085 4124 saepe
1108 4045 1167 4106 καί
1186 4033 1279 4126 (κάν)

137 4153 169 4213 et
195 4143 278 4212 κατά
307 4149 360 4213 vel
391 4142 462 4213 κατ’
488 4143 615 4236 (καθ’),
648 4172 678 4233 p.
708 4149 770 4213 797
800 4152 878 4214 extr.
906 4131 1092 4212 κάνταντόν
1120 4145 1279 4211 MABOh
1382 4205 1385 4212 .

135 4256 307 4340 praebent,
333 4255 472 4320 Kreote
500 4251 581 4320 κατὰ
608 4249 741 4320 ταύτόν.
784 4254 875 4320 Idem
897 4254 1020 4338 debuit,
1048 4254 1133 4338 quod
1159 4276 1190 4336 p.
1213 4255 1279 4319 282

135 4385 166 4448 p.
188 4361 272 4430 med.
298 4361 334 4426 in
356 4361 425 4428 MA
448 4362 581 4454 legitur:
608 4359 671 4428 καὶ
701 4358 843 4430 ἑαυτοῦ
870 4369 940 4442 τοῖς
967 4355 1079 4444 λόγοις
1106 4355 1278 4449 ἐχρήσατο,
