3212 5146
543 441 698 506 -605
745 479 784 486 -

70 599 156 682 κόν,
184 595 246 686 ούχ
265 593 311 676 ὥς
333 592 433 664 ούσία
457 599 566 683 ψυχῆς
583 593 745 683 ὑπάρχον,
769 591 851 662 ἀλλὰ
871 591 916 674 ὡς
935 592 1083 681 ὄργανον
1100 597 1234 683 πρῶτον

68 703 188 794 αὐτῆς
213 702 369 789 οίκούσης
391 701 473 770 κατά
492 701 553 770 τὸν
576 703 771 788 ἐγκέφαλον,
794 697 894 768 ὁποία
911 725 961 778 τις
983 695 1027 767 ἀν
1049 691 1070 789 ἦ
1092 701 1154 790 τὴν
1178 699 1232 770 ού·

70 819 171 880 σίαν.
224 809 334 896 ὥσπερ
363 808 399 876 δὲ
427 809 464 876 τὸ
495 813 631 891 ζωτικὸν
658 811 788 894 πνεῦμα
815 805 898 874 κατὰ
930 805 989 886 τάς
1016 803 1173 896 ἀρτηρίας
1199 835 1233 878 τε

70 921 132 986 καὶ
160 917 228 1006 τὴν
250 919 393 1004 καρδίαν
415 918 572 1001 γεννᾶται
595 917 658 1002 τὴν
675 913 762 1001 ῦλην
781 919 857 1000 ἔχον
879 917 937 1000 τῆς
959 913 1118 999 γενέσεως
1141 919 1176 982 ἔκ
1199 941 1233 983 τε

71 1031 141 1112 τῆς
172 1027 331 1109 είσπνοῆς
357 1021 412 1090 καὶ
444 1025 501 1108 τῆς
528 1025 596 1089 τῶν
628 1024 743 1108 χυμοῦν
771 1017 1043 1105 ἀναθυμιάσεως,
1076 1019 1163 1090 οὕτω
1196 1019 1260 1090 τὸν

74 1128 233 1218 ψυχικὸν
262 1131 296 1197 ἐκ
323 1131 384 1196 τοῦ
409 1131 546 1210 ζωτικοῦ
569 1126 853 1214 κατεργασθέντος
881 1125 932 1192 ἐπὶ
955 1125 1058 1193 πλέον
1085 1131 1148 1214 ἔχει
1171 1125 1234 1214 τὴν

74 1239 232 1324 γένεσιν·
262 1237 362 1322 ἐχρῆν
389 1233 453 1322 γάρ
477 1233 587 1320 δήπου
616 1237 744 1319 μᾶλλον
767 1227 924 1298 ἁπάντων
947 1227 1028 1299 αὐτὸ
1052 1238 1234 1320 μεταβολῆς
1274 1291 1285 1304 .

44 1391 45 1398 1
76 1341 248 1432 ἀκριβοῦς
269 1355 391 1428 τυχεῖν.
437 1349 526 1428 εἰπερ
551 1332 614 1408 οῦν
636 1339 673 1407 τό
697 1365 731 1406 τε
755 1337 882 1424 σπέρμα
906 1336 1021 1405 καὶτὸ
1046 1339 1142 1424 γάλα,
1164 1347 1233 1408 καί·

76 1477 132 1518 τοι
168 1475 207 1536 γε
240 1445 483 1534 ἀπολειπόμενα
515 1457 555 1536 τῇ
587 1445 727 1533 δυνάμει
760 1447 821 1512 τοῦ
858 1447 1001 1530 ψυχικοῦ
1036 1445 1233 1532 πνεύματος,

79 1555 176 1644 ὅμως
205 1551 225 1643 ἡ
254 1553 355 1642 φύσις
382 1551 527 1640 ἀκριβῶς
553 1551 810 1640 κατεργάζεσθαι
839 1551 981 1637 δεομένη
1008 1550 1233 1640 πολυχρόνιον
1248 1571 1272 1608 ¹0

44 1715 45 1722 ι
79 1661 203 1742 αὐτοῖς
221 1659 450 1749 ἐμηχανήσατο
468 1659 531 1746 τὴν
549 1661 586 1726 ἐν
608 1673 678 1738 τοῖς
695 1671 863 1736 πεπτικοῑς
882 1653 1039 1744 ὀργάνοις
1058 1657 1233 1746 διατριβὴν

80 1771 139 1838 καὶ
164 1767 222 1837 διὰ
245 1772 344 1836 τοῦτο
367 1770 412 1858 τῷ
440 1766 501 1854 μὲν
524 1765 683 1854 σπέρματι
711 1763 773 1850 τὴν
800 1761 864 1850 πρὸ
892 1767 961 1832 τῶν
988 1761 1114 1851 ὄρχεων
1141 1767 1232 1833 ἕλικα

82 1873 326 1964 παρεσκεύασε,
348 1877 393 1966 τῷ
418 1871 454 1940 δὲ
478 1872 613 1958 γάλακτι
641 1870 678 1939 τὸ
707 1875 811 1957 μῆκος
832 1874 900 1938 τῶν
927 1875 975 1949 είς
1000 1875 1080 1950 τοὺς
1097 1871 1235 1950 τιτθούς

83 1983 212 2051 ἐόντων
230 1979 386 2066 ἀγγείων,
405 1977 539 2058 είκύτως
556 1979 611 2046 καλ
630 1976 712 2046 κατὰ
731 1975 791 2046 τὸν
811 1977 995 2063 ἐγκέφαλον
1013 1979 1048 2044 ἐκ
1066 1981 1128 2045 τοῦ
1147 1984 1232 2060 ζωτι-

83 2091 150 2154 κοῦ
173 2085 361 2172 πνεύματος
384 2085 585 2173 ἐργαζομένη
608 2083 645 2152 τὸ
665 2083 808 2170 ψυχικὸν
831 2079 907 2150 οἷον
924 2082 1136 2170 λαβύρινδόν
1159 2111 1233 2151 τινα
1249 2101 1273 2140 1⁵

84 2199 242 2261 ποικίλον
264 2191 505 2280 ἐδημιούργησε
527 2197 669 2276 πλησίον
693 2191 698 2278 Ι
722 2193 783 2256 τοῦ
807 2187 991 2276 ἐγκεφάλου
1013 2187 1049 2257 τὸ
1074 2191 1300 2262 demost-⁰09

124 2412 139 2460 2
163 2398 181 2476 ᾖ
205 2400 277 2459 κατά
297 2399 349 2474 τὴν
367 2399 468 2460 ούσίαν
487 2403 563 2458 Orib.
586 2393 603 2474 ᾖ
623 2398 674 2472 τὴν
693 2397 794 2458 ούτίαν
812 2403 873 2458 Gal.
893 2403 971 2458 codd.
991 2402 1053 2458 edd.
1079 2435 1109 2442 —
1135 2407 1235 2492 3post

88 2472 190 2532 ούσίαν
209 2478 340 2546 leguntur
358 2493 402 2546 ap.
418 2474 507 2530 Orib.:
528 2469 643 2544 ἀγνοεῖν
662 2471 714 2543 μὲν
732 2469 786 2542 γάρ
800 2469 892 2542 αῦτὴυ
910 2469 1036 2544 ὁμολογῶ
1051 2469 1129 2544 παρά
1151 2477 1231 2530 ουδε-

88 2545 138 2610 νὸς
156 2542 306 2612 ἀπόδειξιν
325 2544 429 2616 ἐναργῆ
449 2541 631 2616 μεμαθηκώς,
650 2539 739 2614 μόνον
753 2541 785 2598 δέ
806 2540 982 2630 ἐξευρῆσθαί
997 2562 1045 2614 μοι
1063 2545 1115 2614 τὴν
1133 2547 1233 2614 κρᾶσιν

43 2653 44 2660 1
89 2619 139 2672 τοῦ
170 2614 329 2687 ἐγκεφάλου
357 2613 451 2685 ὀρθῶς
479 2611 710 2685 προαιρούμενος.
739 2647 770 2656 -
800 2618 935 2686 καθαπερ
963 2633 1013 2686 pro
1040 2609 1134 2685 ῦσιτερ
1157 2615 1233 2672 Orib.

91 2721 122 2729 —
149 2697 182 2744 16
201 2689 251 2743 τοῦ
270 2691 336 2744 ants
356 2683 515 2757 ἐγκεφάλου
538 2687 697 2742 addidimus
715 2704 749 2740 cx
768 2685 875 2742 Oribss.
895 2687 946 2756 111,
966 2691 1030 2756 21⁷,
1052 2694 1092 2742 10.
1113 2719 1145 2728 -
1170 2691 1234 2758 post

91 2757 264 2884 teupppsedlc
282 2757 392 2830 πλέγμα
411 2775 483 2828 quas
501 2759 639 2828 reperitur
656 2757 686 2812 in
700 2758 728 2813 M
747 2757 948 2828 dittographia,
968 2758 1002 2814 de
1021 2773 1055 2812 ea
1072 2757 1128 2828 vid.
1148 2759 1232 2814 Proll.

91 2849 118 2900 p,
191 2871 197 2884 ,
218 2861 250 2870 .-

93 3049 191 3114 animi
215 3048 267 3132 sit,
289 3047 343 3112 sed
366 3047 444 3133 quia
466 3047 608 3132 primum
631 3047 882 3112 instrumentum
902 3047 951 3110 est
973 3045 1020 3112 ibi
1043 3047 1234 3132 habitantis,

94 3156 322 3242 qualiscunque
346 3153 414 3218 eius
438 3155 623 3220 substantia
646 3157 704 3219 est
751 3151 842 3218 Sicut
870 3157 978 3218 autem
1007 3153 1116 3218 vitalis
1140 3153 1233 3237 spiri·

94 3269 145 3328 tus
168 3264 201 3328 in
224 3261 351 3326 arteriis
376 3263 409 3324 et
431 3261 526 3328 corde
549 3261 695 3348 gignitur
717 3259 854 3324 materia
881 3259 1101 3345 generationis
1125 3281 1163 3323 ex
1186 3259 1233 3324 in·

96 3369 268 3452 spiratione
296 3370 330 3431 at
360 3367 533 3434 humorum
567 3368 771 3434 exhalatione
804 3370 925 3450 sumta,
955 3367 1004 3430 ita
1034 3365 1186 3430 animalis
1217 3387 1233 3428 e

98 3473 184 3538 vitali
212 3473 387 3558 perfectius
411 3473 580 3540 elaborato
604 3479 711 3540 ortum
739 3473 853 3556 habet,
883 3473 1003 3558 quippe
1030 3493 1102 3536 oum
1125 3473 1233 3558 ipsum

98 3579 378 3664 exquisitissimam
411 3580 672 3646 immutationem
701 3579 837 3665 adipisci
868 3579 1058 3663 oportuerit.
1112 3579 1233 3656 Quodsi

98 3691 209 3752 natura
232 3689 264 3748 et
287 3707 396 3750 semen
420 3693 453 3750 et
471 3687 530 3772 leo,
553 3687 702 3771 quamvis
726 3685 860 3750 animali
884 3685 1002 3770 spiritu
1026 3685 1092 3750 sint
1115 3687 1233 3752 virtute

100 3792 254 3876 inferiora,
277 3813 351 3856 oum
374 3795 483 3857 tamen
506 3793 605 3858 vellet
628 3797 737 3858 exacte
762 3793 932 3876 conficere,
958 3792 1144 3858 diuturnam
1167 3793 1233 3858 illis

100 3903 132 3966 in
161 3899 382 3965 instrumentis
419 3901 639 3966 concoctioni·
676 3920 800 3965 moram
837 3899 1024 3964 machinata
1056 3903 1106 3964 eet
1138 3904 1234 3985 atque

100 4007 211 4074 idcireo
235 4005 351 4072 semini
373 4006 555 4072 anfractum
575 4009 649 4070 ante
668 4009 778 4090 testes,
799 4006 878 4070 lacti
901 4027 1053 4070 vasorum
1073 4006 1113 4070 ad
1132 4029 1233 4072 mam-

102 4137 165 4182 mas
190 4113 389 4178 tendentium
418 4113 654 4198 longitudinem
684 4113 905 4198 praeparavit,
933 4113 1050 4178 merito
1078 4113 1177 4178 etiam
1200 4113 1234 4178 in

102 4223 232 4306 cerebro,
255 4241 328 4286 oum
348 4243 364 4282 c
383 4220 476 4284 vitali
497 4221 613 4304 spiritu
633 4219 807 4284 animalem
826 4217 952 4284 efficere
972 4218 1123 4302 studeret,
1141 4221 1233 4306 quasi

102 4327 305 4412 multiplicem
333 4326 492 4412 quendam
520 4325 744 4410 labyrinthum
772 4327 862 4391 iuxta
889 4324 1055 4390 cerebrum
1083 4326 1232 4391 reticula-

103 4459 163 4500 rem
191 4434 276 4499 huno
307 4419 493 4498 contextdm
525 4431 689 4497 fabricata
717 4437 775 4516 est
824 4430 939 4516 Itaque
972 4435 1005 4496 et
1035 4431 1098 4498 hoo
1124 4431 1231 4518 ipsum
