3246 5148
805 365 1004 430 ..2-

331 524 366 589 hi
391 525 516 589 ambitu
538 524 637 588 nimis
660 523 758 610 longo
783 546 852 588 esse
876 525 917 589 iis
940 523 1172 612 videbantur&
1213 526 1327 611 Itaque
1350 532 1488 611 praeter

332 632 470 696 aliorum
493 631 595 696 libros
616 631 730 695 Galeni
749 654 874 716 quoqne
893 654 992 716 opera
1016 631 1109 696 ‘situs
1133 632 1282 698 informis
1302 638 1335 698 ct
1352 634 1486 698 deserta

332 737 492 803 vetustas'
515 761 661 822 premere
685 743 849 824 coeperat,
873 739 972 803 donec
995 739 1119 803 decimo
1142 739 1209 802 fere
1232 762 1262 823 p.
1283 738 1341 804 Oh.
1361 763 1391 804 n.
1411 763 1483 805 sae·

332 847 403 911 culo
427 869 500 910 cum
529 849 708 910 ceterorum
737 845 932 929 scriptorum
956 845 1153 910 Graecorum
1182 851 1251 910 tum
1281 847 1484 912 medicorum

332 953 438 1017 studia
453 952 537 1036 apud
552 952 753 1036 Byzantinos
768 952 906 1036 quodam
921 952 1016 1017 modo
1031 953 1242 1017 reviruerunt.
1265 953 1351 1018 Nam
1368 977 1482 1038 quam·

331 1082 427 1144 quam
452 1060 622 1123 etiamtum
641 1059 764 1122 rivulos
784 1058 963 1122 consectari
982 1081 1079 1142 qnam
1098 1081 1115 1122 e
1134 1059 1280 1124 fontibus
1299 1061 1380 1144 ipsis
1400 1061 1481 1126 hau-

330 1166 394 1230 rire
418 1166 583 1230 malebant
607 1165 862 1229 —documento
887 1170 936 1228 est
958 1165 1167 1249 Theophanis
1190 1164 1299 1230 Nonni
1323 1167 1481 1231 mandatu

331 1271 538 1337 Constantini
561 1271 868 1356 Porphyrogenetae
892 1273 979 1336 facta
999 1267 1135 1356 ἐπιτομὴ
1154 1272 1212 1356 τῆς
1231 1273 1378 1356 ἰατρικῆς
1398 1268 1481 1338 ἁπά-

330 1395 390 1461 σης
411 1377 542 1462 τέχνης,
571 1398 634 1461 qna
660 1377 744 1441 nihil
766 1378 833 1442 fere
858 1380 1055 1462 continetur,
1083 1378 1168 1463 quod
1191 1401 1257 1443 non
1281 1381 1479 1464 exscriptrnu

330 1485 479 1549 videatur
501 1505 539 1546 ex
563 1483 673 1566 Aetio,
697 1483 812 1566 Paulo,
836 1484 924 1567 aliis,
951 1485 1005 1569 qui
1029 1485 1157 1569 quidem
1181 1485 1244 1568 ipsi
1273 1507 1290 1548 e
1314 1487 1479 1551 veteribus

330 1590 498 1654 dumtaxat
526 1589 663 1653 collecta
692 1587 846 1672 habene)
879 1629 935 1674 —,
964 1595 1072 1655 tauren
1107 1591 1148 1655 ab
1180 1591 1238 1654 illa
1269 1594 1478 1675 potissimum

328 1700 435 1760 aetate
458 1699 495 1759 ut
513 1694 652 1760 aliorum
672 1695 881 1778 scriptorum,
904 1697 952 1760 ita
972 1697 1088 1760 Galeui
1107 1697 1233 1761 codices
1258 1697 1292 1762 in
1311 1700 1478 1764 coenobiis

329 1805 380 1868 vel
404 1803 523 1868 alicubi
547 1800 774 1864 delitescentes
796 1825 908 1866 rursus
931 1803 966 1867 in
994 1802 1099 1866 lucem
1122 1804 1280 1888 protracti
1304 1809 1401 1890 atque
1425 1805 1477 1870 de·

329 1910 441 1993 scripti
465 1932 484 1973 a
507 1907 651 1972 librariis
675 1908 838 1991 videntur,
866 1908 920 1972 sed
944 1931 1010 1973 non
1033 1913 1099 1973 tam
1123 1910 1162 1992 ii,
1190 1911 1244 1993 qui
1268 1911 1308 1974 ad
1331 1911 1478 1994 philoso-

328 2016 439 2098 phiam
463 2038 559 2100 quam
583 2015 638 2098 qui
660 2013 700 2077 ad
719 2014 912 2078 medicinam
932 2019 1115 2097 spectantes
1135 2015 1236 2080 libros
1257 2018 1477 2101 continebant,

327 2122 422 2205 idque
447 2126 532 2185 certe
558 2121 682 2184 factum
711 2143 780 2184 csse
809 2121 925 2204 opinor
952 2122 1025 2185 inde
1054 2121 1095 2185 ab
1115 2122 1207 2202 ‚exitu
1236 2122 1356 2187 saeculi
1379 2125 1476 2188 unde-

328 2227 418 2310 cimi,
440 2231 614 2311 postquam
634 2226 790 2310 Syuesins
810 2227 940 2311 quidam
960 2228 1076 2292 medici
1091 2227 1211 2291 Arabis
1226 2228 1477 2293 Abu-Dschafer

328 2334 454 2398 Ahmed
483 2331 692 2416 ‘Viaticum’,
722 2356 785 2416 qno
816 2333 849 2396 iu
878 2357 974 2417 opero
1004 2333 1117 2397 (taleni
1146 2334 1312 2399 doetrinae
1342 2358 1476 2419 prorsus

328 2441 543 2524 adstipulatus
568 2444 631 2522 est,
654 2440 688 2503 iu
707 2461 858 2524 graecum
879 2444 1021 2504 verterat
1036 2444 1132 2524 atque
1152 2440 1292 2505 medicos
1317 2441 1357 2504 ad
1371 2441 1475 2524 ipsius

328 2547 442 2611 Galeni
471 2545 614 2610 studium
645 2543 882 2630 excitave1·at⁴).
928 2546 964 2608 ld
995 2546 1046 2610 vel
1075 2547 1237 2630 sequentis
1266 2547 1383 2610 aetatis
1415 2548 1475 2611 sub

327 2653 558 2735 imperatorum
578 2651 768 2714 Latinorum
788 2651 1008 2715 dominatione
1031 2654 1196 2718 atrocitati
1221 2653 1418 2736 superfuisse
1437 2675 1475 2717 ac

328 2757 442 2822 (taleni
471 2757 593 2840 scripta
620 2756 654 2819 in
682 2755 832 2818 manibus
860 2756 960 2819 fuisse
989 2759 1188 2824 eruditorum
1217 2763 1250 2824 et
1276 2759 1474 2824 medicorum

326 2867 466 2928 testatur
492 2862 629 2926 loannes
658 2860 846 2945 Aetrrarius,
879 2863 1041 2928 archiater
1068 2866 1246 2930 Andronici
1275 2865 1474 2951 Palaeologi,

325 2992 391 3034 uon
415 2969 539 3033 Arabes
564 2967 664 3050 solua,
688 2990 824 3051 quorum
848 2968 976 3033 litterae
1000 2971 1034 3035 iu
1057 2971 1313 3054 Byzantinorum
1337 2993 1473 3056 regnum

326 3076 391 3138 iam
410 3075 611 3157 invaserant,
630 3073 685 3136 sed
704 3074 811 3157 ipsum
831 3075 930 3138 etiam
946 3074 1116 3160 Galenum,
1141 3099 1157 3140 e
1177 3100 1239 3161 quo
1258 3077 1308 3141 illi
1324 3077 1473 3162 pendent,

326 3182 439 3246 ducem
463 3185 604 3263 secutus3
628 3183 768 3244 testatur
791 3182 930 3265 quodam
954 3183 1049 3246 modo
1069 3183 1272 3248 Andronicus
1294 3185 1473 3268 imperator

326 3287 410 3371 ipse,
433 3311 452 3351 a
475 3309 538 3371 quo
562 3285 724 3350 Robertus
747 3287 956 3370 Aniovensis,
980 3286 1109 3352 Siciliae
1133 3310 1201 3372 rex,
1229 3290 1385 3375 codicem,
1408 3314 1471 3374 quo

325 3394 429 3458 multa
452 3415 551 3477 opera
575 3391 689 3456 Galerii
713 3391 974 3478 continebantur,
998 3395 1081 3459 dono
1105 3393 1269 3480 accepire).
1312 3395 1374 3461 Sed
1397 3402 1473 3482 post

326 3551 537 3560 —-.-—.---—-

411 3653 432 3722 ²)
452 3653 492 3708 cf.
512 3654 592 3709 Pauli
611 3655 764 3724 Aeginetae
780 3651 931 3726 Ἐπιτομὴς
951 3654 1078 3726 ἰατρικῆς
1097 3657 1221 3713 Prooem.

412 3741 432 3810 8)
450 3741 555 3796 Hseser
572 3742 590 3797 l
610 3743 629 3797 l.
650 3750 742 3808 5153.

410 3831 431 3898 ⁴)
450 3830 555 3884 Haeser
572 3831 591 3885 l.
610 3831 628 3885 l.
648 3837 663 3896 ξ
684 3838 741 3886 165.

410 3919 431 3986 ⁰)
457 3919 497 3973 Ol.
522 3919 700 3974 collectionis
726 3921 917 3976 salernitanae
942 3939 960 3976 a
983 3923 1127 3978 Salvatorc
1153 3923 1188 3978 de
1213 3924 1299 3980 Renzi
1324 3926 1469 3981 institutae

325 4007 404 4062 Toru.
419 4007 431 4061 l
446 4025 472 4076 p.
487 4013 539 4061 338
555 4007 684 4077 (Neapoli
703 4012 789 4078 1852).
813 4009 950 4064 Robertur
968 4011 1114 4066 mandavit
1127 4013 1243 4068 Nicolao
1258 4015 1393 4084 Rhegino,
1412 4033 1469 4070 me·

323 4096 386 4150 dico
409 4095 570 4150 Calabrensi
592 4097 734 4166 utriusque
760 4097 873 4166 linguae
891 4099 1071 4168 peritissime,
1095 4105 1127 4155 ut
1145 4119 1177 4156 ex
1197 4102 1246 4158 illo
1266 4104 1360 4159 codice
1383 4103 1469 4159 libros

324 4182 423 4238 Galerii
440 4184 469 4238 in
493 4184 611 4238 latinum
633 4187 766 4252 verteret,
789 4186 864 4255 quod
883 4187 931 4241 ille
950 4187 1024 4243 fecit.
1053 4189 1468 4247 cr.0011.8a1.1.1.ett1n

323 4289 349 4340 p.
365 4275 430 4337 3353
449 4271 572 4327 Freindii
589 4273 713 4327 Historia
732 4274 887 4328 Medicinae
906 4275 1004 4330 Venet.
1021 4282 1088 4331 1725
1103 4297 1129 4348 p.
1146 4286 1209 4345 1743
1229 4280 1347 4334 Bonneti
1366 4279 1469 4334 Disser-

323 4359 394 4414 tatio
413 4361 447 4414 de
467 4361 507 4416 01.
527 4360 625 4416 Galeui
645 4362 868 4431 Subligrnatione
888 4364 1021 4434 empirica
1038 4366 1151 4421 Bonnae
1172 4374 1239 4422 1872
1258 4386 1285 4438 p.
1304 4374 1329 4422 4.
