3210 5148
597 413 840 480 -457-

148 570 230 640 eluat
263 577 388 658 νομίζει
417 568 454 638 τὸ
482 567 670 658 παθητικὸν
701 573 760 658 τῆς
791 573 898 658 φυχῆς
929 573 990 638 τοῦ
1017 554 1207 657 λογιστικοῦ
1233 571 1288 640 καὶ

147 681 212 746 τῶν
243 674 377 764 ἀλόγων
410 676 502 770 ζῴων
531 674 719 768 ἀφαιρεῖται
750 676 790 746 τά
823 676 916 764 πάθη
948 681 1102 767 φανερῶς
1129 678 1289 768 ἐπιθυμίᾳ

147 785 256 853 τεκαὶ
280 787 379 876 θυμῷ
403 785 661 873 διοικουμένων,
684 781 729 865 ἀς
751 785 805 852 καὶ
829 781 847 853 ὁ
872 783 1100 865 Ποσειδώνιος
1125 782 1209 873 ὑπὲρ
1232 784 1288 854 αὐ-

148 895 213 960 τῶν
236 890 288 959 ἐπὶ
314 891 417 960 πλέον
445 891 651 978 διεξέρχεται.
695 889 757 960 ὅσα
784 889 846 978 μὲν
877 883 940 960 οὖν
961 894 1030 959 τῶν
1058 890 1151 983 ζῴων
1178 896 1290 961 δυσκί-

148 997 229 1086 νητά
248 999 285 1066 τέ
306 999 373 1066 ἐστι
395 998 450 1065 καλ
474 995 730 1085 προσπεφυκότα
753 1002 851 1085 δίκην
869 1002 985 1086 φυτῶν
1007 999 1140 1086 πέτραις
1163 997 1317 1086 ἥτισινῠ

150 1105 270 1193 ἑτέροις
292 1104 469 1191 τοιούτοις,
492 1105 653 1194 ἐπιθυμίᾳ
675 1107 762 1194 μόνη
787 1109 986 1175 διοικεῖσθαι
1015 1099 1101 1192 λέγει
1124 1101 1223 1190 αὐτά,
1250 1104 1290 1174 τά

150 1212 186 1281 δὲ
208 1211 291 1280 ἄλλα
309 1210 414 1298 ἄλογα
433 1209 607 1299 σύμπαντα
624 1224 696 1290 ταῖς
715 1210 897 1300 δυνάμεσιν
915 1210 1117 1302 ἀμφοτέραις
1135 1216 1291 1301 χρῆσθαι,

149 1330 186 1410 τῇ
205 1345 239 1387 τε
258 1321 478 1407 έπιθυμητικῄ
496 1318 551 1386 καὶ
570 1321 609 1408 τῇ
623 1322 808 1407 θυμοειδεῖ,
826 1317 887 1388 τὸν
900 1317 1084 1409 άνθρωπον
1104 1327 1108 1402 Ι
1130 1319 1167 1387 δὲ
1184 1319 1292 1407 μόνον
1301 1332 1356 1391 477

149 1439 220 1506 ταῖς
249 1431 352 1513 τρισί,
384 1426 643 1513 προσειληφέναι
674 1423 739 1513 γάρ
770 1426 825 1494 καὶ
857 1423 919 1514 τὴν
955 1425 1146 1514 λογιστικὴν
1178 1423 1292 1516 ἀρχήν.

150 1531 307 1602 ταῦτάτε
331 1525 395 1601 οὖν
418 1528 531 1620 ὀρθῶς
557 1540 683 1620 εἴρηται
708 1536 755 1624 τῷ
778 1537 998 1624 Ποσειδωνίῳ
1025 1534 1079 1600 καὶ
1103 1531 1186 1601 ἄλλα
1208 1534 1332 1622 adp-10

151 1647 255 1709 πολλα
277 1635 356 1706 καθ’
382 1635 466 1725 ὅλην
487 1637 550 1727 τὴν
572 1638 646 1727 περὶ
668 1641 736 1707 τῶν
759 1643 880 1707 παθῶν
902 1646 1138 1728 πραγματείαν.
1183 1639 1292 1728 ὥσπερ

152 1738 214 1816 οὖν
240 1742 259 1815 ὁ
287 1745 481 1836 Χρύσιππος
508 1747 714 1834 ἐσφαλμένος
744 1746 781 1813 έν
810 1742 939 1831 αὐτοῖς,
971 1743 1016 1826 ὡς
1047 1744 1091 1814 ἀν
1119 1774 1169 1828 τις
1196 1757 1294 1833 εἴποι,

149 1869 219 1934 τοῖς
251 1858 425 1941 στοιχείοις
452 1856 511 1941 τῆς
541 1851 616 1941 περὶ
647 1855 716 1920 τῶν
751 1856 873 1920 παθῶν
903 1859 1050 1938 θεωρίας
1082 1854 1115 1936 ἐξ
1149 1851 1295 1942 ἀνάγκης

150 1961 325 2050 πάμπολλα
355 1965 464 2042 κακῶς
502 1957 609 2046 εἶπεν,
646 1957 752 2039 οὕτως
788 1955 916 2046 ἀνάγκη
952 1959 1013 2027 τὸν
1049 1955 1189 2048 ἀληθέσι
1223 1974 1295 2041 ταῖς

152 2065 267 2157 ἀρχαῖς
288 2065 513 2155 χρησάμενον,
541 2071 572 2136 εἰ
593 2066 655 2154 μὲν
678 2063 821 2155 ἀκριβῶς
844 2065 999 2152 φυλάξετε
1021 2065 1058 2134 τὸ
1082 2066 1165 2155 πρὸς
1192 2064 1294 2148 αὐτάς
1309 2083 1334 2125 ¹⁵

152 2171 355 2260 ἀκόλουθον,
377 2172 467 2242 ἅπαν
490 2178 594 2242 εἰπεῖν
617 2169 739 2262 ὀρθῶς,
762 2178 793 2241 ελ
815 2173 851 2242 δὲ
875 2170 937 2242 οὐκ
959 2170 1120 2262 ἀκριβῶς,
1148 2170 1232 2242 ἀλλὰ
1255 2173 1295 2242 τά

189 2417 204 2464 3
229 2404 244 2465 ὁ
267 2427 321 2464 om.
344 2404 520 2471 abach&
550 2405 584 2461 ci.
609 2405 693 2461 Proll.
716 2424 744 2476 p.
772 2411 831 2460 106.
861 2435 893 2444 -
926 2411 942 2460 4
971 2399 1105 2460 έπιπλέον
1128 2405 1208 2462 codd.
1232 2405 1294 2460 edd.

154 2475 201 2538 lul
223 2479 309 2536 πλέον
332 2495 390 2534 noa.
414 2509 447 2519 -
472 2472 617 2546 δυσκίνητ’
642 2473 701 2531 tori
722 2475 895 2531 MABchK.
920 2506 953 2516 -
977 2476 1177 2546 ὅδιοικῇσθαι
1200 2477 1236 2532 Μ.
1261 2509 1295 2517 -

154 2547 223 2608 ’laci
242 2547 331 2620 ἀλογα
351 2549 429 2606 codd.
449 2549 511 2604 edd.
531 2543 566 2603 τά
589 2547 729 2604 eiecimus.
749 2577 782 2588 -
805 2541 987 2616 ἀμφοτέραις
1004 2545 1042 2604 Μ.
1062 2577 1095 2588 -
1118 2555 1135 2604 8
1153 2548 1295 2618 θυμοειδῆ

153 2623 220 2680 ΜΔ.
239 2654 274 2664 -
296 2630 318 2747 ἶ
333 2619 387 2692 pla
404 2637 456 2692 pro
473 2615 528 2690 γάρ
547 2620 578 2675 L.
597 2651 630 2660 —
657 2625 689 2676 10
712 2637 740 2675 τι
765 2636 818 2674 om.
838 2619 868 2673 1..
893 2649 926 2660 -
951 2625 983 2676 m
1008 2614 1189 2691 ἐσφαλμένοις
1212 2619 1242 2676 L,
1262 2649 1295 2661 -

155 2699 188 2750 15
207 2689 277 2750 αάτό
321 2722 381 2748 .-

155 2930 216 2996 bus
244 2927 385 2995 obnoxia
412 2927 546 3012 sentiat,
578 2925 748 3012 perspicue
781 2927 940 2992 ostendat.
985 2923 1190 3012 Chrysippus
1222 2948 1296 2991 vero

134 3035 240 3112 ‚hanc
267 3059 287 3101 a
314 3034 467 3100 rationali
495 3039 588 3119 parte
614 3032 699 3098 nihil
731 3033 859 3098 differre
891 3033 1070 3099 arbitratur
1101 3033 1323 3118 affectusque·

154 3143 261 3209 brutis
294 3140 504 3226 animalibus,
541 3163 623 3226 quae
655 3139 864 3206 manifestum
894 3143 945 3206 est
976 3140 1154 3224 cupiditate
1184 3143 1217 3204 et
1248 3141 1298 3205 ira

155 3249 343 3336 gubernari,
366 3247 476 3334 eripit,
503 3247 772 3332 quemadmodum
800 3248 899 3312 etiam
927 3246 1121 3313 Posidonius
1150 3247 1297 3332 pluribus

155 3357 366 3422 demonstrat
425 3352 514 3430 Quae
546 3353 675 3440 quidem
706 3353 890 3418 immobilia
921 3375 1022 3440 paene
1056 3353 1123 3418 sint
1148 3353 1298 3438 saxisque

157 3463 294 3548 aliisque
316 3459 504 3526 huiusmodi
530 3461 626 3527 rebus
654 3462 805 3546 stirpium
829 3461 925 3526 modo
947 3459 1150 3542 inhaereant,
1177 3459 1298 3544 cupidi·
1416 3479 1425 3495 ·

158 3571 226 3633 tate
250 3567 321 3633 sola
343 3568 412 3652 regi
436 3568 497 3654 ait,
520 3571 627 3632 cetera
650 3568 787 3635 rationis
811 3568 955 3653 expertia
983 3571 1120 3651 utraque
1142 3567 1299 3631 facultate

157 3675 217 3758 uti,
240 3673 485 3758 concupiscente
505 3679 538 3740 et
554 3674 723 3760 irascente,
742 3674 907 3740 hominem
927 3675 1032 3740 solum
1050 3671 1163 3756 tribus,
1181 3674 1300 3758 quippe

158 3782 214 3867 qui
237 3783 368 3866 praeter
388 3781 447 3845 illa
469 3782 532 3847 duo
555 3782 714 3846 rationale
736 3781 931 3866 principium
955 3780 1091 3864 adeptus
1114 3780 1167 3845 sit.
1211 3779 1300 3844 Haec

159 3891 245 3954 recte
279 3910 298 3952 a
325 3886 499 3953 Posidonio
531 3887 618 3952 dicta
650 3891 726 3953 sunt
755 3887 881 3973 aliaque
914 3886 1075 3972 permulta
1102 3886 1137 3952 in
1163 3890 1234 3953 toto
1263 3885 1301 3950 de

160 3993 460 4080 perturbationibus
489 4015 593 4077 opere.
638 3995 715 4060 Jam
737 3998 774 4060 ut
798 3993 999 4079 Chrysippus
1021 3995 1056 4057 in
1078 3993 1173 4078 ipsis,
1196 3997 1233 4058 ut
1255 3993 1303 4057 ita
1348 4000 1356 4010 '

159 4102 276 4186 dicam,
299 4100 468 4166 elementis
492 4099 656 4166 doctrinae
676 4101 714 4166 de
737 4100 1036 4186 perturbationibus
1059 4099 1171 4183 lapsus
1193 4120 1302 4164 neees-

160 4209 247 4274 sario
277 4229 381 4293 ¹quam
417 4207 559 4292 plurima
595 4229 764 4292 perperam
798 4206 990 4291 disputavit,
1025 4207 1087 4288 ita,
1125 4205 1180 4289 qui
1217 4205 1302 4270 reris

160 4314 331 4400 principiis
354 4314 466 4398 utitur,
489 4313 677 4396 dummodo,
704 4334 786 4397 quae
809 4313 862 4378 his
885 4315 1101 4378 consentanea
1124 4313 1209 4393 sunt,
1231 4310 1301 4375 dili·

161 4425 275 4510 genter
297 4425 418 4505 servet,
441 4443 514 4486 eum
538 4421 572 4485 in
596 4420 745 4486 omnibus
767 4423 855 4516 recte
878 4418 983 4485 dicere
1006 4418 1057 4484 rel
1080 4418 1109 4488 si
1132 4417 1238 4492 minus
1262 4417 1303 4482 ad
