3444 5140
667 419 912 486 ..699-

215 575 331 646 ‘solid
355 577 409 644 καὶ
432 577 568 665 πυρετοὶ
591 591 775 665 τεταρταῖοι
798 577 853 644 καλ
878 576 1040 665 πλάνητες
1062 577 1116 645 καλ
1141 579 1283 664 σπλῆνες
1304 575 1359 644 καλ

214 683 377 771 ’ὕδρωπες
403 685 458 751 καὶ
491 690 627 770 φθίσιες
653 683 708 751 καλ
737 689 973 771 στραγγουρίαι
1001 684 1055 752 καὶ
1083 690 1277 770 λειεντερίαι
1304 683 1359 752 καὶ

214 794 433 878 *δυσεντερίαι
470 791 525 858 καλ
562 789 708 876 ίσχιάὸες
739 790 794 858 καὶ
830 789 991 877 κυναγχαι
1029 791 1083 858 καὶ
1116 789 1272 879 ἄσθματα
1304 790 1359 858 καὶ

213 897 324 966 ἐίλεολ
347 897 402 964 καλ
426 898 596 984 ἐπιληψίαι
619 897 673 964 καὶ
697 894 736 963 τὰ
760 894 883 984 μανικὰ
906 895 1019 964 καὶτὰ
1043 895 1275 984 μελαγχολικά·
1297 900 1360 964 τοῦ

213 1004 262 1072 ’δὲ
280 1008 442 1090 χειμῶνος
459 1007 675 1090 πλευρίτιδες,
694 1009 979 1090 περιπνευμονίαι,
998 1001 1145 1090 κόρυζαι,
1165 1003 1357 1091 [λήθαργοι]
1374 1023 1386 1062 ⁵

213 1110 376 1198 βράγχοι,
399 1113 506 1197 βῆχες,
529 1107 628 1177 πόνοι
652 1109 817 1195 στηθέων,
839 1109 1022 1197 πλευρέων,
1041 1105 1179 1197 ὀσφύος,
1198 1117 1360 1196 κεφαλαλ·

214 1220 311 1302 ’γίαι,
335 1224 472 1302 ίλιγγοι,
495 1213 714 1302 ἀποπληξίαι.’
759 1217 862 1282 ταῦτα
892 1217 1058 1302 περὶτῶν
1085 1213 1183 1304 ὡρῶν
1211 1214 1314 1284 εἰπὼν
1340 1213 1359 1284 ὁ

214 1320 432 1410 Ἱπποκράτης
451 1323 567 1409 ἐφεξῆς
585 1321 659 1409 περὶ
677 1323 746 1390 cciv
764 1319 903 1409 ἡλικιῶν
921 1314 987 1391 eide
1006 1322 1142 1410 γράφει·
1163 1323 1211 1390 ’ἐν
1230 1323 1267 1390 δὲ
1285 1325 1360 1411 τῇσι

214 1427 371 1518 ‘dissipor
394 1426 507 1497 τοιάδε
527 1430 712 1515 ξυμβαίνει·
736 1443 822 1497 τοῖσι
845 1428 907 1516 μὲν
925 1445 1092 1518 σμικροίσι
1116 1430 1171 1498 καὶ
1190 1444 1360 1516 νεογνοῑσι

214 1539 388 1603 παιδίοισι
411 1534 536 1622 ἄφθαι,
560 1539 684 1622 ἔμετοι,
707 1539 819 1622 βῆχες,
843 1532 1039 1623 ἀγρυπνίαι,
1062 1535 1181 1622 φόβοι,
1205 1531 1360 1622 ὀμφαλοῦ
1376 1557 1401 1595 10

214 1644 423 1728 ’φλεγμοναί
446 1640 543 1710 ὤτων
560 1639 750 1730 ὑγρότητες,
773 1641 916 1729 anteo}
934 1641 971 1710 τὸ
996 1639 1236 1729 ὀδοντοφυίειν
1258 1662 1359 1730 προσ-

214 1747 345 1834 ’άγουσι
375 1745 486 1816 οὔλων
514 1746 713 1836 ὀδαξησμοί,
734 1755 892 1840 πυρετοί,
916 1756 1076 1837 σπασμοί,
1105 1748 1282 1840 διάρλροιαι
1305 1750 1426 1822 uultus

214 1854 366 1942 ’μάλιστα
394 1853 475 1923 ὅταν
498 1852 647 1941 ἆνάγωσι
670 1854 749 1936 τοὺς
775 1855 997 1939 κυνόδοντας,
1024 1855 1079 1923 καλ
1106 1869 1192 1923 τοῖσι
1210 1854 1361 1942 παχυτά-

215 1963 311 2028 “τοισι
338 1965 406 2029 τῶν
432 1966 577 2029 παιδίων
608 1963 663 2030 καὶ
694 1977 781 2030 τοῖσι
816 1960 875 2041 τὰς
907 1967 1033 2042 κοιλίας
1065 1959 1209 2050 σκληρὰς
1236 1967 1360 2049 ἔχουσι·

215 2069 477 2154 επρεσβυτέροισι
515 2067 552 2136 δὲ
588 2070 798 2157 γενομένοισι
835 2075 1038 2157 παρίσθμια,
1072 2068 1265 2136 σπονδύλου
1300 2071 1361 2136 τοῦ
1376 2088 1400 2128 ¹⁵

251 2289 263 2336 1
285 2281 413 2350 σπλῇνες,
417 2275 570 2366 υδρωπες,
590 2283 705 2352 φθίσιες
723 2282 803 2338 codd.
823 2283 938 2338 edd.-
935 2238 1043 2336 Ιδιιαλ
1062 2276 1187 2366 trucides
1205 2297 1258 2336 om.
1278 2281 1359 2336 codd.

216 2354 331 2408 edd.-
352 2348 491 2423 συνάγχαι
505 2354 586 2408 codd
601 2353 712 2408 edd.--
730 2353 835 2410 4ίλεολ
849 2354 991 2408 ΜΔΒ.-
1013 2349 1186 2421 ολὴθαργσι
1206 2348 1360 2422 (λήθαργοι

213 2425 248 2492 Κ)
273 2424 350 2480 uncis
372 2424 599 2479 inclusimusae
630 2421 752 2480 'idom
777 2425 870 2480 M.-
898 2419 1033 2481 9τοιολιλε
1057 2439 1111 2478 om.
1135 2423 1214 2478 codd.
1238 2422 1301 2478 edd.
1325 2455 1358 2464 -

214 2501 336 2582 μικροιοι
356 2495 435 2549 codd.
455 2496 569 2551 cdd-
592 2504 624 2551 10
643 2491 814 2584 ἂγρυπνὸίαι
828 2497 917 2552 M-
940 2502 969 2550 11
991 2489 1359 2580 transportandum

214 2598 248 2606 -
270 2574 301 2620 12
321 2561 441 2636 ὀδαξιομ
442 2569 472 2620 ol
484 2566 644 2622 ABCh
667 2575 699 2622 13
719 2562 859 2637 α’νιὶγουσι
872 2569 959 2622 Μ.-
979 2561 1238 2691 nuvzcirocccbfro
1234 2560 1359 2634 παχυτά-

214 2655 285 2692 τοισι
304 2635 394 2691 ld.-
416 2643 448 2690 14
467 2658 517 2700 τας
536 2655 589 2691 om
610 2638 689 2693 codd.
710 2639 825 2694 edd—
845 2643 893 2694 στλ
897 2634 968 2708 ηράν
986 2657 1015 2692 τε
1036 2636 1129 2707 ἔχουσι
1259 2642 1292 2692 15
1311 2637 1359 2690 καλ

215 2725 268 2778 pro
286 2706 318 2764 sl
337 2707 427 2764 Μ.-
396 2707 637 2779 -γιγνομένοισι
656 2709 734 2765 codd.
756 2709 818 2764 edd.
839 2741 870 2750 -

214 2847 426 2854 ψ..--

214 2927 343 2992 febres
380 2930 592 3010 quartanae
629 2930 667 2990 et
704 2927 908 3008 erraticae,
946 2927 1084 3008 lienes,
1121 2948 1218 3010 aqua
1255 2927 1361 2990 iuter

189 3039 355 3118 'cutem,
374 3034 499 3114 tabes,
518 3033 652 3097 urinae
671 3033 951 3115 difficultates,
969 3033 1250 3096 intestinorum
1270 3031 1362 3095 levi-

215 3144 333 3222 tates,
360 3139 622 3222 dysenteriae,
650 3161 765 3204 coxae
793 3140 962 3222 dolores,
989 3138 1171 3223 anginae,
1201 3137 1359 3201 anhela·

214 3247 359 3328 tiones,
374 3244 456 3328 ilci,
471 3243 708 3329 comitiales,
722 3242 1220 3330 insaniac,melancholiae;
1236 3243 1360 3307 hieme

214 3351 464 3437 pleuritidcs,
495 3351 716 3434 pulmonum
749 3351 1100 3435 inflammationes,
1128 3349 1359 3436 gravedines

216 3458 401 3544 {lethargi],
433 3457 663 3540 raucitates,
691 3461 834 3544 tusses,
862 3460 1015 3524 dolores
1044 3457 1232 3542 pectoris,
1262 3456 1360 3520 late·

214 3589 310 3649 rum,
350 3565 580 3646 lumborum,
628 3564 786 3648 capitis,
832 3565 1064 3650 vertigines,
1104 3561 1359 3647 apoplexiae?

215 3671 277 3736 His
305 3671 344 3736 de
371 3670 574 3754 temporibus
602 3670 698 3735 dictis
727 3672 879 3755 deinceps
911 3672 950 3735 de
974 3671 1137 3736 aetatibus
1162 3671 1209 3734 ita
1232 3669 1359 3734 scribit:

214 3779 258 3842 ln
292 3777 489 3842 aetatibus
521 3776 593 3840 illa
623 3776 818 3841 accidunt:
854 3778 985 3860 parvis
1018 3781 1055 3841 et
1087 3799 1222 3841 recens
1254 3776 1359 3840 natis

215 3883 347 3969 pueris
367 3883 566 3967 serpentia
585 3883 716 3947 ulcera
730 3883 823 3966 oris,
842 3885 1025 3968 vomitus,
1043 3887 1186 3965 tusses,
1205 3885 1360 3946 noctur·

215 4013 286 4055 nae
319 3990 495 4076 vigiliae,
530 4011 710 4073 pavores,
742 3990 846 4055 circa
879 3990 1106 4055 umbilicum
1138 3988 1360 4054 inflamma·

215 4097 359 4181 tiones,
391 4097 542 4161 aurium
579 4096 775 4180 humores,
811 4096 1080 4161 dentientibus
1113 4095 1360 4181 gingivarum

215 4203 545 4285 exulcerationes,
572 4203 715 4285 febres,
743 4203 1032 4285 convulsiones,
1065 4202 1144 4266 alvi
1171 4200 1359 4264 deiectio-

214 4333 282 4375 nes
310 4310 554 4394 maximeque
583 4309 734 4374 caninis
766 4309 947 4373 dentibus
975 4307 1211 4388 orientibus,
1242 4309 1280 4370 et
1307 4306 1358 4370 iis

216 4439 258 4480 ex
287 4416 432 4500 pueris,
459 4416 524 4500 qui
553 4415 792 4481 crassissimi
825 4419 916 4482 sunt
943 4418 982 4480 et
1013 4415 1121 4480 alvos
1148 4413 1263 4477 duros
1292 4411 1358 4476 ha·
