3296 5150
672 396 913 461 -341-

222 551 458 634 ‘nieovdgovoa'
481 578 514 620 τε
538 550 624 641 ὁρμὴ
648 553 774 640 λέγεται
798 550 883 620 εἶναι
906 553 961 620 καὶ
984 551 1072 639 παρά
1092 552 1196 640 φύσιν
1220 555 1274 622 καὶ
1292 551 1369 623 ἀλο-

222 661 291 745 ‘yos
318 665 449 745 κίνησις
475 661 602 758 treptie?
657 661 695 726 αί
719 659 781 746 μὲν
809 663 870 728 τοῦ
897 665 1095 748 Χρυσίππου
1122 660 1234 747 ῥήσεις
1261 653 1368 730 αὗται.

221 765 422 853 σκεψώμεθα
450 765 486 833 δὲ
514 762 749 854 ἀκριβέστερον
776 763 861 855 ὑπὲρ
893 767 1047 852 ἑκατέρας
1078 763 1191 836 αὐτῶν
1218 765 1283 836 ἀπὸ
1311 773 1369 857 τῆς

220 873 382 961 προτέρας
408 869 648 961 ἀπαρξάμενοι,
677 871 756 941 καθ’
786 870 830 961 ἣν
862 874 1038 962 ἐξηγεῖται,
1070 877 1139 954 πῶς
1172 883 1298 963 εἴρηται
1330 875 1367 944 τὸ

219 979 331 1060 πάθος
357 977 478 1067 ἄλογος
504 980 559 1048 uui
586 980 675 1070 παρὰ
708 980 814 1067 φύσιν
841 986 970 1068 κίνησις
997 985 1112 1070 ψυχῆς.
1163 981 1276 1071 ἐπειδὴ
1304 981 1402 1069 γάρο

223 1083 380 1174 ἠπίστατο
410 1085 472 1155 δύο
502 1087 730 1175 σημαινόμενα
758 1084 841 1175 πρὸς
866 1091 924 1175 τῆς
950 1085 1072 1174 ἄλογος
1100 1093 1231 1177 φωνῆς,
1259 1079 1308 1157 ὦν
1330 1088 1367 1158 τὸ

220 1195 334 1283 ἕτερον
356 1192 511 1281 βούλεται
535 1194 643 1283 μόνον
666 1197 854 1282 δηλοῦσθαι
882 1193 963 1262 ιιατά
986 1191 1047 1263 τὸν
1077 1193 1176 1283 ὅρον,
1204 1194 1241 1265 τὸ
1270 1197 1370 1284 χοιρλς

220 1300 323 1387 λόγον
346 1307 498 1389 κρίσεως,
523 1299 635 1390 ὀρθῶς
659 1303 790 1389 ἐποίησε
814 1305 980 1389 μηδεμίαν
1003 1297 1246 1390 ὑπολιπόμενος
1268 1299 1368 1390 ἀμφι-

220 1413 351 1493 βολίαν,
375 1405 457 1476 ἀλλά
481 1405 581 1490 αὐτὸς
604 1409 771 1497 δηλώσας,
799 1407 849 1477 ὅτι
873 1405 934 1496 τὴν
961 1405 1043 1476 κατὰ
1067 1406 1103 1476 τό
1127 1408 1237 1490 πάθος
1259 1407 1369 1499 ὁρμὴν

220 1511 346 1600 ἀλομον
374 1511 463 1583 εἶναί
493 1537 594 1603 φησι,
627 1514 705 1584 καθ’
737 1514 820 1588 ὅσον
846 1513 1068 1601 ἀπέστραπται
1096 1513 1156 1584 τὸν
1184 1517 1286 1604 λόγον
1313 1518 1366 1586 καλ
1384 1543 1407 1583 ιο

221 1617 354 1690 ἀπειθεῖ
378 1625 423 1713 τῷ
450 1622 539 1715 λόγῳ
566 1623 621 1691 καὶ
649 1625 750 1713 χωρὶς
776 1631 915 1712 κρίσεως
942 1629 1077 1708 γίνεται.
1129 1621 1185 1692 ded
1215 1624 1277 1712 plu
1305 1618 1368 1693 οὖν

219 1732 280 1798 τοῦ
307 1726 540 1818 ἀπεστράφθαι
568 1731 673 1817 φάναι
701 1729 761 1800 τὸν
793 1730 896 1818 λόγον
924 1730 1061 1818 ἐχώρισε
1090 1733 1094 1818 l
1129 1729 1191 1818 τὴν
1218 1730 1300 1800 κατὰ
1328 1731 1364 1800 τὸ
1375 1753 1431 1810 uu

218 1837 329 1916 πάθος
352 1835 477 1923 ἄλογον
499 1844 634 1925 κίνησιν
656 1843 714 1926 τῆς
741 1842 809 1906 τάν
836 1835 976 1926 ἀμάχων
998 1863 1033 1905 τε
1060 1838 1115 1905 καὶ
1143 1841 1210 1906 τῶν
1233 1835 1367 1924 ἀλόγων

220 1942 321 2035 ζῴων.
366 1959 505 2013 κινεῖται
528 1943 590 2032 μὲν
610 1943 673 2032 μάρ
696 1946 751 2013 καὶ
774 1950 872 2023 λίθος
894 1945 948 2012 καλ
972 1943 1074 2027 ξύλον
1093 1945 1198 2012 ἐνίοτε
1221 1945 1276 2012 καλ
1299 1948 1367 2013 τῶν

219 2048 331 2120 ἀλλων
359 2051 499 2121 ἕκαστον
527 2057 594 2121 τάν
623 2049 779 2140 ἀμάχων,
811 2048 894 2122 ἀλλά
927 2047 989 2139 οὐχ
1016 2048 1061 2130 ὡς
1093 2047 1366 2139 ἀπεστραμμένον
1381 2078 1406 2118 11

218 2155 278 2225 τὸν
301 2155 405 2244 λόγον
427 2156 507 2228 οὐδὲ
530 2157 575 2240 άς
597 2157 772 2228 ἀπειθοῦν.
817 2149 843 2250 ᾧ
867 2156 930 2247 γὰρ
952 2156 1015 2246 τὴν
1038 2155 1144 2246 ἀρχὴν
1165 2155 1209 2245 μὴ
1238 2160 1365 2246 μέτεστι

256 2361 271 2408 t
292 2350 432 2424 ἐξηγεῖται
452 2356 488 2412 ll.
514 2387 547 2397 -
572 2365 588 2412 8
607 2360 672 2412 ante
692 2359 808 2425 κρίσεως
831 2354 997 2410 inseruimus
1021 2349 1105 2424 λόγον
1125 2353 1189 2410 coll.
1208 2373 1234 2424 p.
1255 2361 1319 2422 339,
1339 2363 1363 2409 l.

218 2457 253 2466 -
279 2435 311 2481 10
334 2422 418 2496 λόγον
441 2427 470 2481 in
493 2445 546 2482 rar.
571 2427 607 2483 M.
627 2459 660 2468 -
689 2435 719 2482 11
745 2417 798 2481 οόν
821 2443 874 2480 om.
894 2421 932 2480 M.
958 2457 989 2466 —
1019 2433 1051 2480 13
1075 2425 1124 2495 τῆς
1146 2429 1212 2480 ante
1235 2426 1291 2480 τῶν
1315 2443 1365 2482 noe

218 2496 383 2554 addidimus.
404 2529 436 2538 —
458 2505 490 2554 16
511 2493 575 2554 οὐδ’
595 2494 633 2562 ὥς
652 2498 711 2554 MA
730 2492 798 2554 οὔθ’
819 2491 857 2560 ὥς
875 2495 988 2564 BChK;
1007 2495 1041 2552 ct.
1061 2495 1144 2552 Proll.
1164 2515 1190 2567 p.
1213 2503 1271 2552 102.
1291 2527 1322 2536 —

221 2698 283 2782 fit,
318 2698 588 2766 uehementior
620 2722 661 2764 ae
689 2699 908 2764 redundans
937 2696 1135 2781 appetitus
1164 2703 1201 2761 et
1228 2702 1364 2763 eontra

220 2809 397 2870 naturam
417 2810 454 2871 et
477 2806 727 2873 irrationalis
752 2804 871 2873 animi
890 2804 1096 2871 commotio
1121 2803 1363 2890 appellatur!

217 2911 307 2978 Haeo
332 2913 431 2977 verba
454 2911 632 2999 Chrysippi
656 2919 739 2980 sunt
777 2915 847 3000 Age
867 2934 943 2979 vero
966 2915 1137 2996 utrumque
1160 2912 1269 2978 loeurn
1291 2911 1362 2977 dili·

218 3019 347 3104 gentius
371 3019 611 3086 consideremus
639 3025 736 3106 atque
759 3045 777 3086 a
806 3021 913 3106 priore
936 3019 1154 3106 exordiamur,
1181 3039 1245 3104 quo
1268 3039 1363 3103 expo·

218 3126 277 3206 nit,
300 3149 364 3210 quo
387 3127 483 3194 ruodo
502 3127 705 3212 perturbatio
729 3129 830 3194 animi
848 3132 956 3195 motus
975 3126 1175 3192 irrationalis
1195 3129 1227 3190 et
1250 3129 1362 3192 contra

218 3237 370 3298 naturam
393 3257 463 3300 esee
486 3235 620 3302 dicutur.
657 3235 719 3313 Qui
744 3259 816 3302 eum
839 3235 1002 3320 duplicem
1024 3233 1227 3299 intellectum
1251 3255 1362 3298 vocem

218 3341 417 3408 irrationalia
454 3342 573 3408 habere
610 3343 816 3430 intellegeret
856 3347 953 3428 atque
995 3343 1133 3406 alterum
1169 3342 1296 3408 tuntum
1328 3341 1362 3406 in

218 3447 404 3513 delinitione
429 3449 534 3514 valere
558 3449 667 3534 vellet,
695 3452 756 3516 hoe
780 3455 830 3516 est
858 3450 927 3516 sine
954 3449 1075 3516 iudicio
1098 3448 1248 3534 milonio,
1275 3453 1362 3514 reete

217 3554 308 3636 feeit,
331 3555 416 3640 quod
440 3556 564 3622 nullam
588 3557 719 3642 reliquit
740 3557 1000 3644 ambiguitatem,
1023 3557 1078 3622 sed
1101 3557 1171 3641 ipse
1194 3555 1306 3621 docuit
1328 3577 1362 3620 se
1468 3545 1472 3558 ’

217 3660 473 3744 perturbationis
500 3665 658 3749 impetum
686 3663 909 3730 irrationalem
936 3665 984 3728 ita
1007 3664 1187 3749 appellare,
1217 3667 1253 3727 ut
1277 3665 1363 3726 esset

219 3789 238 3830 a
265 3767 391 3832 ratione
419 3791 551 3836 aversus
580 3776 613 3835 et
644 3770 747 3836 eidem
774 3793 958 3858 repugnans
990 3773 1108 3858 quique
1140 3771 1209 3836 sine
1241 3769 1361 3834 iudicio

219 3875 317 3938 tieret.
363 3873 445 3940 Cum
471 3879 573 3964 igitur
600 3901 749 3945 aversum
777 3902 797 3944 a
823 3879 949 3946 ratione
973 3901 1043 3944 ease
1067 3879 1162 3962 dixit,
1187 3877 1360 3942 irrationa-

217 3984 281 4048 lem
314 3984 568 4070 perturbationis
601 3990 725 4052 motum
761 4009 780 4050 a
812 3989 903 4052 motu
939 4009 1046 4052 rerum
1080 3985 1296 4051 inanimatum
1328 3987 1361 4048 et

218 4091 387 4158 brutorum
417 4091 606 4158 animalium
635 4093 792 4158 distinxit.
841 4092 991 4160 Moretur
1019 4093 1104 4158 enim
1136 4093 1298 4158 interdum
1329 4095 1362 4156 et

217 4198 302 4282 lapis
322 4201 355 4262 et
378 4197 502 4284 liguum
522 4203 691 4286 ceteraque
714 4198 867 4286 inanima,
889 4223 954 4266 nou
978 4201 1025 4266 ita
1048 4204 1166 4284 tumen,
1189 4203 1225 4264 ut
1245 4221 1359 4264 aversa

218 4305 284 4371 sint
307 4329 326 4370 a
349 4307 474 4374 ratione
497 4307 628 4393 eiusque
652 4307 824 4392 imperium
848 4306 1035 4375 detrectent.
1077 4306 1169 4384 Quod
1193 4307 1279 4372 enim
1303 4308 1357 4372 ob·

217 4414 418 4500 temperandi
438 4414 698 4503 obsequendique
717 4415 836 4481 rationi
858 4415 1048 4482 facultatem
1068 4439 1088 4480 a
1109 4413 1271 4502 principio
1293 4439 1356 4482 non
