3298 5136
659 409 719 443 —-'
752 391 813 460 189
860 431 902 443 —

204 555 259 623 διά
282 549 405 640 ταύτης
427 551 590 641 ἐκπέμπει.
631 554 685 621 καὶ
708 553 770 640 μέν
794 552 835 641 δὴ
855 553 909 620 καί
932 549 995 638 την
1017 557 1133 640 χρείαν
1155 577 1189 621 τε
1212 553 1266 622 καὶ
1289 551 1351 641 τὴν

203 663 374 750 ἐνέργειαν
404 664 462 747 τῆς
493 657 664 746 ἀναπνοῆς
701 659 880 728 συνάπτων
913 656 995 748 αὐτῇ
1032 658 1170 728 δύναιτο
1203 658 1246 728 ἀν
1276 687 1351 728 τινα

204 764 391 836 κάντεῦθεν
415 766 647 854 ἐπιχειρήματα
671 765 863 854 λαμβάνειν.
903 764 985 833 κατὰ
1009 764 1046 832 δέ
1067 764 1129 833 τὸν
1152 763 1256 835 αὐτὸν
1277 765 1352 854 τρό-

205 899 280 959 πον,
304 873 355 942 ὅτι
378 874 540 960 μέσητοῦ
559 872 725 961 θώρακος,
749 881 829 952 ἴσως
847 868 890 939 ἀν
913 877 982 959 ἔχοι
999 899 1031 939 τι
1054 873 1110 940 καὶ
1133 873 1207 960 περὶ
1230 872 1378 941 τούτουι

205 987 321 1067 λαβεῖν
352 978 371 1048 δ
404 979 609 1067 βουλόμενος
636 981 672 1046 ἐκ
705 980 709 1066 Ι
743 978 878 1046 πάντων
910 979 1094 1069 ἐπιχειρεῖν.
1144 975 1227 1047 ἀλλὰ
1258 978 1418 1054 οὔπωυυι)

205 1086 336 1155 τούτων
360 1083 462 1155 οὐδέν
486 1084 743 1175 ἐπιστημονικὸν
766 1083 845 1153 οὐδὲ
869 1081 1039 1166 ἀποδεῖξαι
1066 1084 1104 1153 τὸ
1132 1092 1353 1173 προκείμενον

207 1192 336 1279 ίκανόυ,
360 1198 432 1261 ἔστι
450 1189 493 1261 ἀν
512 1194 647 1281 μηδέπω
666 1199 861 1280 περαίνηται
881 1190 937 1259 διά
956 1189 1079 1277 αὐτῶν,
1102 1189 1147 1271 ὦς
1165 1192 1354 1280 αἰσθήσεώς

206 1327 240 1368 τε
263 1301 318 1368 καί
341 1299 503 1388 κινήσεως
529 1304 588 1387 τῆς
610 1297 691 1368 κατά
714 1305 911 1390 προαίρεσιν
933 1296 1017 1387 ἀρχὴ
1046 1313 1116 1379 τοῖς
1142 1296 1236 1391 ζηίοις
1263 1299 1353 1366 ἐστίν

205 1404 379 1494 ἡκαρδία.
425 1403 467 1474 οὐ
493 1405 557 1496 γὰρ
581 1408 614 1488 ἐξ
641 1405 788 1493 ἀνάγκης
815 1407 924 1474 έπεται
953 1409 998 1496 τῷ
1022 1407 1127 1493 μέσην
1154 1406 1192 1472 έν
1213 1408 1259 1496 τῷ
1284 1404 1353 1496 ζῴῳ

206 1522 338 1580 κεῖσθαι
352 1511 390 1580 τὸ
405 1511 541 1582 πάντων
559 1511 665 1602 ἀρχὴν
679 1511 841 1602 ὑπάρχειν
854 1509 968 1599 αὐτήν.
999 1518 1107 1581 καίτοι
1126 1537 1163 1598 γε
1176 1508 1257 1580 οὐδὲ
1271 1508 1352 1579 αὐτὸ
1369 1535 1393 1572 1⁰

206 1622 304 1686 τοῦτο
329 1615 452 1704 ἀληθές
475 1621 554 1704 ἐστι,
576 1618 615 1688 τὸ
634 1621 739 1708 μέσην
755 1622 795 1690 έν
812 1633 883 1698 τοῖς
898 1616 991 1709 ζῴοις
1014 1615 1179 1705 εἶναιτὴν
1197 1621 1352 1706 καρδίαν·

207 1731 238 1793 εί
267 1724 332 1814 γάρ
364 1723 508 1813 ἀκριβῶς
538 1753 588 1806 τις
619 1726 793 1812 ἐξετάσειε,
824 1725 865 1794 τά
896 1723 979 1792 κατὰ
1010 1724 1071 1793 τὸυ
1103 1721 1257 1812 ὀμφαλόν
1285 1715 1358 1793 ἐστι’

207 1833 299 1919 μέσα.
344 1830 426 1899 κατὰ
450 1830 487 1900 δέ
509 1831 570 1900 τὸν
592 1830 845 1922 αὐτὸντρόπον
870 1829 950 1901 οὐδὲ
978 1829 1028 1899 ὅτι
1051 1832 1134 1919 μέση
1158 1836 1219 1899 τοῦ
1241 1831 1354 1918 totpo-

206 1965 264 2018 κος
290 1936 475 2027 ἡκαρδία,
504 1936 560 2006 διὰ
588 1943 687 2007 τοῦτο
712 1936 795 2028 ἀρχὴ
823 1943 869 2031 τῷ
898 1938 968 2031 ζῴῳ
995 1937 1119 2018 παντός
1143 1940 1241 2007 ἐστιν.
1274 1936 1354 2008 οὐδὲ

207 2045 287 2132 γάρ,
321 2043 372 2114 ὅτι
400 2044 553 2134 καθάπερ
587 2047 624 2112 έν
651 2044 828 2133 ἀκροπόλει
855 2050 895 2135 τῇ
923 2049 1050 2135 κεφαλῇ
1083 2050 1181 2132 δίκην
1207 2045 1354 2134 μεγάλου
1369 2067 1394 2107 ιι

208 2154 369 2238 βασιλέως
397 2149 414 2220 ὁ
440 2153 621 2239 ἐγκέφαλος
647 2156 794 2242 ἵδρυται,
822 2151 879 2220 διὰ
902 2156 1001 2221 τοῦτο
1029 2154 1062 2234 ἐξ
1085 2149 1231 2239 ἀνάγκης
1254 2150 1274 2240 ἡ
1297 2155 1355 2239 τῆς

211 2247 317 2346 ψυχῆς
344 2257 425 2347 ἀρχὴ
453 2258 536 2328 κατὰ
564 2256 668 2328 αὐτόν
696 2262 786 2327 ἐστιν
814 2255 893 2327 οὐδὲ
921 2256 971 2326 ὅτι
999 2258 1150 2347 καθάπερ
1178 2256 1272 2337 τινάς
1299 2262 1354 2326 δο-

248 2487 263 2534 7
282 2481 421 2552 μηδέποτε
441 2481 469 2537 C.
490 2514 521 2522 —
542 2488 558 2536 9
579 2477 611 2536 ἐν
629 2485 694 2538 ante
713 2483 750 2536 roi
770 2477 830 2556 ζῴῳ
849 2499 900 2538 noa
918 2481 1092 2538 inseruimus.
1112 2512 1144 2521 —-
1165 2476 1248 2536 11τό
1268 2479 1354 2552 μέσον

210 2549 368 2606 caucin
395 2549 426 2606 τε
447 2552 535 2623 paam
554 2554 595 2620 ιη
619 2555 653 2608 ef.
677 2538 761 2609 Pron.
785 2571 813 2625 p.
833 2561 875 2609 ιι.
902 2586 935 2593 -
961 2561 994 2609 ιι
1016 2555 1066 2608 τοι
1092 2548 1163 2620 μου
1186 2553 1266 2608 eoae.
1290 2553 1353 2606 eud.

208 2623 246 2696 τῷ
266 2617 327 2696 ζῴῳ
351 2640 410 2678 ιιοε.
430 2655 463 2665 -
487 2627 552 2694 post
574 2620 681 2688 παντός
704 2621 779 2680 ἐστιν
804 2625 971 2682 addidimus.
995 2657 1028 2666 -—
1058 2631 1090 2679 1⁷
1114 2621 1248 2692 καθάπερ
1270 2627 1353 2693 δορυ-

212 2691 319 2762 φόρους
337 2691 417 2760 τινάς
436 2695 457 2750 C
476 2717 501 2751 κ.
520 2709 599 2759 τινας
617 2699 642 2751 δ.
662 2695 729 2751 MA.
749 2729 782 2736 —

210 2923 304 2966 usum
328 2907 361 2968 et
384 2904 546 2969 actionem
575 2904 719 2988 spirandi
748 2905 775 2968 si
803 2905 875 2988 quis
902 2905 991 2970 cordi
1020 2905 1171 2989 applicet,
1197 2905 1354 2970 nonnulla

210 3009 309 3074 ctiam
343 3011 417 3074 inde
446 3033 572 3075 sumere
599 3013 705 3096 possit
732 3015 932 3096 argumenta.
977 3012 1164 3096 Eodemque
1191 3013 1287 3077 modo
1316 3033 1354 3074 ex

210 3137 257 3200 eo,
280 3116 365 3200 quod
389 3118 529 3183 mediam
552 3117 696 3183 thoracis
717 3119 825 3183 sedem
845 3119 1001 3202 obtineat,
1022 3119 1061 3202 ia,
1084 3119 1140 3204 qui
1158 3117 1242 3182 nihil
1261 3139 1354 3202 argu-

212 3225 423 3289 mentationis
458 3227 608 3292 omittere
641 3227 723 3310 vult,
762 3225 882 3291 habeat
911 3225 1065 3309 formose,
1097 3225 1183 3310 qnod
1219 3226 1355 3308 repetat.

211 3327 273 3394 Sed
290 3330 375 3396 nihil
393 3332 510 3398 horum
528 3333 564 3398 in
581 3334 744 3419 elegantia
762 3333 940 3398 disserendi
955 3336 1102 3397 versatur
1120 3337 1176 3396 aut
1194 3331 1356 3414 idoneum,

210 3438 296 3522 quod
324 3461 391 3504 rem
419 3440 623 3525 propositam
653 3441 865 3524 demonstret,
892 3439 1072 3504 existimari
1097 3441 1221 3523 potest,
1249 3438 1354 3521 quoad

211 3546 252 3610 iis
275 3570 342 3613 non
369 3547 535 3612 evincatur
563 3569 675 3611 sensus
705 3551 738 3610 et
764 3549 872 3612 motus
896 3545 1073 3611 volimtarii
1099 3545 1134 3610 in
1159 3544 1355 3609 animalibus

212 3653 373 3738 originem
405 3677 461 3720 cor
489 3677 567 3718 esse.
620 3654 697 3720 Non
729 3654 828 3737 enim,
861 3653 937 3738 quia
964 3653 999 3717 in
1026 3653 1132 3718 medio
1160 3652 1355 3718 collocatum
1436 3663 1440 3670 '

212 3763 271 3844 est,
292 3761 478 3826 necessario
497 3761 643 3846 sequitur
661 3762 804 3828 omnium
821 3783 890 3825 esse
910 3759 1117 3845 principium.
1153 3760 1355 3845 Quamquam

210 3889 251 3930 nc
279 3867 312 3932 id
339 3869 469 3954 quidem
495 3891 607 3934 verum
636 3874 698 3953 est,
730 3891 785 3934 cor
814 3867 849 3932 in
872 3866 980 3932 medio
1002 3889 1137 3951 corpore
1165 3868 1355 3933 animalium

212 3993 291 4040 esse.
342 3974 376 4040 Si
404 3977 476 4061 quia
504 3978 590 4041 enim
622 3979 732 4040 exacte
759 3997 828 4039 rem
861 3975 1056 4060 perpendat,
1088 3975 1235 4041 umbilici
1262 3973 1354 4038 sedes

211 4081 353 4146 medium
375 4083 484 4148 locum
507 4087 604 4147 tenet.
647 4081 771 4147 Eodem
794 4083 890 4146 modo
913 4104 993 4166 non,
1020 4081 1097 4166 quia
1119 4082 1154 4146 in
1176 4079 1282 4144 medio
1306 4084 1357 4143 eet

211 4193 352 4272 pectore,
373 4189 494 4255 idcirco
513 4191 605 4276 origo
624 4190 778 4272 omnium,
801 4211 882 4273 quae
906 4179 1092 4254 inanimali
1112 4190 1197 4270 sunt,
1219 4186 1355 4250 faculta-

211 4299 282 4358 tum
306 4299 365 4359 eat.
409 4295 479 4362 Nec
502 4296 607 4380 magis
627 4297 803 4380 cerebrum,
825 4296 902 4380 quia
924 4294 1084 4378 incapite
1104 4299 1259 4378 tanquam
1283 4315 1355 4357 arce

212 4403 323 4490 magui
347 4405 452 4468 instar
474 4404 561 4488 regis
586 4403 780 4468 collocatum
804 4406 863 4486 est,
886 4401 1019 4466 obeam
1040 4422 1171 4464 caueam
1195 4400 1355 4486 principa·
