3210 5148
629 381 870 446 -439-

172 540 340 604 οἰκείωσιν
359 535 520 606 ἐθεάσατο
539 536 660 624 μόνην,
683 534 702 606 6
722 537 758 606 δὲ
778 537 971 624 Χρύσιππος
989 537 1051 625 τὴν
1069 544 1130 608 τοῦ
1148 547 1321 628 βελτίστου

170 641 320 730 φᾷμενος
347 638 432 730 ἡμᾶς
461 641 650 736 ᾠκειῶσθαι
673 642 755 732 πρὸς
782 643 890 733 μόνον
917 643 954 713 τὸ
978 645 1098 731 καλόν,
1126 645 1206 735 ὅπερ
1234 646 1320 718 εἰναι

170 747 327 836 δηλονότι
351 750 405 816 καί
430 747 572 838 ἀγαθόν.
618 748 747 832 ἁπάσας
774 751 811 818 δὲ
839 752 898 831 τὰς
923 765 1011 839 τρεῖς
1039 753 1220 834 οἰκειῶσεις
1242 755 1320 823 θεοί-

169 863 295 922 σασθαι
327 855 445 942 μόνοις
473 872 543 938 τοῖς
574 865 729 937 παλαιοῖς
761 855 885 946 ὑπῆρξε
919 858 923 948 Ι
957 857 1166 946 φιλοσόφοις.
1221 861 1320 942 ἐάσας
1330 879 1385 936 461

170 954 233 1030 οὖν
265 961 323 1042 τὰς
355 962 418 1032 δύο
447 961 464 1032 6
495 963 687 1052 Χρύσιππος
714 962 847 1044 εἰκότως
879 961 1018 1053 ἀπορεῖν
1051 967 1121 1053 ἐρεῖ
1150 971 1207 1054 τῆς
1238 965 1347 1036 κατὰε

169 1067 230 1156 τὴν
256 1075 376 1137 κακίαν
412 1071 571 1157 γενέσεως
603 1069 679 1139 οὔτε
711 1075 823 1137 αἰτίαν
853 1075 939 1158 ἔχων
973 1077 1081 1140 εἰπεῖν
1112 1069 1215 1160 αὐτῆς
1244 1072 1319 1143 οὔτε

170 1175 313 1263 τρόπους
331 1180 389 1262 τῆς
406 1175 594 1256 συστάσεως
613 1174 692 1246 οὗθ’
710 1175 798 1256 ὅπως
812 1173 994 1266 ἇραρτόνει
1014 1176 1053 1244 τὰ
1072 1183 1200 1264 παιδία,
1219 1180 1319 1248 δυνό-

169 1309 269 1370 μενος
293 1284 449 1368 ἐξευρεῖν,
473 1281 555 1370 ἅπερ
579 1281 740 1369 εὐλόγως,
765 1281 874 1370 οἰμαι,
897 1283 1005 1352 πάντα
1029 1285 1083 1351 καί
1107 1283 1125 1352 6
1150 1285 1378 1354 Homerici-s

170 1416 241 1469 νιος
263 1387 368 1458 αὐτοῦ
391 1391 639 1478 καταμίμφετιιί
661 1391 771 1458 τεκαὶ
796 1391 928 1476 ἐλέγχει.
970 1395 1001 1458 εί
1022 1389 1086 1478 γὰρ
1110 1390 1151 1479 δὴ
1176 1389 1259 1479 πρὸς
1281 1391 1318 1461 τὸ

168 1496 272 1564 καλὸν
295 1494 400 1576 εὐθὺς
423 1497 456 1578 ἐξ
480 1493 582 1584 ἀρχῆς
611 1493 769 1589 ῶκείωται
797 1497 837 1566 τὰ
860 1503 993 1581 παιδία,
1021 1495 1083 1585 τὴν
1110 1503 1229 1566 κακίαν
1255 1496 1319 1567 ὀὐκ
1335 1525 1359 1565 ιο

169 1606 312 1670 ἔνδοθεν
340 1599 419 1672 οὐδὲ
447 1603 481 1684 ἐξ
509 1603 651 1688 ἑαυτῶν,
679 1601 762 1674 ἀλλὰ
791 1607 917 1685 ἔξωθεν
946 1603 1054 1692 μόνον
1082 1605 1183 1692 ἐχρῆν
1206 1602 1320 1686 αὐτοῖς

169 1711 372 1795 ἐγγίνεσθαι.
418 1706 501 1778 ἀλλὰ
528 1709 597 1798 μὴν
624 1708 744 1799 ὁρᾶταί
769 1737 823 1798 γε,
851 1707 915 1778 κᾶν
942 1725 1096 1798 χρηστοῖς
1123 1716 1238 1780 ἔθεσιν
1267 1713 1318 1780 ἰν-

167 1818 325 1904 τρέφηται
345 1817 400 1884 καί
418 1815 653 1904 προσηκόντως
671 1818 878 1905 παιδεύηται,
900 1817 1031 1896 πάντως
1051 1816 1318 1905 ἐξαμαρτόνοντιί

166 1951 197 1991 τι
228 1924 283 1992 καί
315 1927 413 1992 τοῦτο
446 1920 528 1994 αὐτὸ
561 1925 616 1992 καὶ
649 1921 667 1992 6
704 1925 899 2012 Χρύσιππος
932 1921 1095 2012 ὁμολογεῖ.
1145 1931 1252 1992 καίτοι
1281 1951 1318 2010 γε

167 2031 248 2116 ε’νῖην
271 2026 361 2121 αὐτῷ
384 2027 577 2117 ὑπεριδόντι
599 2035 668 2098 τῶν
692 2032 840 2119 ἐναργῶς
863 2031 1079 2118 φαινομένων
1103 2027 1184 2098 αὐτὸ
1208 2029 1317 2118 μόνον
1332 2057 1357 2097 ιε

167 2134 373 2224 ὁμολογῆσαι
400 2135 436 2206 τὸ
461 2152 532 2218 ταῖς
555 2141 657 2217 ἰδίαις
684 2135 888 2206 ὑποθέσεσιν
916 2134 1126 2222 ἀκόλουθον,
1154 2142 1185 2205 εἰ
1211 2141 1318 2217 καλῶς

203 2345 400 2406 θῶκειῶσθαι
426 2351 446 2405 L
470 2347 636 2405 αἰκειῶσθαι
660 2350 720 2404 Mn
743 2347 922 2405 οἰκειοῦσθαι
945 2349 1044 2404 BChK
1069 2345 1231 2422 φἰιειῶιιθαι
1254 2367 1316 2414 nom

165 2423 200 2478 of.
219 2421 391 2492 Programm.
412 2423 447 2488 ΙΙ,
466 2429 507 2476 15.
528 2453 559 2461 --
586 2428 602 2474 4
625 2415 674 2476 ὅτε
695 2438 745 2492 pro
765 2415 852 2483 ἰόσας
871 2421 901 2474 L.
926 2452 958 2461 -
983 2427 998 2474 9
1018 2439 1047 2476 τε
1067 2437 1120 2476 om.
1141 2419 1315 2475 MABGhK.
1399 2439 1404 2447 ¹

168 2527 199 2534 —
228 2493 303 2564 λέγει
327 2511 378 2564 pro
402 2488 508 2562 ἐλέγχει
531 2493 562 2547 L.
589 2525 620 2531 --
652 2499 685 2546 10
709 2487 760 2562 τὴν
784 2509 838 2546 οιιι.
863 2491 899 2544 Μ.
925 2525 957 2531 -
989 2499 1020 2546 12
1045 2511 1073 2546 τε
1099 2509 1150 2562 pre
1172 2509 1203 2560 γε
1230 2491 1260 2546 L.
1283 2523 1315 2532 —

165 2561 331 2634 ἐντρέφεται
350 2563 444 2619 ΜΑΒ.
470 2595 502 2604 --
530 2569 562 2618 13
581 2559 759 2632 προσήκοντα
778 2563 808 2616 Ιι.
837 2593 871 2604 --
904 2569 934 2617 14
953 2563 1002 2616 καί
1024 2567 1090 2633 post
1108 2583 1134 2616 τι
1153 2579 1207 2616 οιιι.
1227 2562 1258 2617 L.
1283 2593 1315 2602 -·

164 2635 281 2706 γέγονεν
305 2653 355 2705 pro
384 2655 414 2704 γε
444 2629 512 2704 ἐνῆν
530 2635 561 2689 L.
592 2665 623 2674 —-
652 2641 684 2689 15
711 2629 814 2704 ἐναργῆ
840 2633 949 2690 ABCh.
978 2665 1011 2674 -
1040 2633 1233 2705 φωνονμένοιν
1264 2651 1316 2704 pro

164 2705 346 2777 φαινομένων
365 2705 401 2761 Μ.
426 2737 458 2746 -

166 2827 378 2838 ——--——

164 2889 226 2972 vit,
259 2885 461 2972 Chrysippus
490 2887 593 2952 solem
623 2887 784 2972 optimae,
813 2887 853 2951 ad
881 2886 1054 2952 honestum
1083 2886 1202 2968 solum,
1229 2887 1314 2971 quod

163 2997 250 3062 idem
274 2999 421 3060 essetne
445 2994 575 3076 bonum,
598 3015 776 3077 propensos
799 3016 860 3059 nos
884 3016 954 3058 esse
978 2993 1154 3058 affirmans.
1195 2993 1314 3060 Omnes

163 3125 241 3169 vero
272 3101 333 3168 has
366 3105 432 3165 tres
456 3100 639 3184 perspicere
672 3099 752 3164 solis
785 3100 949 3165 veteribus
977 3099 1184 3186 philosophis
1211 3100 1313 3166 licuit

163 3210 308 3286 Quarum
332 3207 457 3273 duabus
478 3191 608 3273 [emissis
627 3205 831 3291 Chrysippus
850 3207 968 3274 merito
992 3207 1153 3273 haesitare
1178 3229 1212 3271 se
1235 3207 1314 3272 dicit

161 3317 200 3381 de
224 3317 352 3402 origine
383 3313 556 3400 pravitatis
579 3335 682 3398 neque
706 3336 838 3380 causam
863 3314 932 3379 eius
954 3335 1072 3399 neque,
1099 3336 1164 3398 qua
1186 3313 1312 3378 ratione

163 3423 334 3505 consistat,
363 3421 526 3505 explicare
549 3443 667 3506 neque,
691 3421 875 3505 quomodo
898 3425 1033 3504 peccent
1054 3420 1198 3505 parvuli,
1225 3420 1311 3484 inve-

163 3527 232 3591 nire
261 3531 384 3611 potest,
413 3551 495 3613 quae
519 3527 629 3592 omnia
650 3550 716 3592 non
741 3528 810 3592 sine
834 3550 944 3610 causa,
967 3529 1004 3592 ut
1026 3527 1154 3611 opinor,
1178 3525 1311 3591 Posido·

162 3633 235 3698 nius
270 3655 396 3718 quoque
435 3634 469 3698 in
510 3657 548 3699 eo
585 3633 793 3717 reprehendit
829 3635 1033 3718 damnatque.
1091 3633 1178 3698 Nam
1210 3633 1237 3696 si
1271 3631 1310 3696 ad

162 3739 366 3806 honestatem
391 3741 518 3824 parvuli
547 3740 658 3804 statim
683 3765 702 3805 a
729 3741 889 3826 principio
912 3742 1064 3826 propensi
1089 3743 1211 3822 essent,
1238 3761 1310 3822 pra·

161 3847 297 3912 vitatem
321 3869 451 3912 neeesse
485 3853 572 3912 esset
600 3871 665 3912 non
689 3849 777 3914 intus
806 3853 839 3912 et
866 3871 904 3914 ex
928 3848 969 3912 iis
993 3847 1091 3932 ipsis,
1113 3849 1168 3912 aad
1192 3847 1310 3912 extrin-

163 3975 254 4019 seeus
285 3957 412 4018 tantum
444 3954 484 4018 iis
520 3955 672 4019 accidere.
728 3955 828 4040 Atqui
861 3955 1009 4040 quamvis
1037 3954 1132 4019 honis
1164 3953 1310 4020 moribus

161 4061 350 4128 imbuantur
369 4059 555 4145 optimeque
575 4061 773 4146 erudiantur,
791 4085 923 4146 peecare
943 4065 1054 4127 tamen
1073 4061 1183 4145 utique
1202 4060 1309 4124 viden-

160 4171 223 4253 tur,
248 4167 334 4254 quod
358 4167 466 4250 ipsum
490 4167 589 4233 etiam
614 4165 817 4254 Chrysippus
840 4170 971 4233 fatetur.
1008 4167 1211 4252 Quamquam
1234 4165 1309 4232 liee-

160 4275 219 4340 bat
245 4276 275 4340 ei
302 4274 545 4360 neglectis-iis,
572 4297 653 4359 quae
678 4275 842 4342 evidenter
870 4279 1046 4360 apparent,
1074 4274 1153 4340 illud
1182 4277 1309 4340 tantum

162 4382 345 4466 concedere,
368 4381 454 4466 quod
477 4379 649 4466 proposito
674 4404 732 4447 suo
756 4386 841 4447 esset
864 4385 1125 4466 consentaneum,
1148 4381 1310 4466 parvulos,
