3212 5146
584 421 827 486 -635-

130 569 160 666 ᾖ.
206 575 263 645 διὰ
291 580 389 644 τοῦτο
419 569 481 644 οὖν
509 578 563 645 καὶ
591 603 673 645 κατα
700 576 741 644 τά
768 580 835 645 τῶν
865 576 957 668 ζῴων
985 575 1119 664 σώματα
1147 604 1184 646 το
1213 575 1274 663 μέν

130 681 270 752 άπτικὸν
289 681 438 770 ὄργανον
456 684 579 770 γεύδές
597 683 676 768 ἐστι,
694 682 731 752 τὸ
752 683 789 752 δὲ
809 685 813 772 Ι
834 681 972 752 ὀπτικὸν
989 685 1173 770 πυροειδές,
1192 681 1342 771 &reposo

131 788 351 860 ἀλλοιοῦσθαι
370 787 432 876 μὲν
450 785 596 876 ἠδύνατο
615 792 670 858 καί
690 792 789 878 χωρὶς
808 790 1007 878 αἰσθήσεως,
1030 795 1061 858 εί
1077 789 1122 878 μὴ
1142 792 1274 878 μετέσχε

131 897 278 986 νεύρων,
311 894 508 964 αἰσθάνεται
546 896 582 964 δὲ
614 902 672 984 τῆς
702 895 909 977 άλλοιύσεως
944 904 1101 987 μετουσίᾳ
1137 896 1276 966 τούτων.

132 1003 258 1074 ούκονν
285 1001 461 1082 ἅλλοίωσίς
487 1000 578 1071 ἐστιν
609 1002 630 1092 ἡ
659 1014 831 1092 αἴσθησις,
858 1001 903 1084 ὥς
929 1010 1017 1073 ἔνιοί
1041 1025 1165 1092 φασιν,
1192 1001 1303 1072 tells

132 1109 313 1198 διάγνωσις
334 1106 551 1190 άλλοιοίσεως.
593 1109 634 1180 ού
656 1110 724 1200 μὴν
747 1109 827 1180 οὐδὲ
846 1109 943 1200 άρκεῖ
961 1117 1055 1180 λείαν
1077 1108 1097 1199 ἢ
1120 1125 1276 1198 τραχεῖαν

133 1220 170 1286 ἐν
191 1222 236 1309 τῷ
260 1217 385 1305 σάματι
408 1219 566 1304 γενέσθαι
590 1226 723 1307 κίνησιν
747 1224 794 1298 είς
816 1215 941 1306 ἡδονῆς
964 1215 1111 1306 ἢπόνου
1134 1219 1276 1304 γένεσιν,

133 1321 215 1393 ἀλλά
239 1323 300 1411 χρὴ
323 1333 524 1412 προσελθεῖν
547 1335 709 1412 αίσθησιν
738 1325 873 1416 ἑκατέρᾳ
900 1329 968 1394 τῶν
995 1323 1159 1394 τοιούτων
1185 1323 1276 1411 κινή-

133 1451 228 1500 σεων.
274 1434 305 1498 εί
326 1429 363 1498 δὲ
385 1433 440 1499 καλ
463 1430 526 1518 τὴν
550 1431 706 1500 διάθεσιν
729 1429 835 1518 αὐτὴν
858 1433 988 1512 ἐθέλοις
1010 1439 1124 1500 καλεῖν
1147 1427 1277 1518 ὀδύνην

136 1533 153 1624 ἢ
180 1536 304 1623 πόνον,
337 1535 379 1605 ού
405 1565 462 1626 μοι
492 1540 655 1625 διαφέρει·
685 1537 793 1625 μόνον
820 1538 884 1627 γὰρ
911 1537 991 1622 &aaa
1020 1560 1056 1608 σε
1084 1543 1275 1628 μεμνῆσθαι
1292 1559 1316 1597 ¹⁰

132 1648 193 1713 τοῦ
216 1644 390 1732 διαφέρειν
407 1642 560 1731 ἀλλήλων
579 1643 641 1732 τήν
663 1671 697 1712 τε
716 1644 883 1732 διάθεσιν,
907 1643 950 1734 ἣν
973 1656 1055 1734 ίσχει
1079 1645 1119 1715 τὰ
1142 1645 1276 1734 σώματα

133 1755 191 1839 τῆς
214 1750 346 1837 φύσεως
369 1750 577 1839 έξιστάμευα,
608 1753 664 1819 καὶ
690 1750 752 1839 τὴν
779 1761 941 1840 αίσθησιυ
964 1749 1083 1840 αὐτῆς,
1115 1755 1187 1820 ἐπεί
1211 1759 1280 1820 τισί

133 1883 185 1945 γε,
217 1856 368 1946 καθάπερ
396 1856 617 1947 Ἱπποκράτει,
649 1860 805 1946 κέκληταί
833 1856 914 1928 ποθ’
949 1857 969 1949 ἡ
1003 1869 1160 1947 αἴσθησις
1190 1859 1277 1946 μόνη

134 1964 254 2048 πόνος,
287 1970 372 2032 ἔνθα
400 1971 519 2051 φησίν·
553 1963 686 2034 ‘oudone
713 1967 889 2046 πονέουτές
915 1995 946 2034 τι
973 1971 1035 2036 τοῦ
1061 1966 1211 2055 σώματος
1238 1964 1277 2032 τὰ

135 2070 251 2140 ’πολλὰ
279 2076 348 2140 τῶν
375 2071 490 2140 πόνων
514 2069 575 2140 οὐκ
599 2070 838 2158 αἰσθάνονται,
865 2073 1012 2142 τούτοισι
1036 2071 1057 2161 ἡ
1081 2073 1197 2161 γνώμη
1221 2101 1277 2142 νο·
1293 2091 1318 2131 1⁵

173 2295 185 2342 1
207 2283 346 2342 καὶκατὰ
366 2287 421 2342 τάν
440 2287 468 2341 Μ
488 2287 536 2340 καὶ
555 2281 589 2340 τά
608 2282 680 2341 κατά
701 2287 756 2340 τάν
776 2287 875 2342 Assch
894 2287 943 2341 καλ
962 2283 1035 2342 κατά
1054 2288 1109 2342 τῶν
1129 2287 1209 2342 Corn.
1229 2287 1278 2342 παλ

135 2355 169 2414 τά
197 2360 253 2412 τῶν
279 2358 303 2412 Κ
332 2359 379 2412 καλ
404 2355 477 2412 κατὰ
505 2353 539 2412 τά
567 2359 622 2413 τῶν
648 2377 711 2422 n0s;
740 2357 774 2414 cf.
798 2359 883 2414 Proll.
905 2377 934 2426 p.
960 2365 1017 2414 106.
1043 2391 1075 2398 —
1104 2365 1119 2413 3
1144 2357 1277 2428 μετέσχεν

135 2429 271 2486 ABChK.
295 2459 328 2469 —
352 2436 368 2484 4
393 2427 423 2484 δὲ
449 2431 497 2498 τῆς
524 2429 603 2484 Corn.
630 2431 654 2483 R
678 2428 709 2484 at
734 2448 788 2485 om.
812 2429 953 2484 MABCh.
977 2461 1012 2470 -
1039 2431 1173 2500 μετουσία
1196 2429 1276 2484 codd.

136 2501 198 2556 edd.
217 2501 351 2572 μετουσία
373 2518 431 2556 nos.
455 2533 488 2540 —
515 2507 546 2554 12
567 2496 672 2555 έπιτισί
692 2503 729 2554 M.
753 2532 786 2541 -
813 2509 844 2554 13
864 2495 1037 2570 ίιιπσκράτης
1060 2501 1087 2555 Μ
1108 2496 1277 2570 Ἱπποκράτη

135 2573 195 2627 ΑΒ.
216 2603 248 2613 -
270 2578 302 2625 14
321 2555 404 2642 aipp.
424 2571 582 2643 aphorism.
602 2573 639 2636 n,
659 2581 674 2627 ο
699 2573 765 2640 <voi
784 2573 822 2626 iv
841 2591 868 2642 p.
888 2579 940 2628 ιιο
959 2573 1001 2627 eu.
1021 2573 1050 2629 n.
1070 2573 1124 2628 τοι.
1144 2573 1156 2626 1
1179 2591 1207 2642 p.
1226 2579 1277 2626 ios

136 2644 178 2698 ed.
198 2644 290 2708 Erunt).
313 2674 345 2682 —
362 2651 394 2698 15
415 2650 496 2697 νοσεῖ
510 2643 588 2698 codd.
609 2644 671 2700 edd.
690 2643 784 2699 νοσέει
803 2661 860 2698 nos.
881 2674 914 2683 -

137 2769 221 2778 ---
232 2768 348 2775 -.—---

135 2828 258 2893 Idcirco
282 2827 381 2891 etiam
405 2826 438 2889 in
466 2824 655 2890 animalium
684 2826 874 2910 corporibus
904 2827 1059 2912 tangendi
1087 2809 1279 2893 instrumen-

136 2941 205 3001 tum
229 2937 383 2999 terrestre
408 2933 471 3015 est,
494 2933 644 2997 cernendi
672 2932 817 3018 igneum,
845 2955 926 3017 quae
950 2931 1080 3018 quidem
1108 2934 1136 2998 si
1163 2957 1279 3000 nervos

136 3065 202 3109 non
223 3041 395 3124 haberent,
417 3038 585 3104 immutari
613 3039 713 3104 etiam
741 3039 810 3103 sine
838 3061 934 3104 sensu
960 3045 1108 3123 possent,
1136 3041 1281 3106 sentiunt

137 3153 245 3214 autem
282 3145 557 3228 immutationem,
587 3145 663 3230 quia
696 3168 806 3210 eorum
844 3147 934 3211 socia
967 3151 1051 3212 sunt.
1106 3147 1182 3212 Non
1218 3148 1278 3233 igi-

137 3261 191 3321 tur
227 3253 413 3319 immutatio
446 3252 533 3337 ipsa,
569 3257 605 3317 ut
642 3251 773 3336 quidam
810 3257 940 3338 putant,
977 3277 1090 3319 sensus
1124 3257 1187 3337 est,
1223 3253 1279 3316 sed

137 3361 304 3428 distinctio
327 3360 575 3425 immutationis.
622 3359 732 3444 Neque
756 3381 832 3424 vero
856 3361 937 3424 satis
962 3365 1012 3425 est
1038 3360 1078 3424 ad
1102 3360 1280 3444 voluptatis

138 3470 189 3534 vel
213 3467 334 3532 laboris
358 3467 601 3552 generationem
624 3468 727 3531 levem
752 3467 802 3530 vel
826 3489 976 3551 asperam
1001 3469 1034 3532 in
1058 3489 1190 3551 corpore
1215 3475 1281 3532 mo‘-

138 3577 261 3642 tionem
285 3574 378 3658 effici,
401 3573 457 3636 sed
477 3574 604 3668 utrique
623 3573 699 3638 huic
719 3594 833 3638 sensus
853 3595 979 3658 quoque
999 3575 1132 3639 accedat
1149 3595 1280 3639 necesse

138 3686 196 3747 est.
241 3681 455 3745 Affectionem
485 3683 593 3744 autem
621 3681 728 3764 ipsam
756 3680 901 3745 dolorem
925 3703 966 3744 an
992 3680 1138 3746 laborem
1165 3702 1281 3746 vocare

138 3789 229 3872 velie,
251 3786 334 3852 nihil
357 3785 469 3869 refert,
493 3787 526 3850 id
549 3789 677 3851 tantum
701 3785 886 3851 meminisse
910 3789 942 3850 te
966 3787 1049 3869 vole,
1068 3788 1281 3870 affectionem,

138 3917 234 3980 quam
264 3915 402 3978 corpora
430 3916 446 3958 e
479 3893 621 3958 naturali
650 3893 882 3958 constitutione
915 3895 1086 3959 exturbata
1113 3895 1283 3978 recipiunt,
1315 3951 1318 3956 .

139 4005 171 4066 et
194 4023 323 4066 sensum
347 4001 415 4065 eius
439 4001 524 4066 inter
548 4023 582 4064 se
606 4001 747 4084 differre,
775 4001 1034 4085 quandoquidem
1062 4025 1081 4065 a
1108 4001 1282 4084 nonnullis,

138 4113 175 4173 ut
198 4109 238 4172 ab
262 4107 473 4192 Hippocrate,
497 4129 609 4172 sensus
632 4106 702 4190 ipse
725 4107 888 4172 interdum
911 4107 1018 4191 labor,
1041 4107 1074 4170 id
1098 4110 1147 4171 est
1169 4101 1282 4186 πόνος,

139 4215 332 4300 appellatur,
355 4214 410 4278 ubi
435 4215 495 4278 ait:
525 4213 764 4297 ‘Quicunque
788 4235 831 4276 ex
855 4214 987 4298 aliqua
1009 4217 1118 4298 parte
1143 4235 1282 4296 corpo·

139 4323 193 4387 ris
217 4322 445 4387 laborantes
474 4321 701 4405 plerumque
730 4319 884 4385 dolores
912 4341 987 4386 non
1015 4319 1204 4402 sentiunt,
1232 4319 1281 4383 iis

140 4449 243 4493 mens
273 4425 473 4514 aegrotat?
525 4425 726 4492 Laborantes
754 4426 902 4491 nominat
930 4448 999 4509 eos,
1026 4425 1081 4511 qui
1110 4426 1145 4492 in
1172 4425 1282 4512 ulique
