3228 5148
598 447 818 514 ...67-

124 601 190 708 την
209 599 374 691 ἀλήθειαν
391 643 435 694 -
454 599 612 689 εὑρίσκοι.
644 607 675 672 Ν
678 631 713 672 eo
730 609 837 673 minna
852 609 971 676 mirum
987 613 1050 692 est,
1069 610 1154 693 quod
1172 609 1280 676 loeum

126 735 144 776 e
174 713 309 778 Timaeo
336 712 484 776 Platonis
513 711 558 796 (p.
583 713 626 777 70
649 712 691 794 B)
719 715 848 798 saepius
879 739 899 778 a
927 714 1051 781 Galeno
1082 718 1280 800 exscriptum

126 819 354 886 inconstanter
377 819 523 902 scripsit:
551 841 582 902 p.
606 819 671 883 292
695 821 776 884 med.
799 816 861 905 την
889 818 930 886 δὲ
958 823 1101 904 καρδίαν
1123 817 1190 906 ἅμα
1214 824 1282 887 τῶν

126 925 264 1010 φλεβῶν
286 923 350 990 καὶ
378 921 508 1010 πηγὴν
530 926 591 990 τοῦ
614 925 879 1010 περιφερομένου
902 921 983 992 κατὰ
1007 923 1177 992 πάντα,τά
1200 927 1280 1012 μέλη
1396 937 1400 943 “

126 1033 287 1116 σφοδρῶς
308 1031 461 1114 αἵματος,
485 1054 514 1116 p.
533 1031 599 1096 575
618 1035 695 1114 post
717 1032 798 1096 med.
820 1029 883 1118 τὴν
902 1036 922 1099 δ
928 1031 942 1100 ὲ
966 1035 1109 1120 καρδίαν
1128 1029 1195 1118 ἀμα
1213 1033 1281 1098 τῶν

126 1139 265 1222 φλεβῶν
287 1133 416 1222 πηγὴν
442 1135 505 1202 καὶ
533 1137 592 1203 τοῦ
616 1159 649 1202 π.
671 1161 700 1202 κ.
722 1162 749 1203 τ.
773 1143 816 1220 λ.,
844 1163 874 1224 p.
898 1141 960 1206 581
987 1145 1062 1226 post
1085 1141 1128 1206 in.
1150 1135 1212 1224 τὴν
1240 1135 1280 1204 δέ

126 1247 147 1308 δ
156 1241 175 1329 ἡ
199 1246 343 1331 καρδίαν
370 1240 438 1328 ἀμα
465 1243 534 1309 τοῖν
561 1244 696 1328 φλεβῶν
724 1240 854 1329 πηγὴν
881 1245 943 1311 καί
966 1248 1026 1312 τοῦ
1048 1269 1081 1312 π.
1104 1243 1158 1332 (of.
1183 1269 1282 1331 supra

126 1374 157 1435 p.
182 1349 249 1438 36).
294 1351 343 1416 De
371 1349 443 1416 loeo
466 1349 637 1416 Platonico
665 1373 749 1415 nuno
774 1351 940 1437 disputare
968 1353 1109 1418 alienum
1133 1357 1196 1438 est;
1225 1352 1281 1416 sed

126 1458 161 1522 id
185 1461 313 1522 tantum
336 1457 422 1542 dieo,
449 1457 632 1522 Particulas
656 1451 693 1522 δὲ
717 1453 759 1540 δή
789 1457 907 1542 ubique
931 1458 1146 1525 restituendas
1170 1457 1282 1542 fuisse,

126 1564 323 1648 praesertim
346 1587 419 1630 oum
442 1564 549 1648 primo
572 1563 645 1628 loeo
671 1585 726 1628 eas
748 1563 844 1630 Laur.
868 1565 1037 1648 praebeat,
1065 1587 1125 1629 neo
1153 1565 1280 1630 duobus

126 1671 366 1755 posterioribus
390 1671 471 1736 locis
498 1671 598 1736 verba
621 1667 675 1734 md
703 1667 813 1754 πηγήν
841 1693 879 1734 ex
902 1670 1037 1736 libidine
1061 1671 1157 1736 aliter
1181 1671 1279 1737 eollo-

127 1777 234 1842 canda
255 1776 356 1842 fuisse
380 1799 418 1843 ao
444 1778 551 1862 primo
578 1777 651 1842 loeo
675 1777 716 1842 ad
739 1777 887 1842 oodioum
915 1777 1156 1862 editionumque
1184 1778 1280 1842 fidem

127 1883 292 1950 oollooata
315 1887 398 1949 sunt.
444 1883 478 1948 P.
501 1883 567 1948 582
595 1883 676 1948 med.
699 1883 806 1948 looum
830 1883 1116 1968 Hippocratioum,
1143 1906 1239 1969 quem
1262 1907 1279 1950 e

127 1990 215 2056 libro
235 1989 274 2054 de
293 1991 419 2056 ratione
438 1991 543 2054 vietus
563 1989 598 2054 iu
617 1990 739 2056 morbis
759 1990 863 2056 acutis
882 1987 930 2074 (4,
945 1989 1002 2076 39)
1017 1989 1159 2055 Galenus
1174 1996 1279 2056 trans·

127 2095 275 2180 scripsit,
303 2095 333 2160 K
357 2095 405 2162 ita
428 2097 541 2162 edidit:
574 2091 707 2174 αὔξεται
734 2093 796 2181 μὲν
824 2092 887 2180 γὰρ
916 2093 974 2182 (sc.
997 2090 1015 2160 ὁ
1039 2093 1193 2183 πυρετός)
1218 2109 1280 2174 ψυ-

127 2227 199 2288 ηων
221 2198 300 2279 τοὺς
321 2198 428 2279 πόδας
450 2199 669 2286 ἐξαπτόμενος
694 2198 768 2268 ὑπὸ
796 2204 857 2268 τοῦ
884 2198 1045 2288 θιόρακος.
1068 2201 1122 2268 καὶ
1150 2205 1197 2278 είς
1218 2199 1280 2286 τὴν

126 2305 279 2394 κεφαλὴν
293 2304 497 2393 ἀναπέμπων
511 2301 566 2374 οἷα
580 2306 699 2392 φλόγα.
718 2309 861 2374 Pessime
873 2303 939 2372 ὑπό
954 2331 1013 2393 pro
1029 2302 1094 2374 ἀπό
1105 2308 1280 2396 (ΜΑΒΟΙι)

126 2418 249 2502 posuit
288 2413 440 2482 Ceterum
464 2415 492 2480 si
512 2416 688 2480 evolvisset
706 2437 758 2499 ea,
782 2437 863 2499 quae
884 2413 1026 2480 Galenus
1050 2415 1121 2499 ipse
1144 2416 1179 2480 in
1199 2415 1280 2500 Hip-

127 2546 216 2608 poor.
254 2521 338 2609 Περὶ
363 2523 460 2587 διαίτ.
484 2515 530 2600 ὀξ.
553 2537 624 2587 νοσ.
664 2519 843 2587 Commeat.
866 2520 1014 2604 1ίοι.Ν,
1034 2522 1077 2586 32
1097 2522 1204 2588 looum
1229 2543 1279 2585 ex-

126 2631 309 2716 plicaturus
328 2629 424 2712 dixit,
442 2624 502 2693 τὸν
520 2622 664 2712 πυρετὸν
682 2626 721 2692 ἐκ
739 2623 802 2713 μὲν
819 2629 881 2693 τοῦ
900 2623 1056 2714 θώρακος
1070 2624 1280 2712 ἐξάπτεσθαι,

126 2735 300 2802 τουτέστιν
329 2734 365 2800 έκ
393 2735 451 2818 τῆς
480 2736 633 2818 καρδίας,
665 2735 714 2811 εἰς
742 2730 805 2818 τὴν
833 2729 983 2818 κεφαλὴν
1011 2730 1047 2798 δὲ
1076 2728 1281 2818 ἀναπέμπειν

125 2839 200 2928 τὴν
223 2837 348 2926 φλόγα,
371 2842 479 2908 locum
499 2843 577 2925 puto
602 2841 649 2906 sio
667 2842 894 2908 restituturum
917 2841 1031 2924 fuisse,
1054 2845 1091 2906 ut
1108 2864 1168 2906 nos
1187 2843 1279 2906 resti·

127 2951 262 3016 tuimus.
293 2949 497 3015 P.61310c0
517 2970 575 3033 per
598 2970 631 3012 se
653 2971 720 3014 non
743 2948 823 3014 satis
846 2947 933 3013 olaro
953 2947 1121 3012 Kuehnius
1141 2951 1173 3012 et
1192 2949 1280 3013 maJa

128 3056 391 3141 interpunctione
424 3061 457 3120 et
488 3077 590 3138 prava
621 3055 760 3120 lectione
797 3075 933 3140 magnas
971 3054 1121 3119 tenebras
1155 3053 1279 3118 offudit.

127 3163 256 3230 Nereos
280 3161 447 3228 oculorum
470 3163 632 3246 utrimque
653 3160 835 3245 perforatos
856 3183 939 3244 esse,
963 3163 1082 3244 etqua
1105 3181 1122 3223 e
1146 3159 1278 3226 cerebro

128 3275 321 3336 emanarent
343 3270 377 3332 ot
399 3289 463 3352 qua
477 3267 580 3334 oeulis
595 3268 891 3352 committerentur,
913 3270 1089 3350 postquam
1112 3263 1194 3329 dixit
1217 3263 1279 3330 Ga-

127 3378 236 3458 lenus,
259 3375 345 3459 apud
368 3373 399 3438 K
423 3374 469 3438 sio
488 3373 610 3458 pergit:
633 3367 670 3438 τὸ
694 3369 756 3457 μὲν
779 3362 842 3438 οὖν
860 3368 1013 3438 κάτωθεν
1031 3368 1087 3435 καὶ
1106 3365 1189 3455 πρὸς
1210 3382 1280 3448 τοῖς

128 3478 321 3567 ὀφθαλμοῖς
344 3478 402 3567 (so.
425 3478 546 3566 τρημα)
575 3479 610 3544 ot
634 3483 780 3546 πλεῖστοι
807 3485 875 3545 τῶν
902 3473 1114 3562 ἀνατομικῶν
1136 3472 1280 3558 ἐγνώκα-

128 3607 202 3668 σιν,
230 3581 250 3670 'i
280 3581 311 3652 d'
340 3580 477 3652 ἀνωθεν
504 3579 587 3671 ἀρχὴ
615 3585 722 3652 τόνδε
748 3587 817 3651 τοῖν
844 3581 976 3671 νεύρων
1005 3577 1126 3667 σχεδὸν
1155 3577 1280 3648 ἀπασιν

127 3689 245 3771 αὐτοῖς
267 3687 429 3778 ἠγνόηται
451 3688 534 3758 κατὰ
557 3687 619 3776 τὴν
643 3693 690 3769 είς
712 3687 748 3758 τὸ
777 3689 921 3775 πλάγιον
943 3686 1147 3774 έπιστροφὴν
1172 3679 1280 3756 οὖσαν

127 3805 216 3888 (tege
240 3789 338 3886 οὖσα)
361 3800 429 3866 τῶν
451 3802 628 3885 προσθίαν
650 3799 803 3881 κοιλιῶν,
830 3796 984 3885 ἑκατέρας
1011 3821 1052 3880 γε
1075 3791 1186 3862 αὐτῶν
1209 3813 1279 3862 στε-

128 3905 196 3992 νὴν
217 3905 273 3972 καὶ
295 3902 447 3991 προμήκη
471 3901 533 3989 τὴν
555 3901 643 3970 κάτω
666 3901 823 3990 τελευτὴν
846 3901 1000 3989 ἐχούσης,
1023 3906 1109 3970 ἔνθα
1131 3905 1199 3970 τῶν
1221 3905 1279 3990 τῆς

128 4011 225 4098 ῥινὸς
246 4009 362 4098 πόρων
385 4010 475 4077 έστὶν
497 4005 518 4096 ἡ
542 4011 624 4097 ῥίζα.
663 4013 754 4098 Ergo
782 4014 875 4099 origo
899 4012 1046 4097 superior
1067 4012 1183 4078 horum
1206 4032 1278 4076 uer·

128 4145 245 4188 vorum
273 4120 345 4185 ideo
373 4119 439 4184 fero
463 4119 614 4185 omnibus
642 4119 757 4205 ignota
784 4123 847 4205 est,
880 4119 965 4205 quod
992 4123 1126 4202 uterque
1154 4117 1278 4182 oerebri

128 4228 329 4294 ventriculus
362 4227 489 4291 anticus
522 4225 708 4292 inferiorem
741 4231 882 4311 partem,
913 4249 977 4312 qua
1008 4228 1174 4289 meatuum
1204 4223 1278 4288 nasi

129 4336 222 4402 radix
245 4336 308 4417 est,
331 4336 505 4419 angustam
529 4337 626 4416 οθηιιο
646 4332 822 4418 oblongam
845 4333 967 4398 habet?
1003 4331 1074 4396 Iam
1093 4329 1173 4395 haec
1192 4329 1278 4414 apud

128 4441 266 4510 eundem
286 4443 475 4524 sequuntur:
499 4435 535 4504 τὸ
557 4436 594 4504 δὲ
608 4434 678 4504 ἀνω
693 4437 808 4524 τέρας,
828 4433 845 4504 ό
865 4434 948 4522 πρὸς
964 4434 1027 4522 τὴν
1045 4435 1151 4522 μέσην
1163 4429 1278 4521 ἀνήκει
