3296 5150
663 416 905 480 —345-

210 574 266 644 διὰ
289 579 388 642 τοῦτο
416 577 534 660 στῆναι
562 572 801 660 βουληθέντες,
834 567 876 640 οὐ
897 571 1005 660 μόνον
1028 573 1064 640 έκ
1086 576 1144 660 τῆς
1166 575 1233 640 τῶν
1256 569 1356 640 άναν-

208 685 276 751 τῶν
298 708 332 750 τε
355 681 410 748 καί
434 683 605 748 καταντῶν
629 685 761 768 χωρίων
790 683 955 768 διαφορᾶς
977 685 1083 748 ἔνεστι
1106 687 1246 767 μαθεῖν,
1274 675 1358 747 άλλά

209 791 264 860 καὶ
297 790 332 857 ἐκ
364 791 421 876 τῆς
454 789 491 856 έν
519 783 633 866 αὐτοῖς
663 801 734 867 τοῖς
764 783 901 874 δμαλίσι
929 785 1097 876 διαφόρου
1123 785 1293 875 κινήσεως.
1338 783 1357 856 δ

209 896 272 985 μὲν
298 893 362 985 γάρ
390 900 437 975 είς
463 889 610 964 τούπίσω
638 891 701 981 τήν
726 893 836 984 ῥοπὴν
866 899 927 963 τοῦ
955 893 1107 982 σώματος
1135 893 1359 982 ποιησάμενος

211 1007 248 1074 έν
270 1007 315 1096 τῷ
343 1004 471 1092 τρέχειν
494 998 709 1091 αὐτοκράτωρ
733 1003 801 1071 ἐστὶ
824 1005 885 1072 τοῦ
908 1006 1042 1090 στῆναι,
1070 999 1088 1071 ό
1114 1001 1150 1070 δὲ
1173 1004 1221 1081 είς
1243 998 1280 1068 τὸ
1305 1005 1385 1087 ἔμε

211 1119 363 1200 προσθεν
384 1107 450 1180 ὑπὸ
470 1111 597 1197 ἐκείνης
615 1109 785 1180 κωλύεται.
825 1110 880 1178 καί
905 1107 960 1178 διά
984 1107 1067 1178 αὐτό
1090 1135 1126 1196 γε
1145 1111 1245 1176 τοῦτο
1270 1105 1357 1176 οὕτω
1438 1155 1441 1164 ·

211 1209 370 1288 θέουσιν
388 1215 530 1297 ἅπαντες
565 1214 630 1286 ὑπὸ
673 1213 774 1304 αὐτῆς
809 1219 870 1285 τοῦ
906 1217 1096 1306 πράγματος
1131 1219 1189 1304 τῆς
1224 1213 1359 1301 φάσεως

213 1326 450 1414 διδασκόμενοι
483 1333 654 1394 συντελεῖν
680 1322 743 1413 τὴν
775 1329 822 1405 είς
852 1323 889 1393 τὸ
918 1323 1032 1412 πρόσω
1060 1321 1168 1412 ῥοπὴν
1195 1325 1240 1414 τῷ
1269 1319 1358 1407 τάχει

213 1437 270 1520 τῆς
292 1431 462 1519 κινήσεως.
498 1429 609 1520 ὥσπερ
633 1423 696 1502 οὖν
714 1433 766 1501 ε’πί
785 1436 846 1502 τοῦ
863 1437 1139 1522 παραδείγματος,
1162 1420 1188 1498 ιδ
1208 1427 1358 1516 γενναιό-

216 1565 290 1608 τατε
310 1539 491 1626 Χρύσιππε,
509 1553 580 1620 τοῖς
597 1539 659 1626 μὲν
677 1540 783 1628 μηδὲν
802 1537 865 1610 ὑπὸ
884 1544 946 1610 τοῦ
964 1539 1046 1608 κατά
1066 1537 1101 1608 τὸ
1122 1541 1216 1626 σῶμα
1234 1535 1360 1624 βάρους
1374 1559 1399 1598 10

215 1651 262 1726 είς
283 1646 382 1734 τάχος
404 1645 565 1735 κινήσεως
588 1643 833 1735 ὠφελουμένοις
856 1648 991 1734 ἕτοιμον
1013 1645 1050 1714 τὸ
1075 1649 1208 1734 στῆναι,
1230 1658 1300 1723 τοῖς
1323 1641 1359 1712 δὲ

213 1754 249 1820 ἐκ
272 1757 384 1841 διττῆς
407 1758 513 1834 αι’τίας
535 1751 572 1824 τὸ
591 1752 690 1843 τάχος
708 1757 873 1841 γεννῶσιν
892 1750 1007 1822 οὐκέθ’
1035 1750 1053 1841 ἡ
1072 1751 1232 1841 βούλησις
1251 1749 1360 1838 ἱκανή,

213 1857 293 1928 κατὰ
318 1859 379 1928 τὸν
408 1857 512 1930 αὐτὸν
539 1861 665 1949 τρόπον
697 1861 749 1929 aa
772 1865 829 1948 τῆς
857 1864 964 1948 ψυχῆς
991 1859 1121 1948 ὁρμῶν,
1152 1857 1234 1930 ὅταν
1256 1855 1358 1946 pind

109 2011 116 2028 ⁸
213 1966 370 2055 λογισμὸς
387 1967 492 2054 μόνος
510 1973 566 2058 ἔχῃ
586 1967 648 2057 τὴν
666 1973 789 2047 αἰτίαν,
812 1969 864 2037 ἐπὶ
883 1963 973 2060 αὐτῷ
992 1971 1116 2036 παῦσαι
1140 1965 1202 2054 τὴν
1220 1963 1357 2054 όρμήυ·Ι
1374 1987 1398 2026 ιι

213 2071 294 2142 όταν
313 2073 349 2142 δέ
376 2073 445 2162 ἤτοι
466 2075 575 2164 θυμὸς
595 2071 614 2164 ἢ
633 2077 794 2164 ἐπιθυμία
817 2103 866 2156 τις
884 2071 973 2168 αὐτῷ
992 2077 1174 2164 προσέλθῃ,
1197 2073 1356 2160 δυνάμεις
1367 2089 1426 2148 3λὸ

217 2180 337 2268 άλογοί
357 2209 391 2250 τε
414 2183 468 2250 καί
496 2183 720 2270 παραπλήσιαι
754 2187 797 2275 τῷ
821 2181 903 2250 κατὰ
930 2181 966 2251 τὸ
995 2186 1089 2270 σῶμα
1121 2181 1227 2270 βάρει,
1256 2207 1360 2266 παρα-

214 2293 323 2376 χρῆμα
351 2289 413 2376 μέν
441 2286 501 2376 οὐχ
525 2285 600 2358 οἷόν
628 2316 662 2358 τε
685 2292 817 2377 στῆναι,
846 2288 956 2380 χρόνῳ
985 2289 1020 2358 δὲ
1048 2285 1092 2357 δν
1120 2298 1199 2368 ίσως
1230 2290 1360 2374 γίνοιτο

251 2481 414 2542 λάνόντων
433 2487 470 2542 Μ.
495 2517 527 2526 -
555 2482 739 2542 acardum
764 2485 800 2540 Μ.
826 2517 858 2528 -
883 2493 899 2540 3
925 2481 941 2556 ἡ
965 2483 1018 2555 μὲν
1037 2485 1073 2540 Μ.
1094 2515 1125 2525 -
1152 2491 1167 2540 5
1191 2480 1287 2554 τόχειν
1310 2501 1360 2554 pro

214 2557 322 2627 τρέχειν
345 2559 382 2612 Μ.
410 2589 438 2598 —
467 2565 495 2612 11
518 2559 566 2626 τὴς
585 2555 616 2614 δὲ
638 2553 670 2614 ἐκ
690 2559 726 2613 Μ.
752 2589 784 2598 -
810 2565 842 2612 15
862 2555 1007 2627 προσέχθη
1031 2557 1068 2612 Μ.
1094 2588 1125 2596 -
1153 2563 1183 2611 17
1208 2557 1273 2628 post
1297 2556 1361 2619 ίσως

217 2629 318 2684 desunt
336 2630 422 2685 verba
440 2629 551 2699 γένοιτο
571 2659 602 2670 -
623 2625 654 2684 ιδ
674 2627 705 2686 δὲ
725 2628 755 2684 in
774 2627 810 2684 Μ.
831 2660 863 2670 -

218 2761 296 2768 --..—-
305 2761 428 2770 -————v

217 2829 351 2894 malium
374 2831 564 2914 corporibus
583 2829 737 2916 gravitas.
774 2829 850 2896 Non
873 2851 968 2914 posse
992 2833 1101 2894 alitem
1124 2851 1182 2914 per
1201 2849 1282 2912 eam,
1304 2829 1361 2897 ubi

218 2935 392 3021 voluerint,
420 2935 597 3004 consistere
624 2959 690 3003 non
717 2919 844 3004 tantum
869 2935 906 3002 ei
934 2935 1105 3002 acclivium
1129 2939 1161 3000 eb
1188 2935 1361 3001 declivium

217 3043 364 3110 locorum
383 3044 578 3128 discrimine,
602 3045 657 3108 scd
682 3045 781 3109 etiam
801 3067 840 3110 ex
863 3043 1051 3110 diversitate
1075 3043 1230 3109 motionis
1253 3042 1305 3107 vel
1328 3043 1363 3108 in

218 3151 291 3236 ipsa
319 3152 456 3238 planitie
484 3150 657 3236 colligitur.
712 3152 774 3228 Qui
803 3151 889 3216 enim
917 3155 1002 3216 retro
1030 3149 1175 3235 eorporis
1203 3150 1361 3235 impetum

216 3281 347 3324 currens
376 3259 548 3343 reflexerit,
576 3259 604 3324 is
632 3259 769 3324 liberam
797 3257 899 3324 habet
926 3257 1122 3324 subsistendi
1151 3259 1362 3344 potestatem

218 3367 272 3450 qui
297 3371 411 3432 contra
434 3367 468 3432 in
492 3367 686 3434 anteriorem
710 3371 848 3452 partem,
869 3365 927 3430 illo
952 3365 1135 3450 impeditur.
1172 3364 1278 3450 Atque
1301 3363 1362 3430 hac

218 3473 292 3556 ipsa
320 3473 359 3537 dc
383 3495 478 3540 causa
507 3495 619 3539 omnes
647 3473 732 3540 hunc
763 3472 804 3538 ad
832 3473 963 3538 modum
992 3475 1125 3538 currunt
1153 3471 1194 3536 ab
1221 3471 1294 3556 ipsa
1317 3471 1362 3536 rei

217 3583 335 3644 natura
358 3579 464 3646 edocti
488 3582 635 3666 corporis
664 3581 697 3647 in
721 3581 865 3646 anterius
889 3578 1130 3664 proclivitatem
1154 3579 1194 3643 ad
1218 3578 1363 3644 celerita-

218 3691 282 3752 tem
311 3687 467 3753 motionis
496 3688 651 3754 conferre.
697 3687 974 3765 Quemadmodum
1003 3687 1117 3772 igitur,
1148 3685 1232 3751 bone
1260 3683 1363 3769 Chry-

217 3792 324 3877 sippo,
355 3793 411 3876 iis,
444 3795 498 3879 qui
531 3794 614 3860 nihil
647 3794 794 3880 corporis
827 3794 912 3859 mole
942 3793 981 3858 ad
1015 3797 1122 3860 motus
1157 3791 1363 3858 velocitatem

218 3899 420 3983 adiuvantur,
443 3901 477 3966 iu
501 3905 631 3986 promtu
655 3907 706 3967 cst
724 3901 911 3984 subsistere,
933 3901 999 3966 illis
1023 3903 1142 3984 autem,
1164 3899 1219 3984 qui
1242 3897 1363 3983 duplici

217 4007 257 4071 de
289 4029 388 4072 causa
424 4006 623 4074 celeritatem
661 4008 901 4094 adipiscuntur,
938 4009 1089 4074 voluntas
1126 4029 1191 4074 nou
1224 4005 1364 4091 amplius

219 4113 352 4196 sufficit,
376 4113 423 4178 ita
445 4114 478 4178 in
502 4115 603 4181 animi
633 4115 904 4201 appetitionibus,
932 4115 959 4182 si
991 4115 1076 4182 ratio
1105 4114 1175 4180 sola
1203 4113 1236 4178 in
1267 4134 1365 4178 causa

218 4225 277 4305 cst,
300 4243 398 4306 penes
423 4241 494 4286 eam
518 4225 568 4286 est
596 4221 764 4290 inhibendi
788 4222 945 4307 impetum
969 4221 1122 4304 facidtas3
1151 4221 1179 4286 si
1208 4243 1284 4286 vero
1314 4221 1363 4285 vel

218 4328 268 4393 ira
290 4328 342 4393 vel
371 4327 530 4414 cupiditas
560 4328 770 4414 accesserint,
800 4329 973 4395 facultates
1002 4327 1208 4394 irrationales
1237 4331 1270 4392 et
1297 4349 1364 4393 cor-

218 4435 307 4521 poris
330 4435 486 4522 gravitati
506 4435 639 4522 similes,
662 4436 750 4504 illico
769 4435 899 4522 quidem
917 4435 1045 4502 iustitio
1069 4433 1139 4500 fieri
1162 4457 1228 4501 non
1247 4437 1365 4520 potest,
