3228 5148
604 428 848 492 -125-

140 603 191 650 στ.
215 579 252 648 θ’
278 579 358 670 ἅμα;
381 609 412 670 p.
436 585 501 650 450
525 590 599 650 onte
623 587 705 652 med.
728 587 762 650 in
784 585 879 652 LMA
902 579 1014 651 αὐτῶν
1037 581 1175 652 κατὰτὸ
1200 587 1295 670 σῶμα

140 713 204 776 pro
231 691 300 757 των
326 715 354 756 ιι.
376 713 403 758 τ.
426 709 471 774 σ.,
498 716 528 777 p.
555 695 618 758 261
648 693 690 758 in.
717 687 797 757 καθ’
828 688 966 776 ἑκάτερα
993 715 1053 776 pro
1081 686 1160 756 καθ’
1191 691 1296 778 ἕτερα,
1396 731 1403 748 1

140 823 173 884 p.
197 799 263 864 487
288 803 363 864 onte
387 799 467 864 med.
491 800 525 864 in
548 799 613 864 MA
637 795 793 884 ἥδοντος,
816 799 851 864 in
873 798 899 863 L
923 793 988 882 ἤδη
1012 792 1110 874 ὄντος
1132 820 1192 882 pro
1211 787 1297 884 ᾖδον

141 907 303 991 scriptum
326 907 517 972 invenimus.
562 905 653 971 Hseo
677 908 787 972 omnic
811 927 827 970 e
851 905 1015 971 communi
1037 905 1128 970 fonte
1151 905 1297 971 derivato

141 1036 216 1078 esse
240 1013 312 1099 quis
335 1036 401 1079 non
424 1013 599 1080 concedet?
640 1013 690 1078 Ex
715 1014 827 1079 eodem
852 1016 961 1077 cutem
983 1012 1074 1078 fonte
1098 1012 1180 1078 vitio
1203 1035 1297 1098 quoe-

140 1119 235 1204 dcm,
257 1143 339 1206 quae
358 1121 392 1185 in
410 1142 513 1204 prava
531 1120 765 1186 vocabulorum
784 1119 990 1203 separatione
1011 1122 1198 1203 cernuntur,
1219 1120 1297 1184 utri·

140 1249 206 1312 que
229 1227 374 1292 familiae
398 1227 583 1293 communic
606 1227 781 1311 fluxerunt,
802 1227 892 1290 velut
915 1249 945 1310 p.
969 1226 1033 1291 218
1059 1227 1119 1290 sub
1142 1227 1210 1310 fin,
1239 1226 1296 1290 ubi

141 1333 211 1398 MA
240 1327 337 1398 πάντ’
370 1322 433 1399 οὖν
462 1329 525 1399 ὅσα
554 1331 642 1418 περὶ
671 1329 717 1398 τὰ
745 1332 813 1398 τοῖν
844 1327 1105 1416 ἐπιχειρημάτων
1134 1330 1214 1416 (⁶²72-
1244 1329 1295 1418 Μ)

141 1441 317 1526 praebent3
344 1441 425 1505 illud
453 1439 528 1526 περὶ
555 1436 595 1504 τὰ
623 1439 829 1504 Besileenses
857 1438 1008 1503 viderunt
1035 1443 1149 1504 naum
1179 1461 1249 1504 esse
1280 1461 1296 1502 e

142 1547 231 1612 mole
254 1548 409 1612 distracto
433 1547 592 1612 vocabulo
615 1541 764 1630 τεριττά;
788 1543 814 1609 Ο
836 1544 937 1609 habet
958 1539 1055 1610 πάντ’
1083 1534 1207 1610 οὖντά
1230 1569 1296 1610 τοι·

142 1655 231 1718 αὐτα
260 1655 327 1718 των
362 1652 458 1738 trip,
489 1654 574 1739 quod
607 1653 691 1718 nihil
722 1652 809 1718 aliud
838 1651 904 1716 nisi
941 1652 1175 1718 correctionem
1208 1652 1296 1716 illius

140 1759 219 1844 περί
242 1756 283 1826 τά
306 1761 341 1826 in
364 1761 541 1846 exemplari
564 1760 734 1846 proposito
757 1758 878 1843 reperti
902 1781 971 1822 esse
996 1754 1140 1844 apparet.

235 1867 305 1934 Iam
336 1873 373 1933 ut
402 1868 444 1932 cb
473 1867 530 1951 iis,
564 1889 645 1954 quae
676 1871 790 1932 contro
823 1869 910 1930 recte
944 1864 1105 1931 scribendi
1135 1865 1297 1931 rationem

142 1978 280 2058 peccota
303 1997 373 2040 esse
402 1973 582 2060 generatim
611 1975 835 2059 exposuimus,
865 1972 905 2036 ad
932 1972 1126 2058 singularis,
1153 1994 1235 2057 quoe
1262 1972 1297 2036 in

142 2082 234 2146 exitu
265 2082 496 2147 vocabulorum
529 2080 672 2146 admissa
709 2085 796 2163 sunt,
832 2079 915 2144 vitio
950 2079 1195 2162 descendamus,
1231 2101 1297 2145 non

142 2210 250 2272 pauca
273 2187 473 2272 repperimus
503 2210 541 2252 ex
565 2187 729 2254 communi
758 2187 884 2270 origine
910 2185 1065 2269 profecta.
1110 2185 1296 2250 Eorundem

143 2294 232 2358 enim
264 2293 433 2360 nominum
464 2294 712 2359 terminationes
740 2309 761 2357 σ
787 2293 839 2357 vel
868 2314 889 2354 ν
917 2311 990 2356 cum
1014 2317 1025 2354 ι
1050 2290 1213 2375 adscripto
1239 2291 1296 2356 hu-

143 2401 225 2465 bent
247 2404 460 2484 commutata,
484 2401 572 2466 velut
594 2402 629 2466 in
651 2398 745 2464 MAL
768 2421 799 2483 p.
819 2398 884 2462 514
902 2421 933 2481 p.
951 2399 994 2462 in.
1018 2398 1086 2462 cciv
1108 2396 1297 2482 λεγομένων

144 2529 206 2590 pro
235 2507 280 2595 τῷ
308 2505 491 2595 λεγομένῳ,
519 2531 549 2592 p.
577 2508 639 2574 481
672 2507 731 2570 sub
755 2505 777 2569 f.
804 2502 1027 2590 προκειμένην
1053 2498 1166 2570 αὐτῶν
1195 2527 1297 2590 τραγ-

143 2617 285 2698 ματείαν
307 2636 366 2699 pro
388 2637 421 2679 τι.
444 2608 533 2702 αὐτῷ
557 2636 610 2698 τρ.
634 2610 682 2697 (in
700 2610 755 2677 FP
773 2615 860 2676 recte
879 2616 1060 2676 correctum
1080 2608 1157 2698 est),
1180 2635 1212 2696 p.
1230 2611 1296 2676 229

144 2743 175 2804 p.
199 2743 241 2784 ιιι.
265 2721 299 2785 in
322 2719 388 2786 MA
410 2721 449 2804 τῇ
473 2715 535 2804 μὲν
556 2757 600 2766 -
622 2719 662 2802 τῆ
687 2714 739 2800 δὲ,
766 2719 803 2784 in
829 2715 855 2782 G
882 2718 922 2801 τῆ
945 2714 1007 2802 μὲν
1030 2755 1073 2764 -
1096 2718 1154 2801 τῆς
1177 2715 1217 2782 δέ
1237 2740 1296 2801 pro

144 2825 203 2910 τῆς
229 2823 293 2911 μὶν
315 2865 359 2872 -
381 2827 439 2910 τῆς
466 2825 506 2890 δέ
533 2826 691 2910 scriptum
718 2829 776 2889 est
827 2824 918 2889 Adde
947 2825 1093 2911 quoda,
1120 2849 1160 2900 ας
1187 2828 1220 2889 et
1243 2849 1296 2906 αν,

144 2957 203 3014 ου,
231 2957 272 2998 ον
300 2939 334 2998 et
361 2957 386 2998 ω
411 2931 479 3020 (φ),
507 2938 586 2998 oet
612 2957 632 2997 ν
660 2933 694 2997 in
722 2931 809 2996 exitu
833 2931 1007 2997 eorundem
1030 2933 1198 2996 nominum
1222 2954 1295 2997 con-

143 3039 219 3102 fuso
237 3038 458 3124 inveniuntur;
482 3062 513 3123 p.
532 3040 595 3104 217
615 3061 645 3122 p.
665 3061 706 3103 m.
726 3037 818 3104 OMA
836 3039 1002 3121 τροιοῦοα
1019 3061 1079 3122 pro
1098 3039 1298 3122 cccccccccc,

144 3169 175 3230 p.
200 3147 261 3210 ‘261
289 3169 331 3210 m.
354 3145 447 3211 LMA
475 3140 646 3230 ἀμφότερα
668 3167 727 3229 pro
750 3137 954 3229 ἀμφοτέρας,
981 3167 1012 3229 p.
1035 3145 1097 3209 301
1129 3149 1207 3209 extr.
1233 3144 1295 3209 LM

143 3247 293 3336 θάτερον
314 3245 446 3336 ὀλίγον,
469 3253 500 3318 Α
523 3258 558 3318 d.
581 3245 705 3334 ὀλίγων
731 3272 790 3334 pro
813 3249 962 3336 θατέρου
984 3245 1096 3333 ὀλίγα,
1123 3273 1154 3334 p.
1178 3252 1242 3316 229
1266 3275 1296 3336 p.

144 3381 188 3422 m.
211 3356 304 3422 OMA
328 3355 506 3444 δυνάμεων
528 3351 633 3448 αὐτοῦ
655 3379 715 3442 pro
739 3359 769 3422 d.
792 3351 897 3445 αὐτῷ,
920 3380 951 3441 p.
974 3357 1040 3421 230
1063 3380 1105 3424 m.
1128 3351 1212 3442 άρχὴ
1236 3359 1297 3423 τοῦ

145 3461 233 3554 ζῴου
259 3488 319 3550 pro
347 3459 378 3530 ά.
400 3466 445 3554 τῷ
475 3462 560 3554 ζῴῳ,
587 3489 618 3550 p.
640 3465 707 3531 495
729 3488 771 3529 m.
795 3463 889 3528 LMA
916 3463 984 3528 τῶν
1012 3457 1157 3545 ἀκαίρως
1180 3461 1296 3529 enoc

143 3573 233 3655 μιῶν
251 3595 310 3657 pro
332 3597 360 3638 τ.
378 3565 526 3657 ἀκαίρων
550 3570 589 3653 ιλ,
612 3595 642 3656 p.
661 3572 726 3637 383
745 3572 788 3636 in
812 3565 915 3649 άξιῶν
938 3563 1043 3634 αὐτόν
1065 3592 1124 3653 pro
1148 3563 1179 3635 ά.
1198 3565 1298 3647 αὐτός

143 3678 317 3764 praebent3
335 3678 434 3744 iidem
453 3703 483 3763 p.
502 3679 567 3745 468
587 3701 628 3742 m.
646 3673 852 3754 τελειοτάτας
869 3699 929 3762 pro
947 3673 1161 3760 τελειότητος.
1192 3676 1297 3742 Multa

144 3785 245 3850 etism
275 3785 355 3850 vitis
383 3807 421 3849 ex
450 3785 646 3850 adsimulato
674 3785 824 3870 proximo
846 3784 970 3849 nomini
995 3784 1083 3848 exitu
1106 3786 1184 3848 ncta
1208 3789 1296 3849 sunt:

144 3915 175 3976 p.
198 3893 266 3956 494
293 3915 321 3956 a.
350 3914 391 3956 m.
419 3889 512 3956 MAL
540 3889 810 3976 κοινωνήσαντος
837 3891 1015 3975 αἱροῦντος
1045 3913 1105 3975 pro
1134 3887 1297 3974 κοινωνή-

144 4015 251 4063 σαντα
283 3999 349 4084 αίρ.
376 3997 535 4082 scribunt,
563 4021 594 4083 p.
617 3999 682 4064 463
706 4022 736 4083 p.
760 4022 801 4063 m.
825 3995 899 4083 τιερλ
923 3991 959 4062 dt
984 3998 1042 4082 τῆς
1064 3992 1161 4082 ἥττης
1183 4020 1217 4062 τε
1240 3994 1296 4061 καὶ

143 4105 203 4188 τῆς
232 4099 363 4190 άτιμίας
392 4099 437 4182 ως
465 4101 550 4170 κατὰ
582 4128 642 4190 pro
673 4100 719 4182 ως
752 4087 880 4182 nando}
909 4105 991 4170 illud
1021 4100 1104 4170 κακά
1137 4125 1175 4168 ex
1207 4107 1296 4168 ante-

144 4211 273 4276 cedenti
296 4205 341 4288 ως
363 4205 475 4295 άναθά
504 4213 665 4278 contrarie
694 4213 797 4278 relato
826 4217 934 4278 ortum
957 4233 1027 4277 esse
1050 4210 1147 4275 focile
1169 4211 1295 4277 intelle·

144 4319 247 4404 gitur3
280 4341 310 4403 p.
343 4319 407 4384 293
436 4323 514 4384 extr.
543 4319 605 4384 LM
636 4313 654 4384 ὁ
685 4314 796 4403 θυμὸς
827 4311 939 4383 αὐτῶν
970 4317 1038 4381 τῶν
1069 4317 1205 4401 φρενῶν
1235 4339 1295 4401 pro

144 4417 251 4490 αὐτὸν
279 4448 307 4490 τ.
336 4447 410 4510 φρ.,
439 4426 525 4509 quod
554 4425 693 4490 Aldinae
728 4429 877 4491 auctores
912 4423 1135 4509 restituerunt3
1169 4447 1200 4508 p.
1229 4423 1296 4490 385
