3228 5148
604 435 848 500 -101-

151 619 181 680 p.
205 595 288 660 med
311 602 439 662 οἴονται
466 595 501 659 in
528 591 813 680 παρεφυλαξάμην
839 597 873 660 et
900 599 1013 679 οίομαι
1039 617 1100 661 neo
1126 618 1157 682 p.
1180 595 1246 664 406
1272 620 1300 664 a

151 725 193 767 m.
216 700 346 786 λέγοιτο
369 702 404 767 in
426 699 593 786 λέγοιντο,
622 705 818 786 quamquam
845 724 876 786 p.
901 701 965 766 734
993 701 1074 766 med.
1099 705 1186 766 reete
1214 703 1300 768 ride·

150 814 228 875 runt
254 831 319 874 non
347 807 470 889 ἕλοιτο,
500 808 556 873 sed
584 805 713 874 ἕλοιντο
739 808 912 893 legendum
941 830 1019 872 esse.
1069 809 1114 872 Et
1145 809 1299 894 quoniam

149 941 202 980 ται
228 921 262 980 et
283 939 321 980 το
344 915 539 980 commutari
557 915 719 998 solebant,
742 915 947 998 factumest,
970 918 1008 978 ut
1025 911 1221 999 έγέγραπται
1239 940 1298 1000 pro

150 1021 348 1106 ἐγέγραπτο,
371 1019 512 1087 δύναται
535 1044 595 1106 pro
613 1016 767 1103 δύναιτο,
791 1021 919 1105 aliaque
944 1043 963 1084 a
981 1019 1124 1084 librariis
1143 1043 1298 1104 poneren-

148 1135 216 1212 tur,
244 1151 344 1214 quare
370 1151 437 1194 non
465 1127 685 1192 dubitavimus
712 1151 742 1213 p.
768 1127 831 1192 703
856 1150 883 1192 a.
912 1126 993 1191 med.
1021 1131 1113 1211 εἴπερ
1139 1123 1204 1214 γὰρ
1231 1122 1297 1194 ῦπο

147 1231 255 1319 πυρὸς
272 1230 293 1319 ἡ
312 1229 601 1318 πέυιςέγίγυετο
616 1235 684 1299 τῶν
702 1236 818 1300 σιτίων
835 1256 895 1317 pro
915 1235 1073 1315 γίγνεται,
1097 1255 1180 1319 quae
1198 1235 1296 1302 leutio

148 1342 298 1408 codicum
321 1345 384 1426 est,
411 1342 581 1408 restituere
609 1345 694 1425 etp.
718 1341 784 1406 575
812 1364 839 1405 a.
863 1340 915 1403 fin.
943 1337 1208 1425 προσηγορεύετο
1236 1365 1296 1426 pro

147 1445 427 1534 προσηγόρευται;
450 1472 481 1533 p.
500 1449 564 1513 398
588 1471 618 1532 p.
637 1448 719 1512 med.
741 1446 954 1513 Posidonium
975 1468 1041 1512 nou
1065 1451 1130 1511 εἴτε
1149 1469 1232 1533 προς
1250 1449 1295 1537 τῷ

146 1552 281 1638 μεγέθει
309 1555 377 1619 των
403 1552 619 1639 φαινομένων
646 1551 700 1619 καί
728 1549 791 1637 την
817 1546 999 1617 ἀσθένειαν
1024 1553 1083 1636 τῆς
1107 1553 1214 1638 ψυχῆς
1237 1557 1296 1639 at-

146 1657 352 1727 τιάσοιντο
375 1659 430 1726 καί
453 1655 508 1725 διὰ
526 1661 626 1725 τοῦτο
644 1699 687 1707 -
707 1659 835 1745 ἐροῦσι,
860 1659 915 1724 sed
939 1653 1171 1724 αἰτιάσονται
1195 1662 1295 1746 serip-

146 1769 230 1834 sisse
254 1768 470 1834 certissimum
489 1771 548 1833 est.
580 1767 743 1852 Frequens
767 1769 867 1833 etism
891 1769 941 1830 est
962 1766 1161 1850 permutatio
1184 1769 1295 1833 termi-

144 1876 318 1940 nationum
340 1881 423 1939 σθαι
446 1878 480 1939 et
501 1897 569 1955 ται,
597 1878 774 1958 γίγνεσθαι
803 1878 836 1938 et
860 1876 1023 1957 γίγνεται,
1050 1868 1295 1956 πεισθήσεσθαι

145 1987 179 2046 et
202 1977 433 2065 πεισθήσεται,
455 1980 539 2065 quod
563 1979 680 2046 vitium
704 1980 843 2047 editores
865 1981 953 2064 fugit
974 2003 1004 2064 p.
1027 1980 1090 2044 321
1117 1983 1209 2064 extr,
1237 1980 1294 2046 ubi

143 2089 195 2153 illi
220 2083 308 2154 οὕτω
332 2083 369 2152 u
391 2085 563 2169 λέγεσθαι,
585 2109 645 2151 nos
665 2082 752 2151 οὕτω
772 2083 809 2152 u
827 2084 883 2152 καί
901 2083 1027 2170 λέγεται
1045 2086 1195 2171 legimus.
1224 2086 1294 2153 Neo

143 2194 323 2279 praeterire
345 2193 502 2260 hocloco
525 2192 603 2258 lieet
621 2195 909 2260 commutationem
932 2193 1076 2258 exituum
1099 2215 1152 2256 ται
1175 2195 1208 2256 et
1230 2217 1293 2276 τες,

144 2301 299 2386 adquam
318 2300 441 2385 aliquid
459 2299 563 2364 valuit
579 2300 803 2383 pronuntiatio
821 2299 907 2364 falsa
920 2297 1116 2383 diphthongi
1131 2322 1181 2379 αι,
1201 2300 1292 2365 euius

143 2407 276 2490 quidem
300 2408 447 2492 exempla
474 2429 540 2472 non
566 2428 670 2491 pauca
697 2407 732 2470 in
760 2405 925 2472 codicibus
951 2404 1047 2469 nobis
1076 2411 1303 2490 oecurrenmt,·

142 2513 255 2598 qualia
281 2511 430 2591 τιθέντες
455 2536 515 2597 pro
544 2515 710 2594 τίθενται,
742 2514 955 2596 περαίνονται
987 2533 1047 2594 pro
1079 2512 1292 2595 περαίνοντες

142 2617 199 2706 (ef.
221 2621 422 2706 Programm.
445 2623 544 2685 nostr.
567 2618 614 2697 Π,
640 2619 694 2702 10,
719 2616 762 2704 8).
806 2618 920 2703 ltaque
942 2639 1002 2682 nos
1026 2640 1057 2700 p.
1080 2615 1144 2682 548
1168 2617 1212 2683 in.
1233 2619 1292 2704 τῆς

143 2725 304 2810 γενέσεως
326 2721 387 2792 οὐκ
410 2721 642 2811 ἀφαιροῦμαι
665 2725 881 2810 restituimus3
906 2723 995 2788 oodd.
1018 2725 1052 2786 et
1075 2723 1143 2788 edd.
1166 2724 1290 2790 habent

142 2828 369 2920 ἀφαιροῦμεν,
390 2834 475 2918 quod
499 2854 538 2896 ex
559 2825 765 2917 ἆφαιροῦμες
787 2832 839 2896 vel
857 2825 1045 2915 ἅφαιροῦμε
1067 2833 1181 2895 natum
1205 2831 1290 2896 vide-

141 2945 209 3026 tur,
232 2945 265 3006 et
287 2963 318 3025 p.
337 2942 403 3006 474
425 2940 510 3022 init,
533 2939 589 3003 ubi
613 2934 822 3003 MABChK:
846 2931 902 3002 διὰ
925 2933 1029 3020 λόγου
1051 2932 1113 3021 μὲν
1135 2935 1290 3002 πεισθέν-

141 3071 194 3124 τες
216 3085 261 3094 -
280 3043 356 3113 οὔτε
374 3045 561 3130 φοβοῦνται
583 3039 659 3110 οὔτε
677 3045 876 3126 λυποῦνται,
899 3047 1085 3126 φαντασίας
1104 3035 1135 3106 θ’
1153 3041 1290 3108 ἐκείνων

142 3147 255 3218 αὐτῶν
277 3149 547 3238 λαμβάνονται,
573 3173 634 3216 nos
658 3151 753 3216 fidem
777 3150 896 3215 codicis
919 3149 946 3213 L
975 3151 1079 3214 secuti
1102 3145 1289 3232 λαμβάνον-

140 3283 202 3338 τες
223 3261 405 3325 refecimus.
449 3258 519 3324 Nee
540 3281 615 3324 raro
639 3256 878 3322 confunduntur
899 3279 935 3321 κε
959 3261 991 3321 et
1014 3273 1065 3338 σε,
1088 3256 1235 3320 velutin
1258 3258 1288 3321 A

140 3391 171 3452 p.
186 3367 253 3432 580
267 3371 345 3432 extr.
364 3363 566 3450 συνέστηκεν
583 3387 643 3449 pro
662 3362 865 3446 συνέστησεν
880 3359 994 3449 (ξυμ),
1012 3363 1047 3426 in
1060 3360 1288 3450 MA(B0hK)

140 3495 170 3557 p.
197 3474 259 3538 759
285 3474 328 3538 in.
354 3466 505 3557 ἠρώτησε
531 3493 591 3555 pro
618 3463 766 3555 ἠριότηκε
794 3469 952 3553 seriptum
981 3473 1095 3533 exstat.
1139 3467 1287 3554 Denique
1394 3467 1397 3472 ’

139 3569 338 3644 obliteratae
360 3581 457 3645 notae
484 3578 520 3642 in
547 3577 635 3641 exitu
661 3577 834 3641 verborum
857 3575 999 3640 usitatae
1027 3576 1144 3641 menda
1169 3597 1287 3661 genue-

139 3689 228 3769 runt,
256 3686 367 3770 qualia
394 3708 425 3769 p.
449 3684 514 3749 635
542 3687 616 3748 ante
644 3684 697 3747 fin.
720 3683 755 3747 in
778 3679 1014 3768 MA(BGhK)
1043 3684 1204 3747 συνιστᾶν
1225 3705 1286 3767 pro

137 3787 336 3856 συνιστάναι
359 3788 486 3878 (ξυνα),
509 3813 540 3875 p.
556 3791 619 3854 776
643 3789 724 3854 med.
747 3785 810 3874 χρη
833 3811 892 3872 pro
916 3788 1045 3872 χρῆναι.
1077 3788 1111 3853 Ρ.
1127 3789 1189 3854 756
1204 3795 1284 3855 extr.

138 3899 172 3963 M
193 3899 330 3983 praebet
349 3899 486 3982 διαιρεῖ,
509 3895 572 3961 ΑΒ
592 3896 782 3979 διαιρεῖται,
806 3893 892 3959 OhK
915 3896 1099 3980 διαιρῆται,
1121 3918 1180 3962 uos
1199 3898 1284 3961 θεαι-

137 4009 273 4088 ρεῑσθαι
296 4003 350 4092 (ot.
375 4027 473 4087 supra
495 4025 526 4086 p.
549 4001 606 4090 33)
628 4002 863 4087 reparavimus.

226 4111 334 4195 Atque
358 4111 457 4174 etism
479 4110 514 4174 in
537 4132 649 4196 eorum
667 4110 913 4194 vocabulorum,
936 4131 1017 4194 quae
1036 4108 1283 4194 Aduerbiorum,

135 4215 433 4301 Praepositionum,
458 4213 744 4305 Coniunctionum,
765 4215 1005 4281 Particularum
1026 4215 1157 4279 nomine
1181 4215 1281 4279 eonti-

134 4327 267 4408 nentur,
295 4321 382 4388 exitu
410 4323 521 4388 variis·
537 4323 642 4389 modis
663 4325 833 4408 peecatum
860 4325 918 4386 est.
964 4320 1195 4386 Permutentur
1217 4326 1281 4386 θεν

135 4433 168 4496 et
195 4435 249 4518 θι,
278 4426 442 4515 ἑτέρωθεν
472 4452 544 4494 oum
573 4426 712 4514 ἑτέρωθι
738 4451 804 4495 uon
833 4428 932 4492 semel
960 4430 1088 4492 tantum
1113 4427 1149 4492 in
1171 4425 1219 4514 M,
1246 4427 1281 4496 iu
