3166 5192
555 501 597 508 -
644 465 706 528 τοι

98 650 135 691 το
160 625 221 690 τοῦ
244 625 359 709 θυμοῦ
382 623 510 708 μένος’·
540 625 575 688 ολ
596 619 632 687 dl
663 617 742 706 μετά
767 617 870 688 αὐτὸν
893 619 1075 706 φιλόσοφοι
1099 622 1151 688 καλ
1177 619 1245 708 ὁρι-

100 729 187 818 σμὸν
212 731 335 796 τοῦτον
364 725 562 814 ἐποιήσαντο
591 730 652 794 τοῦ
678 730 809 814 θυμοῦ,
839 729 926 808 ζέσιν
954 725 1039 794 εἶναι
1063 727 1247 812 φάσκοντες

99 833 203 906 αὐτὸν
226 839 287 904 τοῦ
309 832 391 903 κατὰ
415 832 477 920 τήν
499 837 642 922 καρδίαν
665 838 804 921 θερμοῦ.
841 834 895 901 καὶ
919 832 980 920 μὲν
1004 832 1046 921 δή
1070 835 1124 902 καὶ
1149 832 1245 902 ὁπότε

98 944 172 1029 περὶ
205 943 364 1029 γενέσεως
395 944 540 1026 πυρετοῦ
573 940 809 1028 διαλεγόμενος
845 937 863 1008 ὁ
892 937 1111 1027 Ἱπποκράτης
1142 947 1247 1027 φησίν

99 1047 243 1130 (αὔξεται
271 1047 333 1135 μὲν
364 1045 428 1134 γὰρ
463 1045 580 1132 νύχιον
611 1045 692 1126 τοὺς
724 1046 843 1130 πόδας,
877 1044 1095 1132 ἐξαπτόμενος
1123 1047 1158 1114 ἐκ
1185 1051 1272 1114 τοῦδ

99 1155 265 1243 θώρηκος,
290 1155 371 1239 [καί]
397 1154 430 1233 ἐς
451 1151 514 1240 τήν
541 1151 690 1240 κεφαλήν
718 1149 921 1239 ἀναπέμπων
944 1151 1006 1238 τήν
1028 1151 1167 1239 φλόγα’,
1190 1157 1248 1240 τής

99 1259 250 1350 ἐμφύτου
278 1265 464 1349 θερμασίας
491 1255 598 1346 ἀρχὴν
626 1257 697 1328 οἶδε
728 1259 790 1346 τήν
814 1263 965 1347 καρδίαν.
1011 1255 1093 1326 ἄλλά
1118 1257 1181 1348 γάρ
1206 1256 1248 1328 οὐ

98 1367 283 1454 πρόκειταί·
300 1393 357 1454 μοι
386 1362 468 1434 κατά
495 1363 595 1452 τήνδε
627 1364 690 1453 τήν
716 1371 943 1454 πραγματείαν
971 1361 1047 1432 οὔτε
1075 1363 1246 1453 ἀθροίζειν

11 1473 12 1476 '
98 1472 228 1554 ἁπάσας
250 1476 318 1541 τῶν
341 1470 477 1559 άνδρῶν
499 1470 558 1551 τάς
581 1472 693 1559 ῥήσεις
716 1471 791 1541 οὔτε
817 1473 1006 1559 ἐξηγεῖσθαι
1033 1473 1190 1557 μέλλοντί
1210 1500 1247 1559 γε

99 1581 155 1649 διὰ
180 1581 301 1668 ἑτέρων
324 1575 573 1666 ὑπομνημάτων
597 1583 667 1668 ἰδίᾳ
689 1589 859 1647 ποιεῖσθαι
882 1579 941 1658 τὰς
963 1577 1141 1666 ἐξηγήσεις,
1165 1576 1245 1666 ὅπερ
1262 1601 1287 1638 1⁰

11 1711 13 1722 ’
99 1687 135 1754 dl
157 1685 378 1774 ἐναρχόμενος
396 1683 502 1770 εἷπον,
521 1686 766 1766 ἐπισκέψασθαί
780 1711 814 1753 τε
833 1685 888 1752 καὶ
907 1699 1017 1772 κρῖναι
1036 1684 1076 1752 τὰ
1096 1685 1245 1774 δόγματα

99 1793 208 1882 μόνον
236 1801 300 1860 εἶτε
326 1791 408 1860 κατὰ
436 1790 543 1859 πάντα
571 1787 727 1879 άλλήλοις
754 1789 978 1879 ὁμολογοῦσιν
1010 1801 1073 1860 είτε
1106 1794 1161 1860 καὶ
1191 1793 1245 1880 μή.

99 1899 303 1968 καταπαύειν
331 1897 395 1986 ἤδη
419 1897 535 1986 καιρὸς
557 1900 595 1966 ἐν
621 1902 706 1989 τῷδε
733 1899 788 1966 καὶ
811 1899 909 1967 τόνδε
936 1897 997 1968 τὸν
1018 1899 1123 1986 λόγον
1145 1897 1247 1988 ἀρχῆς

98 2012 159 2075 τοῦ
182 2005 305 2094 ήπατος
324 2003 606 2092 ἀποδεδειγμένου
628 2007 683 2073 καὶ
702 2009 836 2092 φλεβῶν
859 2007 913 2073 καλ
934 2009 1072 2092 αἵματος
1090 2007 1143 2074 καί
1167 2011 1224 2094 τῆς
1240 2009 1244 2098 Ι
1263 2027 1287 2064 1⁴

100 2115 338 2266 ἐπιθυμητικῆς
362 2115 477 2198 ψυχῆς.
514 2111 582 2178 ἐπεὶ
606 2110 643 2178 δὲ
662 2108 704 2178 οὐ
722 2111 830 2198 μόνον
843 2108 1059 2200 Ἱπποκράτης
1081 2113 1135 2179 καί
1155 2111 1313 2182 niul-aso

137 2327 202 2380 3ln
222 2325 307 2380 verbo
325 2325 436 2394 θερμοῦ
454 2324 540 2380 desin.
561 2341 618 2378 exc.
634 2323 724 2378 xxlv
743 2325 870 2380 codicum
891 2325 998 2379 FR—
1021 2325 1190 2396 iflippoer.
1211 2328 1246 2382 de

102 2401 152 2452 rat.
172 2397 265 2452 τίετ’
258 2415 287 2451 ru
305 2411 347 2451 ac
365 2395 1246 2532 vol.11‚‚)}.“moLvol31pesolnmoaleacommvol.

179 2475 286 2538 p..800
306 2474 416 2522 801.-
442 2475 458 2520 δ
530 2485 669 2536 πτομενος
688 2439 744 2520 dul
763 2467 814 2520 τοῦ
834 2465 966 2520 MABCh
986 2462 1057 2532 ἐξ.
1044 2464 1142 2524 vair.
1163 2465 1245 2536 Κίξ.

11 2555 12 2566 ’
102 2469 160 2594 lxv
153 2541 202 2594 τοῦ
222 2555 285 2606 nos;
304 2537 338 2593 ci.
359 2537 482 2608 Proll.p
484 2542 600 2593 ..-sl
622 2533 702 2592 odoi
705 2557 790 2606 ροικος
809 2537 889 2592 codd
909 2538 970 2592 edd.
990 2533 1121 2626 δάρηκφς
1140 2557 1197 2594 nos
1213 2571 1247 2581 -

11 2649 13 2654 ,
101 2611 149 2666 καλ
177 2612 256 2666 uncis
278 2556 513 2664 inclusimusp—
540 2607 580 2670 είς
608 2607 687 2663 codd.
711 2609 773 2662 edd.
798 2604 828 2670 ἐς
851 2626 970 2694 ηομ-
1000 2603 1176 2680 άναπίμπιον
1200 2609 1247 2666 olo

12 2699 13 2704 ¹
125 2677 194 2752 λόηα
213 2683 292 2737 codd.
315 2680 378 2736 edd.
401 2675 578 2766 ἀναπέμπων
601 2675 694 2748 φλόγα
714 2675 836 2734 Corn’
818 2700 846 2734 ιι.
866 2675 917 2748 τὴν
937 2683 982 2748 φλ.
1001 2697 1112 2735 uos.—
1140 2689 1170 2736 11
1197 2699 1247 2753 pro

11 2773 13 2798 τ
101 2705 292 2824 δναρχόμενος
310 2751 367 2821 legi
386 2745 454 2806 ἔν’
436 2771 508 2822 αρχη
529 2750 592 2806 vult
610 2748 742 2806 Corn.—
764 2747 843 2806 εἶπεν
861 2750 957 2806 ΗΔΒ.
978 2781 1010 2792 -

102 2891 244 2900 .-——--.-
286 2891 312 2896 .-

101 2971 201 3036 verbe
223 2969 318 3034 Plato
342 2968 515 3052 explanare
538 2967 674 3051 videtur,
696 2989 769 3034 cum
789 2967 827 3032 de
851 2968 945 3032 corde
970 2969 1017 3032 ait
1040 2967 1096 3052 ὀί,
1119 2971 1246 3055 quaudo

12 3101 13 3108 ¹
100 3080 168 3144 irae
187 3078 237 3142 vis
256 3072 474 3160 fervesceret'3
493 3074 578 3159 quod
597 3074 704 3159 ipsum
723 3075 921 3158 posteriores
940 3073 1127 3159 philosophi
1147 3077 1246 3142 etiam

100 3183 320 3250 definitionem
343 3182 412 3247 irae
435 3203 506 3246 esse
529 3181 714 3265 voluerunt,
742 3181 874 3264 caloris,
898 3181 952 3265 qui
977 3181 1011 3245 iu
1034 3182 1129 3247 corde
1153 3188 1247 3266 esset,

11 3321 12 3324 ¹
100 3290 261 3358 fervorem
289 3311 360 3354 esse
388 3309 460 3352 eam
488 3287 641 3353 dicentes.
696 3287 803 3372 Atque
836 3287 936 3352 etiam
963 3287 1181 3372 Hippocrates
1208 3291 1246 3354 de

100 3397 201 3463 febris
225 3400 297 3463 ortu
322 3417 396 3460 cum
423 3395 584 3460 disserens
609 3393 770 3480 ‘Augetur
792 3393 891 3458 enim’
915 3395 1034 3480 inquit,
1058 3393 1125 3460 ‘ubi
1149 3395 1246 3480 pedes

102 3505 275 3590 refrigerat
298 3506 387 3566 etex
410 3501 543 3566 thorace
563 3522 697 3566 accensa
720 3501 885 3566 flammam
906 3501 946 3566 ad
965 3505 1063 3586 eaput
1086 3501 1247 3584 remittit’,

102 3609 206 3675 innati
237 3608 354 3673 caloris
387 3607 583 3692 principium
616 3630 672 3673 eor
706 3608 863 3694 agnoscit.
917 3607 1150 3673 Verumtamen
1182 3629 1247 3672 non

102 3716 283 3802 praesentis
311 3714 418 3798 operis
445 3715 632 3778 institutum
657 3717 707 3779 est
733 3714 850 3780 horum
879 3715 1022 3781 virorum
1051 3737 1162 3780 omnes
1191 3718 1248 3780 aut

101 3822 255 3908 colligere
279 3823 336 3885 aut
359 3820 520 3904 explicere
544 3821 722 3904 orationes,
749 3843 822 3886 cum
851 3821 925 3886 aliis
949 3822 1190 3887 commentariis
1214 3822 1247 3886 id

101 3929 279 4014 separatim
302 3925 447 3992 facturus
467 3927 541 4013 sim3
565 3927 621 3992 sed
644 3927 677 3992 id
700 3930 828 3992 tantum
851 3928 967 4012 iacere,
991 3927 1075 4012 quod
1099 3927 1132 3992 in
1151 3927 1245 3993 initio

101 4039 209 4121 operis
237 4034 317 4118 dixi,
344 4037 381 4097 ut
410 4033 610 4098 considerem
639 4038 671 4098 et
699 4033 851 4118 iudicem,
878 4034 958 4099 haec
986 4033 1115 4099 decreta
1139 4037 1247 4099 utrum

101 4145 136 4210 iu
158 4141 308 4210 omnihus
332 4139 428 4205 rebus
456 4139 542 4204 iuter
564 4163 598 4204 se
627 4141 822 4206 conveniant
848 4163 956 4205 necne.
1003 4141 1162 4218 Quoniam
1186 4141 1245 4227 igi·

99 4256 154 4316 tur
181 4249 260 4314 satis
288 4247 545 4313 demonstratum
578 4251 627 4312 est
659 4269 813 4312 venarum
842 4251 875 4310 et
907 4247 1075 4332 sanguinis
1108 4252 1141 4311 et
1172 4269 1246 4312 con-

101 4355 297 4442 cupiscentis
325 4353 425 4418 animi
453 4353 557 4438 partis
580 4355 741 4440 originem
765 4375 834 4435 esse
861 4353 963 4436 iecur,
991 4353 1056 4418 iam
1084 4353 1147 4419 hoc
1173 4353 1246 4420 loco

101 4468 198 4530 finem
220 4461 297 4526 huie
320 4459 533 4545 disputationi
557 4460 724 4544 imponere
747 4464 876 4543 tempus
901 4462 958 4524 est.
1005 4457 1066 4523 sed
1090 4461 1244 4543 quonium

161 4576 241 4618 Βολεοὶ
255 4575 282 4616 δε
296 4573 358 4616 eus.
371 4573 428 4616 eur.
442 4579 465 4614 et
479 4575 586 4624 Hippoor.
601 4573 660 4614 libri.
1000 4568 1032 4618 3?
