3210 5148
555 383 598 472 L
644 427 709 490 493
756 463 816 496 —.

101 583 184 655 αὐτὸ
212 583 419 672 σαφέστερον
446 579 708 670 ἀπεργάσασθαι.
762 579 783 668 ἡ
809 585 868 668 τῆς
899 586 1038 668 καρδίας
1068 587 1199 670 κίνησις
1225 611 1246 670 η

99 693 163 780 μὲν
194 689 276 760 κατὰ
308 688 387 770 τοὺς
417 689 594 776 σφυγμοὺς
625 687 773 778 ἐνέργειά
805 689 909 774 ἐστιν,
940 685 961 774 ἡ
995 687 1032 756 δὲ
1064 687 1146 756 κατὰ
1168 687 1248 768 τοὺς

100 797 252 887 παλμοὺς
277 796 397 876 πάδος.
446 796 479 876 ἐξ
508 795 626 883 ἑαυτῆς
652 794 714 882 μὲν
740 794 805 882 γάρ
832 796 901 862 ἐστι
928 795 983 861 καὶ
1011 791 1031 881 ἡ
1060 793 1141 862 κατὰ
1169 794 1248 876 τοὺς

101 904 266 994 παλμούς,
299 900 382 972 άλλὸι
415 899 458 970 οὐ
489 901 571 970 κατὰ
603 901 724 990 φύσιν,
756 903 789 982 ἐξ
822 901 940 988 ἑαυτῆς
972 899 1008 968 δὲ
1040 902 1095 969 καὶ
1128 900 1148 990 ἡ
1179 906 1248 970 τοῖν

102 1014 282 1098 σφυγμῶν,
322 1007 405 1078 dut
442 1007 524 1078 κατά
560 1007 675 1095 φύσιν.
728 1011 782 1076 δεῖ
816 1005 852 1075 δὲ
888 1010 949 1074 τοῦ
986 1006 1140 1094 σφυγμὸς
1171 1003 1273 1076 dod-⁵

101 1144 204 1204 ματος
239 1113 375 1184 ἀκούειν
407 1113 494 1184 οὗτοι
532 1119 613 1200 νῦν,
650 1111 695 1194 ὡς
727 1112 949 1202 Πραξαγόρας
984 1113 1039 1180 καὶ
1069 1111 1249 1203 Ἡρόφιλος

102 1221 245 1302 άπαντίς
279 1249 314 1290 τε
350 1224 472 1309 σχεδὸν
508 1225 544 1290 σί
576 1217 657 1310 μετὰ
689 1216 812 1300 αὐτοὺς
844 1219 1026 1307 ἐχρήσαντο
1062 1221 1156 1309 μέχρι
1193 1223 1248 1290 καὶ

103 1325 214 1416 ἡμῶν,
249 1324 294 1407 νὸς
330 1326 351 1416 ἦ
386 1354 424 1414 γε
460 1328 659 1415 παλαιοτέρα
695 1337 825 1414 χρῆσις,
865 1323 885 1414 ἢ
922 1323 986 1394 κάν
1020 1340 1090 1406 τοῖς
1123 1324 1248 1415 Ἐρασι-

105 1435 249 1526 στράτου
284 1461 318 1504 re
350 1435 405 1503 καλ
432 1432 669 1522 Ἱπποκράτους
700 1430 884 1522 εὑρίσκεται
916 1432 1123 1521 γράμμασιν,
1155 1435 1248 1522 ἑτέρα
1345 1493 1349 1500 .

102 1550 153 1622 τίς
189 1543 256 1611 ἐστι
293 1543 347 1610 καὶ
384 1541 579 1629 λεχθήσεται
616 1541 690 1628 περὶ
722 1537 824 1626 αὐτῆς
855 1541 892 1608 ἐν
923 1555 994 1619 τοῖς
1026 1540 1106 1628 μετὰ
1137 1545 1250 1610 ταῦτα.
1265 1563 1290 1602 1⁰

103 1652 167 1736 τὴν
198 1650 312 1737 μέντοι
343 1652 402 1735 τῆς
432 1652 573 1736 καρδίας
605 1651 697 1716 ίδίαν
727 1653 859 1732 κίνησιν
891 1643 1127 1734 ὀνομαζόντων
1153 1645 1250 1735 ἡμῶν

37 1835 38 1842 ¹
104 1753 263 1844 σφυγμὸν
285 1753 303 1824 d
327 1753 455 1842 παλμὸς
480 1753 543 1842 μὲν
563 1753 676 1833 πάθος
703 1750 788 1821 εἶναι
811 1751 1008 1841 λεχθήσεται
1035 1753 1117 1822 κατά
1146 1780 1183 1840 γε
1211 1755 1248 1822 τὸ

37 1857 39 1868 ⁸
103 1861 263 1950 δεύτερον
293 1865 352 1949 τῆς
382 1861 492 1942 πάθος
523 1865 640 1948 φωνῆς
667 1859 930 1948 σημαινόμενον,
963 1857 1005 1928 οὐ
1032 1858 1186 1948 σφυγμὸς
1212 1861 1250 1928 δὲ

103 1973 167 2048 πᾶς
190 1969 347 2058 ἐνέργεια.
391 1967 452 2035 τὸν
479 1971 564 2054 γοῦν
591 1973 724 2055 μείζονα
746 1971 809 2036 τοῦ
837 1966 919 2034 κατὰ
942 1966 1048 2054 φύσιν
1071 1962 1091 2054 ἢ
1115 1966 1250 2056 σμικρό-

37 2163 39 2170 Ϋ
105 2101 204 2162 τερον
226 2069 246 2160 ἢ
270 2070 438 2161 ὠκύτερον
461 2069 482 2161 ἢ
506 2073 713 2160 βραδύτερον
736 2068 756 2159 ἢ
779 2073 986 2160 πυκνότερον
1008 2069 1029 2160 ἢ
1053 2071 1251 2163 άραιότερον
1265 2095 1290 2136 ιν

37 2179 39 2196 ’
106 2177 219 2264 ἣπως
246 2177 353 2259 άλλως
379 2179 593 2269 ἐξιστάμενον
624 2175 686 2247 οὐκ
715 2177 759 2246 dv
785 2205 835 2259 τις
863 2180 1033 2268 ἐνέργειαν
1059 2189 1145 2248 εἴποι
1167 2179 1249 2249 κατά

105 2285 142 2353 τὸ
167 2285 325 2374 δεότερον
346 2289 405 2371 τῆς
427 2287 594 2372 ἐνεργείας
616 2285 876 2374 σημαινόμενον·
905 2287 938 2367 ἐξ
962 2286 1079 2373 ἑαυτῆς
1101 2287 1163 2374 μὲν
1185 2287 1249 2374 γάρ

114 2441 319 2450 ———-.—-

144 2527 157 2572 1
182 2511 244 2588 ἥτις
262 2519 380 2586 καρδίας
398 2517 430 2571 L.
454 2548 487 2558 —
511 2523 526 2570 3
547 2511 576 2582 ίξ
596 2511 685 2586 αότῆς
702 2515 842 2584 ABChK3
866 2517 900 2572 ol.
920 2517 1004 2572 Proll.
1028 2535 1055 2588 p.
1079 2524 1120 2574 19.
1145 2549 1177 2560 -
1202 2518 1250 2573 καί

106 2607 160 2646 om.
176 2589 206 2645 L.
227 2619 260 2630 -·
279 2597 296 2643 4
315 2584 345 2655 ίξ
360 2583 448 2656 odric
466 2589 498 2643 K.
519 2619 552 2628 —-
573 2589 733 2658 ὁσφυγμοῦ
748 2587 923 2658 LMABCh3
943 2588 977 2644 ol.
992 2588 1077 2643 Proll.
1097 2607 1123 2659 p.
1140 2595 1199 2646 126.
1216 2621 1248 2630 -
1331 2629 1334 2640 .

106 2657 235 2745 ρφυγμὸς
261 2655 379 2715 eandm
406 2653 549 2746 ὀνόματος
567 2659 660 2742 L.·—
686 2667 715 2712 ll
741 2655 821 2729 ὸμάν
844 2659 874 2746 13.
903 2691 938 2700 -
963 2665 995 2743 ¹.³
1019 2655 1054 2714 σά
1077 2657 1205 2746 σφυγμὸς
1219 2661 1249 2745 ,Ιι

108 2749 129 2856 ἱ
143 2749 199 2856 φρ,
211 2729 449 2870 ffdzssldjdllllz
460 2737 552 2868 1147οέιὲ
572 2730 809 2870 :ppfipogd-edd.
833 2749 867 2784 oo
887 2731 1051 2788 delevimus.
1076 2761 1110 2772 -
1129 2751 1160 2786 το
1180 2751 1250 2802 γσνν

108 3037 265 3121 exemplis
287 3057 356 3102 rem
383 3035 547 3102 illustrare
577 3057 615 3100 ae
641 3036 800 3120 persequi.
845 3035 956 3102 Motus
984 3037 1104 3122 cordis,
1133 3038 1187 3124 qui
1216 3039 1250 3104 in

108 3142 258 3229 pulsibus
285 3144 337 3226 fit,
364 3144 451 3209 aetio
475 3147 538 3228 ast,
561 3143 616 3228 qui
643 3141 678 3208 in
704 3142 991 3228 palpitationibus,
1018 3144 1155 3210 affectio.
1199 3145 1249 3210 Ex

108 3273 177 3316 sese
200 3251 286 3316 enim
314 3249 368 3316 hio
396 3250 525 3337 quidem
549 3251 611 3334 est,
639 3249 694 3314 sed
721 3271 787 3315 non
815 3250 990 3316 seeundum
1017 3254 1181 3338 naturam3
1212 3273 1250 3316 ex

109 3377 178 3420 sese
197 3356 296 3421 etiam
315 3356 381 3440 ille,
399 3356 454 3422 sed
473 3356 647 3422 seeundum
666 3358 826 3420 naturam.
861 3356 977 3422 Pulsus
1002 3359 1110 3422 autem
1132 3379 1250 3423 nomen

107 3483 192 3526 nune
214 3463 264 3526 ita
287 3463 390 3548 accipi
418 3464 530 3546 velim,
557 3466 595 3526 ut
615 3461 820 3548 Praxagoras
849 3466 882 3528 et
902 3462 1102 3548 Herophilus
1126 3485 1250 3530 omnes-

111 3589 171 3651 que
203 3567 271 3632 fere
303 3570 501 3653 posteriores
532 3569 572 3634 ed
603 3573 750 3634 nostram
781 3591 882 3654 usque
910 3573 1050 3636 aetatem
1080 3569 1131 3635 usi
1162 3575 1250 3656 sunt3

108 3697 183 3740 nam
207 3674 372 3759 antiquior
391 3675 533 3741 nominis
557 3697 645 3758 usus,
667 3677 723 3760 qui
745 3676 780 3740 in
797 3675 992 3741 Erasistrati
1016 3679 1049 3741 et
1070 3675 1250 3762 Hippocra-

110 3781 153 3844 tis
182 3780 313 3864 seriptis
346 3781 520 3864 invenitur,
551 3780 697 3846 diversus
730 3782 861 3866 quidam
890 3785 952 3866 est,
979 3783 1018 3846 de
1046 3805 1109 3869 quo
1136 3787 1251 3868 postea

110 3887 241 3952 dicetur.
282 3885 404 3963 Quodsi
422 3887 590 3973 proprium
610 3887 715 3953 cordis
735 3892 859 3982 motum
881 3911 941 3954 nos
960 3889 1090 3972 pulsum
1109 3891 1251 3975 appella·

114 4016 199 4078 mus,
230 3993 403 4078 palpitatio
435 3995 563 4060 affectio
596 3994 815 4078 appellabitur
841 3996 944 4060 altera
971 3996 1061 4060 vocis
1089 3996 1250 4082 signifiea-

111 4102 207 4180 tione‚
226 4101 340 4185 pulsus
358 4105 466 4166 autem
485 4123 551 4166 non
569 4101 675 4166 omnis
695 4102 790 4166 aetio.
826 4099 985 4166 Maiorem
1004 4103 1091 4167 enim
1108 4102 1251 4168 naturali

113 4213 169 4274 aut
187 4207 346 4274 minorem
369 4212 426 4274 aut
445 4208 638 4274 velociorem
658 4210 714 4272 aut
731 4207 907 4272 tardiorem
926 4210 984 4272 aut
999 4207 1251 4294 frequentiorem

112 4319 168 4379 aut
190 4314 349 4380 rariorem
372 4319 429 4380 aut
455 4315 570 4400 quovis
593 4313 659 4380 alio
687 4314 783 4380 modo
806 4315 1012 4380 excedentem
1034 4337 1129 4382 nemo
1152 4315 1253 4381 aetio·

111 4443 184 4487 nem
203 4421 322 4486 dixerit
339 4421 443 4486 altera
461 4421 550 4486 eoois
569 4421 820 4507 significatione5
842 4443 920 4486 nam
942 4422 1020 4487 lieet
1042 4421 1077 4486 in
1094 4419 1252 4487 eiusmodi
