3298 5136
759 388 1071 478 -rso-a,

306 555 379 620 λοιο
407 545 540 620 πιθανά
566 577 600 617 τε
627 549 682 618 καὶ
715 548 873 637 ῥητορικὰ
900 549 1177 638 προσαγορεύειν,
1211 544 1252 618 oii
1279 576 1335 637 μοι
1363 548 1451 638 μέλει

240 663 364 745 maris
385 657 541 744 κλήσεως,
562 657 566 746 Ι
587 664 760 746 γνωρίζειν
783 657 820 723 δέ
840 653 951 724 αὐτῶν
970 655 1031 743 χρὴ
1050 661 1231 743 πειρᾶσθαι
1254 655 1453 744 τὴνφύσιν·

307 770 354 832 ἐτι
383 765 418 831 δὲ
446 768 573 851 μάλλον
601 761 830 854 ἀποκεχώρηκε
857 768 916 851 τῆς
944 761 1060 842 οὐσίας
1091 767 1152 831 τοῦ
1185 765 1387 851 ζητουμένου
1413 763 1453 832 τά

308 869 493 957 σοφιστικά.
534 872 588 937 καί
603 873 781 959 γέγραπται
796 871 871 956 περὶ
889 869 1019 937 τούτων
1034 867 1192 937 ἀπάντων
1206 885 1276 949 τοῖς
1289 879 1452 956 παλαιοῖς,

280 977 344 1044 σέν
367 975 429 1064 μὲν
455 991 525 1056 τοῖς
552 992 758 1063 σοφιστικοῖς
785 978 929 1063 ἐλέγχοις
955 977 1029 1064 περὶ
1061 979 1130 1044 τῶν
1158 983 1362 1062 σοφιστικῶν
1390 988 1453 1045 εἴτε

307 1082 500 1169 προτάσεων
533 1085 662 1162 ἐθέλοις
691 1081 866 1170 ὀνομάζειν
903 1092 966 1152 είτε
1006 1080 1202 1170 ἀξιωμάτων
1234 1093 1298 1151 εἴτε
1330 1084 1453 1171 λόγων,

308 1186 495 1278 οὐδὲνγὰρ
519 1195 566 1269 εἰς
591 1189 631 1258 τά
654 1190 804 1278 παρόντα
827 1191 995 1278 διαφέρει,
1022 1188 1105 1257 κατὰ
1133 1190 1170 1256 δὲ
1198 1188 1256 1269 τάς
1279 1193 1455 1280 ῥητορικὰς

306 1297 423 1382 τέχνας
445 1293 528 1384 ὑπὲρ
551 1300 619 1363 τῶν
643 1298 845 1384 ῥητορικῶν,
874 1298 911 1365 ἐν
939 1296 975 1364 δὲ
1003 1311 1074 1376 τοῖς
1100 1311 1248 1375 τοπικοῖς
1274 1295 1358 1386 ὑπὲρ
1386 1302 1454 1366 τῶν

307 1406 537 1488 διαλεκτικῶν,
562 1405 598 1470 ἐν
623 1403 658 1470 δέ
681 1419 751 1484 τοῖς
772 1404 846 1490 περὶ
870 1400 1083 1488 ἀποδείξεως,
1112 1399 1132 1470 ἀ
1161 1401 1203 1490 δὴ
1232 1405 1287 1471 καὶ
1315 1403 1454 1493 δεύτερα

268 1533 293 1572 ιο
307 1506 488 1577 άναλντικά
522 1509 779 1598 ἐπιγράφουσιν,
816 1507 899 1598 ὑπὲρ
931 1513 999 1577 τῶν
1032 1512 1305 1596 ἐπιστημονικῶν.
1359 1511 1453 1596 ὥστε,

307 1613 397 1695 ὅστις
427 1613 542 1685 ὁτιοῦν
570 1613 810 1684 ἀποδεικνύναι
838 1621 1005 1705 πειρᾶται,
1037 1620 1149 1706 πρῶτα
1176 1616 1238 1703 μὲν
1265 1615 1327 1704 χρὴ
1354 1621 1453 1684 τοῦτο

308 1723 504 1808 ἐγνωκέναι,
535 1722 597 1810 τὴν
628 1723 798 1812 διαφορὰν
826 1727 894 1791 τῶν
922 1722 1103 1811 λημμάτων
1130 1719 1257 1808 αὐτῶν,
1285 1720 1351 1790 εἷθ’
1382 1724 1455 1810 ἑξῆς

306 1828 417 1920 χρόνῳ
445 1834 556 1920 πολλῷ
584 1830 833 1918 γεγυμνάσθαι,
861 1829 1017 1916 λέγοντος
1046 1830 1108 1917 μὲν
1137 1830 1252 1916 ἑτέρου
1279 1836 1453 1917 γνωρίζειν

307 1932 392 2003 αὐτὰ
415 1942 515 2003 ποίου
537 1937 657 2021 γένους
680 1937 770 2003 ἐστὶν
798 1937 833 2003 ἐκ
859 1941 928 2004 τῶν
952 1939 1147 2025 εἰρημένων,
1170 1935 1215 2023 μὴ
1239 1936 1454 2022 λέγοντοςδέ

281 2043 422 2130 οέτέρου
453 2043 577 2129 ταχέως
604 2044 805 2132 ἐξευρίσκειν
833 2039 938 2111 αὐτὸν
970 2048 1017 2123 είς
1044 2046 1183 2112 ἕκαστον
1216 2046 1284 2110 τῶν
1310 2049 1454 2131 προβλη-

307 2149 454 2218 θέντων·
479 2150 528 2216 ένὶ
553 2150 590 2217 δέ
613 2149 713 2240 λόγῳ,
735 2149 888 2238 καθάπερ
912 2151 964 2217 ἐπὶ
987 2153 1048 2218 τοῦ
1066 2156 1257 2235 λογίζεσθαι
1280 2152 1453 2236 ποιοῦμεν,

307 2288 395 2295 ..μ-..-
414 2291 456 2296 ..-
479 2291 519 2296 -.-

343 2353 359 2401 5
379 2341 554 2416 ἐλέγχοις-
575 2347 745 2415 σοφιστικῶν
764 2365 817 2401 οιιι.
837 2346 866 2400 Ο.
888 2378 920 2386 -
946 2355 962 2400 6
982 2341 1093 2408 ἐθέλεις
1112 2345 1240 2399 ABChK
1260 2341 1371 2407 ἐθέλοις
1389 2345 1452 2400 CM.

308 2450 340 2458 -
365 2424 381 2472 9
402 2413 433 2471 ἐν
452 2425 510 2480 τοῖς
528 2417 548 2470 (l
569 2413 599 2470 ἐν
618 2417 650 2472 δὲ
670 2425 728 2479 τοῖς
745 2419 812 2474 MA.
833 2449 865 2456 -
892 2425 922 2472 11
942 2419 1044 2471 τοῦτον
1062 2419 1091 2470 M
1110 2413 1177 2470 τοάτ
1197 2418 1257 2486 (sic)
1281 2411 1399 2470 (ἐπιδῶ
1419 2419 1451 2472 Α,

308 2521 340 2528 -
365 2495 398 2542 15
418 2482 503 2557 ἕτέρω
523 2489 552 2541 Μ
572 2483 670 2556 ἐτέρου
690 2489 749 2543 CA.
769 2521 803 2528 —
826 2489 934 2558 ταχέως
952 2507 993 2557 up.
1012 2506 1072 2543 vac.
1092 2496 1108 2542 8
1128 2489 1182 2542 litt.
1203 2506 1280 2541 σκειν
1299 2487 1328 2540 Μ
1347 2486 1452 2556 ταχέως

307 2556 383 2614 ἐστίν
398 2554 539 2627 εὑρίσκειν
554 2560 655 2614 ABCh
669 2581 692 2614 τ.
708 2559 783 2613 ἐστιν
798 2555 839 2616 εὖ.
855 2559 879 2612 Κ
893 2581 915 2614 τ.
932 2555 1104 2627 ἐξευρίσκειν
1119 2558 1152 2625 Ο;
1168 2559 1202 2612 cf.
1213 2559 1308 2628 Progr.
1324 2560 1344 2626 l,
1362 2566 1403 2612 la.
1420 2590 1452 2597 —

309 2638 341 2685 16
360 2627 432 2699 λόγω
452 2647 572 2700 sprec.
592 2638 607 2684 6
626 2631 681 2686 litt.
701 2626 747 2685 ἐπὶ
767 2632 795 2683 Μ
813 2636 835 2686 λ.
854 2625 989 2699 καθάπερ
1009 2627 1030 2685 l.
1050 2631 1108 2685 Ch
1129 2663 1161 2669 —
1182 2625 1228 2683 ἐπί
1247 2631 1409 2698 λογίζεσθαι
1430 2629 1450 2684 C

308 2697 355 2756 ἐπὶ
373 2703 410 2755 τῶ
431 2706 453 2756 λ,
472 2703 500 2754 Μ
521 2697 568 2755 ἐπὶ
586 2702 623 2775 τῴ
643 2706 665 2758 λ.
684 2701 814 2755 ABChK
834 2697 881 2757 ἐπὶ
900 2703 949 2756 τοῦ
970 2706 992 2757 λ,
1012 2719 1070 2756 nos.
1090 2734 1123 2741 -

308 2923 362 2966 eas
378 2901 445 2966 sive
460 2900 647 2985 probabiles
664 2901 731 2966 sive
747 2901 907 2966 oratorias
923 2901 1027 2964 dicere
1042 2900 1133 2984 velis,
1150 2923 1217 2965 non
1230 2899 1452 2985 magnifacio,

308 3009 363 3072 sed
382 3009 415 3072 id
430 3007 615 3092 curandum,
629 3013 666 3073 ut
683 3011 835 3074 naturam
850 3030 959 3072 carum
978 3006 1152 3091 diligenter
1167 3028 1333 3092 agnoscas.
1370 3006 1452 3072 Lon-

307 3115 441 3202 gissima
464 3137 540 3180 vero
565 3137 584 3179 a
607 3115 667 3198 rei,
690 3116 728 3179 de
753 3139 816 3199 qua
844 3116 992 3200 quaestio
1016 3114 1067 3197 fit,
1091 3114 1276 3178 substantia
1299 3114 1453 3179 recedunt

307 3221 513 3306 sophisticae.
559 3220 608 3286 Ac
635 3221 674 3285 de
701 3221 754 3286 his
777 3222 936 3285 universis
964 3224 1141 3284 tractatum
1165 3243 1184 3284 a
1206 3221 1370 3286 veteribus
1395 3225 1452 3304 est,

307 3329 342 3392 in
365 3328 553 3414 sophisticis
581 3327 709 3412 quidem
739 3327 880 3392 elenchis
911 3328 949 3391 de
978 3327 1166 3410 sophisticis
1194 3327 1371 3412 propositis
1396 3349 1451 3391 seu

307 3435 403 3499 malis
426 3434 645 3519 pronuntiatis
669 3459 725 3500 seu
748 3435 929 3500 rationibus
954 3472 995 3482 -
1019 3433 1101 3497 nihil
1126 3435 1211 3498 enim
1235 3434 1451 3518 adpraesens

307 3542 493 3606 institutum
516 3542 652 3605 interest
675 3580 732 3626 -‚
755 3542 789 3605 in
813 3542 938 3606 artibus
962 3541 1133 3605 rhetoricis
1157 3541 1195 3604 de
1220 3541 1388 3620 oratoriis,
1417 3540 1452 3604 in

307 3649 425 3732 topicis
445 3649 483 3712 de
503 3648 690 3732 dialecticis,
714 3649 748 3712 in
765 3648 860 3712 libris
879 3648 917 3711 de
936 3648 1221 3732 demonstratione,
1241 3669 1321 3731 quae
1341 3647 1452 3711 eadem

306 3755 472 3838 analytica
495 3756 677 3839 posteriora
696 3755 888 3839 inscribunt,
912 3755 950 3819 de
973 3755 1024 3838 iis,
1047 3757 1081 3820 in
1104 3755 1220 3839 quibus
1244 3755 1330 3818 inest
1352 3753 1451 3817 disse-

306 3861 396 3924 rendi
421 3862 594 3927 subtilitas.
632 3862 866 3945 Quamobrem,
887 3862 941 3945 qui
965 3861 1186 3928 demonstrare
1210 3859 1333 3945 aliquid
1357 3883 1450 3925 cona·

305 3971 372 4051 tur,
409 3968 550 4052 primum
579 3968 674 4033 debet
707 3969 905 4032 sumtionum
933 3969 1079 4053 ipsarum
1106 3968 1322 4033 differentiam
1349 3966 1450 4051 probe

305 4079 428 4158 tenere,
456 4075 570 4139 deinde
593 4075 745 4140 diuturna
769 4075 1000 4140 exercitatione
1023 4075 1056 4140 id
1080 4075 1222 4159 assequi,
1245 4079 1299 4158 ut,
1324 4074 1450 4158 siquid

306 4181 388 4245 alius
412 4183 684 4266 pronuntiaverit,
708 4205 745 4245 ex
769 4205 831 4266 quo
856 4182 995 4266 quidque
1019 4204 1136 4266 genere
1159 4185 1302 4246 sumtum
1327 4182 1382 4267 sit,
1412 4203 1450 4244 cx

306 4287 401 4352 dictis
430 4293 600 4374 agnoscat,
634 4290 661 4354 si
689 4289 772 4353 nihil
800 4290 1074 4374 pronuntiaverit,
1107 4291 1220 4353 statim
1247 4291 1317 4374 ipse
1345 4289 1451 4373 possit

306 4394 458 4478 invenire,
482 4397 567 4480 quod
586 4397 625 4460 ad
645 4395 825 4480 quamlibet
847 4419 914 4460 rom
938 4398 1142 4480 propositam
1166 4398 1211 4460 sit
1228 4395 1449 4461 accommoda-
