3166 5192
550 449 792 514 ...505-

92 605 297 694 λογισπιιιήν.
347 605 410 694 τὴν
436 606 550 691 μέντοι
582 609 748 692 θυμοειδῆ
780 606 836 674 διὰ
868 611 903 673 πί
931 605 1041 693 μόνην
1074 603 1135 693 ούχ
1167 601 1242 674 οἷόν

91 741 127 782 τε
152 713 234 782 κατὰ
253 709 355 784 οὐδὲν
376 718 444 782 τῶν
463 710 627 801 σωμάτων
650 709 748 795 εἶναι,
771 710 936 800 προϊώνὸ
959 712 1059 798 λόγος
1076 709 1242 794 ἀποδείξει

91 821 340 908 παραθεμένου
371 819 466 910 ἡμῶν
497 817 560 907 τὴν
588 827 624 894 ἐκ
651 823 712 890 τοῦ
744 825 885 906 Τιμαίου
917 822 1031 908 ῥῆσιν,
1063 824 1149 886 ἔνθα
1181 819 1243 906 τὴν

92 934 210 1014 χρείαν
233 931 290 1014 της
312 929 471 1013 γενέσεως
494 929 596 1020 αὐτῆς
615 928 786 999 διδάσκων
809 928 905 994 ἕνεκα
927 931 985 1013 τῆς
1004 927 1244 1012 ἐπιθυμητικῆς

93 1035 270 1120 γεγονέναι
303 1034 385 1120 φησὶ
417 1037 550 1124 βοηθὸν
586 1043 625 1128 τῇ
658 1038 827 1124 λογισπιαῇ
860 1037 949 1123 ψυχῇ
981 1032 1133 1120 καθάπερ
1165 1032 1270 1102 τινὰῡ

92 1139 181 1208 ιιύυα
204 1137 286 1208 κατὰ
313 1145 375 1209 τοῦ
401 1145 636 1232 πολυκεφάλου
662 1171 697 1212 τε
724 1143 779 1210 καὶ
807 1136 927 1227 ἀγρίου
954 1140 1158 1226 θρέμματος,
1186 1143 1245 1226 τῆς

93 1249 282 1333 ἐπιθυμίας.
324 1248 458 1328 εἰκότως
481 1243 545 1318 οὖν
569 1256 641 1339 είδη
665 1253 772 1338 ψυχῆς
795 1245 878 1316 αὐτὰ
897 1245 1138 1335 προσαγορεύει
1161 1245 1243 1313 κατά

93 1379 128 1420 τε
161 1351 220 1432 τὰς
251 1358 545 1443 προγεγραμμένας
577 1359 689 1446 ῥήσεις
719 1357 773 1424 καὶ
803 1355 938 1442 προσέτι
970 1351 1095 1432 πολλὰς
1122 1353 1244 1440 ἑτέρας,

94 1451 145 1526 ὧν
173 1456 235 1526 ούιι
262 1456 389 1546 ἀνάγκη
421 1464 648 1550 μνημονεύειν
679 1465 827 1550 ἐναργῶς
853 1458 918 1548 ἤδη
948 1459 1002 1528 καί
1031 1457 1088 1526 διὰ
1115 1457 1244 1526 τούτου

24 1619 26 1644 ;
94 1570 155 1652 τῆς
190 1565 324 1654 γνάμης
359 1564 503 1656 τάνδρὸς
538 1573 757 1660 ἐγνωσμένης.
811 1573 842 1637 εί
868 1566 905 1636 δὲ
936 1567 992 1634 καὶ
1023 1566 1107 1652 μέρη
1138 1568 1246 1651 ψυχῆς
1261 1587 1284 1626 ιο

99 1674 241 1740 ἕκαστον
270 1670 382 1742 αὐτῶν
413 1671 583 1764 ὀνομάζει,
614 1675 813 1765 θαυμαστὸν
845 1671 956 1742 οὐδέν.
984 1671 990 1760 1
1023 1675 1156 1758 πρῶτον
1183 1670 1311 1758 adamo

95 1777 162 1866 γάρ
186 1777 287 1860 αὐτὸς
310 1777 396 1868 ἡμᾶς
419 1785 580 1870 ἐδίδαξεν,
604 1781 659 1870 ιύς,
682 1783 813 1870 ὅτιπερ
835 1777 879 1848 ἂν
902 1778 991 1858 εἶδος
1014 1770 1046 1868 ᾖ,
1068 1782 1167 1846 τοῦτο
1190 1778 1244 1846 καὶ

23 1945 24 1948 .
95 1889 196 1975 μέρος
220 1884 396 1974 ὀνομάζειν
415 1891 562 1978 ἐγχωρεῖ,
586 1889 631 1980 μὴ
653 1893 767 1979 μέντοι
789 1889 828 1958 τό
852 1914 888 1974 γε
911 1889 1011 1974 μέρος
1029 1882 1118 1952 ἅπαν
1141 1881 1246 1962 εὐθὺς

95 1996 151 2062 καὶ
176 1992 265 2074 εἶδος
288 1991 387 2062 εἶναι·
412 1993 571 2083 δεύτερον
595 2001 644 2085 δέ,
668 1996 718 2066 ὅτι
741 1995 825 2085 μηδὲ
849 1997 988 2082 ἐγχωρεῖ
1008 1993 1117 2078 λέγειν
1139 1990 1246 2078 μηδὲν

100 2101 269 2168 σύνθετον
298 2097 510 2188 ὁμοιομερές,
539 2103 644 2196 ἐαυτῷ
674 2131 709 2190 γε
742 2101 877 2188 συνεχὲς
905 2098 986 2168 ὅλον
1015 2096 1178 2184 ὑπάρχον·
1213 2099 1286 2178 ε’ξιε

99 2203 296 2292 ὡρισμένων
319 2203 383 2292 γὰρ
406 2205 466 2274 τὸν
489 2205 638 2297 ἀριθμὸν
661 2209 829 2296 σύγκειται
852 2213 992 2294 μορίων·
1021 2201 1160 2284 ούδενὸς
1182 2201 1246 2289 γὰρ

137 2430 147 2474 1
170 2417 218 2474 διὰ
239 2415 291 2488 τὴν
308 2413 399 2505 μάνην
413 2421 441 2474 Μ
461 2423 509 2475 δια
525 2423 553 2475 πί
569 2421 672 2493 (εἰο)μ.
689 2421 765 2476 L.-
787 2429 804 2510 2Ι
822 2415 975 2476 δποπίπτει
990 2437 1041 2489 pro
1054 2413 1245 2482 ἆποδείξειΙι.

160 2493 307 2561 3τιμαίου
331 2511 383 2559 την
408 2489 488 2560 §quw
507 2493 600 2548 M.-
628 2491 716 2562 4ιην
740 2493 876 2562 γενέσεως
899 2493 984 2546 L.-
1011 2493 1059 2542 52
1061 2489 1141 2560 ογιιιῄ
1166 2488 1245 2542 oodd.

97 2565 160 2619 (dd.
185 2562 325 2632 loyranni]
353 2579 452 2618 noo.
456 2565 611 2618 -6τούιο
634 2583 685 2648 pro
706 2565 754 2618 τοῦ
774 2565 862 2619 M.-
889 2553 976 2616 ἵούι
999 2577 1053 2616 om.
1077 2561 1164 2614 L.-
1190 2553 1245 2628 ἥδη

99 2654 149 2706 pro
169 2635 231 2701 εἰδη
251 2635 340 2688 M.-
319 2635 453 2702 υ-υγής
473 2629 684 2718 ἐπιθυμίας
647 2631 720 2690 αυτοὶ
740 2637 770 2689 L
791 2665 823 2676 -
843 2628 915 2688 κατά
936 2653 979 2720 γε
987 2628 1243 2695 τᾶςΜΑΒΟΙι.-

99 2705 255 2762 aaaron.
272 2705 457 2758 ABChK-
480 2712 511 2760 14
531 2701 604 2761 διόιι
641 2725 670 2762 ro
685 2700 765 2762 onL
784 2727 823 2792 μη
839 2726 882 2761 οτι
897 2699 979 2776 μηδ
995 2705 1079 2757 Μ.-
1102 2709 1134 2757 15
1154 2697 1245 2772 ἑαυτῷ

99 2773 154 2845 γάρ
173 2773 289 2844 συνεχὲς
308 2771 481 2830 MABCh
467 2796 488 2832 ε.
509 2795 600 2846 αννεχ.
620 2726 708 2832 L.-
734 2785 766 2832 16
785 2798 840 2847 γαρ
859 2794 911 2832 om.
932 2777 1023 2848 Lpro
1042 2771 1096 2844 γάρ
1114 2775 1194 2828 Corn.
1214 2791 1244 2841 γε

100 2849 157 2918 legi
176 2847 296 2902 vuld-
318 2849 535 2915 ονγιιείοδαιΙι.
556 2881 587 2888 -

100 3068 216 3132 nalem.
252 3063 425 3130 Iracundia
444 3087 519 3130 vero
540 3088 596 3130 our
615 3067 685 3130 sola
708 3066 742 3132 in
765 3066 855 3130 nullo
880 3086 1014 3148 corpore
1039 3085 1109 3127 asae
1133 3061 1247 3146 possit,

101 3174 277 3258 procedens
307 3172 487 3256 disputatio
521 3172 759 3237 demonstrabit·
787 3173 852 3237 iilia
881 3197 897 3234 ε
926 3171 1059 3236 Τίωοοο
1093 3167 1246 3232 assumtis

101 3281 218 3365 vorbis,
240 3279 359 3363 quibus
383 3278 603 3363 generationis
632 3279 701 3344 eius
724 3280 950 3343 necessitatem
974 3275 1091 3342 docens
1115 3278 1247 3358 propior

103 3387 395 3474 concupiscentem¹
415 3389 527 3450 natam
565 3407 634 3450 esse
668 3385 714 3448 ait
750 3385 901 3450 rationali
935 3385 1125 3450 adiutricem
1159 3381 1248 3445 velut

103 3517 213 3558 canem
238 3493 391 3558 adversus
415 3493 590 3558 multorum
615 3491 758 3574 capitum
786 3493 953 3576 feramque
977 3491 1132 3574 belluam,
1160 3487 1247 3572 cupi·

104 3599 246 3664 ditaiom.
293 3599 391 3664 Recte
415 3599 516 3685 igitur
540 3599 662 3681 species
687 3599 786 3663 animi
814 3598 874 3662 has
902 3599 1048 3682 appellai
1071 3599 1103 3660 et
1125 3595 1159 3659 in
1186 3595 1248 3679 his,

105 3729 183 3790 quos
207 3727 304 3789 supra
328 3706 570 3790 adscripsimu5‚
593 3705 673 3770 locis
697 3708 729 3768 et
753 3706 786 3769 in
810 3705 922 3770 multia
946 3705 1033 3788 aliis,
1056 3725 1146 3788 quoa,
1170 3725 1246 3787 quo·

105 3812 191 3876 niam
224 3811 304 3876 satis
337 3811 479 3878 hominia
512 3813 675 3877 sententia
702 3811 876 3877 manifesta
904 3815 966 3895 ast,
994 3831 1248 3876 commemorare

105 3941 168 3983 non
190 3939 321 3982 necasse
345 3921 403 3982 est.
440 3917 563 3995 Quodsi
587 3919 686 3984 etiam
710 3921 819 4003 partes
844 3917 944 3983 animi
968 3917 1114 4002 singulas
1137 3917 1246 4000 appol·

105 4025 160 4109 lat,
183 4048 247 4090 non
267 4025 385 4090 mirum
405 4028 463 4089 est.
500 4025 646 4090 Primum
670 4025 756 4089 enim
780 4025 851 4108 ipse
873 4047 933 4089 noa
952 4024 1071 4106 docuit,
1094 4022 1247 4108 quidquid

106 4131 227 4216 species
253 4137 348 4214 esset,
371 4133 453 4198 idom
472 4153 568 4215 possa
592 4135 719 4216 pariam
739 4131 908 4216 appellari,
931 4134 1134 4213 nontamen,
1157 4129 1246 4214 quid·

106 4239 180 4322 quid
210 4261 286 4322 pars
319 4243 418 4322 esset,
456 4238 488 4302 id
526 4260 596 4302 esse
628 4238 781 4304 continuo
815 4238 914 4302 etiarn
947 4237 1100 4322 speciem
1134 4236 1247 4301 deinde

107 4345 193 4428 illud,
215 4368 256 4409 no
277 4345 347 4410 fieri
366 4345 495 4431 quidem
515 4367 620 4430 posse,
643 4351 679 4408 ut
697 4346 872 4430 quidquam
892 4345 1109 4428 compositum
1129 4343 1246 4408 dicere·

108 4455 158 4516 tur
182 4445 386 4538 ὁμοιομερές,
410 4452 529 4538 quippe
548 4452 633 4538 quod
656 4455 763 4517 totum
781 4449 914 4516 sibimet
936 4449 999 4536 ipsi
1022 4451 1247 4516 continuatum
