3246 5148
622 421 844 490 -11-.

150 583 340 668 excogitata
364 584 485 662 essent,
513 603 594 665 quae
623 581 726 644 multo
751 580 875 644 veriora
899 585 932 644 et
954 581 1090 646 meliora
1117 579 1302 644 viderentur

150 691 209 772 iis,
231 711 314 773 quae
338 711 354 752 e
379 692 523 752 veterum
547 686 720 770 disciplina
742 686 864 750 tradita
887 691 1003 752 essent.
1036 686 1195 762 Quocirca
1217 691 1302 751 vete-

150 819 240 878 rum,
263 796 319 879 qui
342 795 547 878 quaestiones
571 792 735 856 naturales
759 795 992 878 tractaverant,
1016 793 1125 858 studia
1147 793 1300 858 deflorue-

150 907 230 966 runt
253 885 349 986 atque
368 899 432 984 ipsi
451 899 614 965 obliuione
633 899 771 984 quadam
791 900 899 963 obruti
922 905 1010 984 sunt,
1034 900 1187 984 quoniam
1207 901 1301 984 pauci

151 1011 186 1073 in
212 1009 252 1072 iis
276 1007 411 1090 versari,
434 1005 584 1071 habitare
608 1029 684 1070 vero
707 1029 802 1072 nemo
825 1009 964 1073 volebat.
1011 1005 1156 1070 Eandem
1181 1011 1303 1070 sortem

153 1115 297 1179 Galenus
320 1117 435 1178 nactus
459 1117 518 1178 est.
554 1111 639 1178 Nam
664 1116 792 1179 sacculo
811 1114 920 1197 XVII,
942 1116 980 1177 ut
1003 1113 1132 1178 mittam
1157 1112 1303 1197 singulos

151 1222 283 1286 libellos
307 1221 483 1304 separatim
507 1224 564 1283 aut
585 1241 700 1304 graece
729 1227 785 1284 aut
813 1221 914 1284 latine
942 1219 1062 1302 editos,
1088 1241 1151 1282 rura
1174 1223 1302 1283 tautum

152 1329 188 1392 in
213 1328 316 1392 lucem
339 1327 439 1390 missa
457 1331 506 1390 est
524 1327 615 1390 alitio
638 1327 743 1390 omitia
763 1349 841 1408 qrtuc
860 1328 1057 1392 innotuerunt
1079 1345 1171 1394 cvera
1190 1326 1304 1391 Galerii

152 1435 349 1516 complectare
365 1433 481 1498 chati
498 1431 654 1498 Charton
675 1433 905 1498 vindocinensis
923 1433 1059 1498 Parietes
1086 1434 1169 1498 1683
1189 1431 1304 1496 Graece

153 1547 183 1605 ct
206 1541 331 1623 latice,
362 1561 444 1623 quae
472 1561 567 1623 quam
595 1539 676 1602 nihil
705 1539 901 1616 satisfecerit
933 1539 1167 1624 exspectationi
1194 1538 1302 1603 docto-

154 1671 240 1730 rum,
265 1651 379 1730 postea
402 1645 603 1709 intellectum
623 1643 725 1730 est²⁰).
759 1647 822 1710 Per
844 1668 981 1730 sequeus
1005 1651 1114 1711 autem
1138 1644 1302 1710 saeculum

155 1775 290 1838 prorsus
313 1753 481 1816 iacuerunt
504 1751 618 1816 Galeni
643 1751 762 1835 studia3
786 1751 869 1816 nihil
893 1753 978 1816 euim
1003 1753 1125 1817 editum
1143 1756 1194 1816 est
1213 1773 1302 1835 prae-

155 1869 207 1924 ter
234 1881 355 1942 paucos
383 1856 538 1943 libros²¹).
585 1857 706 1923 Nostro
737 1857 873 1942 denique
888 1859 1030 1923 saeculo
1059 1859 1181 1942 prodiit
1212 1859 1303 1923 editio

155 1965 297 2030 Kuelmii
315 1966 486 2030 intervallo
506 1969 635 2029 centnm
655 1965 721 2027 fere
740 1965 975 2050 quinquaginta
994 1988 1151 2031 annorum
1171 1962 1303 2029 thar-

156 2073 282 2137 teriana
310 2068 528 2156 disiuncta²²)‚
556 2072 608 2134 cui
635 2093 830 2156 quamquam
857 2094 922 2138 non
950 2093 1062 2136 omnes
1089 2072 1226 2135 virtutes
1251 2071 1303 2134 ab·

157 2178 346 2244 iudicandas
375 2199 503 2260 censeo,
531 2180 640 2241 tamen
668 2179 797 2261 quantis
826 2179 915 2242 uitiis
938 2179 1079 2262 laboret,
1106 2199 1180 2242 cum
1207 2175 1303 2241 hodie

157 2289 396 2370 conqueruntur
424 2305 548 2366 omnes,
576 2284 630 2367 qui
660 2283 773 2348 Galeui
803 2285 897 2350 libris
925 2285 1042 2349 intenti
1070 2283 1132 2348 hac
1162 2283 1302 2348 editione

157 2389 351 2478 uuunurffl),
375 2395 444 2455 tum
468 2413 487 2454 a
510 2411 561 2453 me
585 2395 618 2453 et
641 2389 766 2454 duobus
788 2391 1042 2476 programmatis
1066 2387 1304 2476 academicis²⁴)

158 2497 282 2582 passim
301 2497 557 2562 demonstratum
577 2493 628 2560 est
647 2501 680 2560 et
694 2501 808 2581 postea
823 2497 1004 2562 accuratius
1020 2495 1304 2561 demonstrabitur.

158 2604 435 2682 Quemadmodum
467 2608 575 2668 autem
602 2625 667 2668 non
697 2604 803 2668 solum
833 2607 908 2668 ante
936 2601 1099 2668 Charterii
1130 2599 1304 2666 editionem

233 2834 265 2901 ²⁰)
285 2833 318 2888 D.
338 2831 520 2887 Ruhnkenius
541 2831 571 2886 in
591 2830 699 2885 Timaei
720 2832 786 2886 Lex.
804 2831 872 2885 Voc.
891 2831 963 2886 Plat.
982 2849 1009 2900 p.
1029 2838 1063 2886 96
1087 2831 1140 2899 (ed.
1163 2829 1212 2884 alt.
1233 2829 1305 2898 Lug-

159 2922 226 2977 duni
251 2922 311 2976 Bat.
332 2923 410 2988 1789)
433 2920 526 2974 locum
548 2919 687 2988 quendam
706 2918 881 2975 Platonicum
904 2919 933 2973 in
956 2919 1079 2974 editione
1098 2918 1235 2974 Charterii
1257 2918 1308 2972 mi·

159 3029 218 3066 scre
237 3013 397 3080 corruptum
416 3026 475 3064 essa
493 3011 607 3079 questus
626 3027 730 3064 errores
749 3025 834 3079 prope
851 3007 973 3063 infinitos
987 3025 1050 3062 euru
1065 3007 1232 3063 emendandi
1246 3023 1306 3076 spe-

160 3101 201 3156 cia
224 3099 254 3154 in
273 3099 410 3154 Galerium
436 3097 573 3152 invexisse
596 3097 697 3168 arguit.
733 3097 886 3154 Koehlerus
912 3096 941 3150 in
964 3095 1055 3152 Praei.
1078 3095 1208 3152 editionis
1231 3097 1305 3164 Προ-

160 3188 310 3257 τρεπτικοί»
328 3205 355 3257 p.
375 3191 391 3241 9
410 3187 479 3241 haec
497 3185 615 3240 iudicat:
636 3185 735 3241 ‘editio
753 3186 876 3256 pretiosa
895 3189 923 3242 et
940 3183 1007 3240 satis
1025 3185 1183 3255 splendida,
1202 3183 1236 3238 de
1251 3199 1307 3254 qua

159 3281 254 3332 tamen
277 3292 375 3346 parum
398 3273 547 3330 honorilice
570 3275 668 3330 sentio.
696 3305 731 3314 —
758 3273 850 3330 Invita
872 3273 998 3330 Minerva
1025 3273 1152 3344 plurimis
1180 3272 1209 3327 in
1237 3271 1305 3327 locis

160 3365 310 3420 lectionem
329 3365 488 3420 emendavit
505 3365 555 3418 aut
572 3364 664 3435 potius
682 3363 839 3419 subvertit’

198 3455 233 3524 ²¹)
253 3453 323 3522 Περὶ
342 3448 520 3522 διαγνώσεως
538 3453 586 3508 καὶ
604 3453 763 3522 θεραπείας
780 3453 835 3507 τῶν
859 3447 891 3508 ἒν
915 3447 1034 3508 ἕκαστον
1057 3451 1134 3522 ψυχῇ
1154 3449 1234 3504 ἰδίων
1253 3469 1305 3504 πα-

160 3544 225 3598 θῶν
244 3541 511 3598 adiuratorio
528 3542 653 3598 Rudolst.
668 3544 697 3597 et
709 3541 796 3598 Jenae
813 3547 893 3606 17153
913 3535 1122 3611 Προτρεπτικὸς
1142 3534 1188 3594 ἐπὶ
1206 3537 1307 3608 τέχνας

161 3632 313 3702 separatim
337 3631 427 3686 edidit
449 3633 474 3688 J.
493 3631 525 3687 G.
545 3630 576 3687 G.
595 3630 725 3686 Kochler.
758 3629 871 3700 Lipsiae
892 3635 972 3696 17783
993 3622 1053 3683 “Otr
1076 3623 1188 3697 ἄριστος
1212 3623 1307 3698 ἰατρὸς

161 3721 210 3776 ταὶ
228 3715 385 3790 φιλόσοφος
403 3720 445 3774 ed.
466 3719 541 3776 Curt.
561 3719 704 3790 Sprengel.
728 3719 817 3774 Halae
838 3724 914 3774 1788.
947 3718 1076 3774 Ceterum
1097 3712 1307 3788 Προτρεπτικόν

163 3809 290 3866 Britanni
309 3809 420 3864 saeculo
438 3809 529 3864 XVIII
547 3809 610 3878 plus
628 3807 716 3864 semel
734 3807 887 3862 ediderunt

233 3899 267 3966 ¹¹)
287 3897 398 3954 Claudii
416 3897 515 3954 Galeni
530 3898 619 3968 Opera
637 3895 738 3952 omnia.
766 3895 925 3950 Editionem
945 3913 999 3952 cur.
1015 3895 1044 3952 C.
1059 3896 1091 3952 G.
1107 3896 1214 3950 Kuehn.
1234 3893 1307 3949 Voll.

163 3989 248 4044 xxu.
267 3987 343 4058 Lips.
363 3993 545 4042 rear-reas.

235 4077 269 4144 ²³)
289 4077 339 4144 Gt,
357 4078 389 4131 ut
406 4094 491 4130 unum
510 4075 638 4146 afferam,
655 4073 681 4130 J.
700 4075 869 4145 Marquardt.
887 4075 917 4130 in
932 4075 1178 4130 Observationibus
1193 4072 1260 4127 Crit.
1278 4071 1307 4126 in

163 4166 202 4222 Cl.
215 4165 317 4222 Galeni
330 4163 433 4219 librum
447 4163 518 4232 Περὶ
536 4163 630 4233 ψυχῆς
647 4163 752 4218 παθῶν
770 4163 819 4218 καὶ
837 4158 1044 4234 ἁμαρτημάτων
1059 4163 1133 4232 Lips.
1150 4166 1224 4214 1870.
1241 4178 1267 4228 p.
1282 4166 1307 4214 9.

235 4255 269 4324 ²⁴)
289 4253 470 4320 Quaestiones
489 4251 601 4307 criticae
620 4252 655 4307 de
669 4253 768 4307 Gelani
786 4251 865 4307 libris
883 4251 947 4320 περὶ
965 4251 1020 4305 τῶν
1038 4245 1109 4304 καθ’
1121 4235 1308 4318 Ἶπττοτριῖτην

163 4343 210 4398 καὶ
228 4337 368 4397 Πλάτωνα
387 4335 541 4412 δογμάτων.
562 4341 699 4413 Erlnngae
715 4347 790 4398 1871.
811 4341 957 4412 specimen
975 4338 1093 4393 alterum
1108 4337 1308 4403 Quaestionum

162 4431 218 4486 Erl.
240 4435 317 4486 1872.
