3444 5140
636 373 877 437 —751-

181 528 360 615 ‘reptante
382 537 432 616 εἴη
457 520 498 596 οὗ
522 533 660 616 ἔμαθεν,
683 526 700 598 ὁ
726 528 763 596 δὲ
785 533 909 616 πολλῆς
935 527 1113 617 μαθήσεως
1139 529 1250 616 τυχὼν
1272 530 1327 598 καὶ

182 637 328 723 μελέτης
346 635 430 726 μηδὲ
453 633 473 704 ii
498 641 602 724 ἔμαθε
625 635 777 718 tetgerum
808 637 864 704 λαὶ
899 639 945 728 τῷ
977 636 1039 724 μὲν
1066 634 1105 704 τὰ
1132 640 1195 704 τοῦ
1217 635 1327 723 στόμα-

182 746 249 822 ‘tog
273 746 395 822 ἱκανῶς
417 740 578 829 ὑπηρετοῖ
596 747 636 831 τῇ
668 748 821 833 διανοίᾳ,
855 747 901 835 τῷ
932 740 963 810 d’
1004 745 1206 823 ἐναντιοῖτος
1234 736 1323 832 ἆραι

96 873 104 882 ·
182 846 266 918 (ἄλλ’
303 847 383 916 ἄττα
407 849 497 918 ἐστὶν
524 845 545 936 ἢ
568 854 684 936 ταῦτα,
713 845 764 929 οἷς
789 849 849 918 τὸν
877 847 987 937 εὐφυῆ
1014 849 1097 937 πρὸς
1124 852 1245 918 ἕκαστα
1270 852 1395 922 aelric

181 953 254 1023 ‘etv
276 954 321 1043 μὴ
345 953 479 1046 ὦρίζονη
504 953 625 1040 οὐδείς,
648 949 668 1043 ἦ
692 954 724 1023 d'
750 955 801 1040 ὅς,
824 955 908 1024 ἄλλα
932 957 1040 1044 φησει.
1086 955 1187 1026 οἶσθά
1209 985 1240 1025 τι
1264 949 1354 1025 orius

182 1061 259 1130 ‘rinei
284 1060 478 1150 deducimur
501 1063 743 1150 μελετώμενον,
767 1064 804 1130 ἐν
827 1054 853 1154 ᾦ
877 1060 918 1130 οὐ
941 1062 1050 1131 πάντα
1073 1067 1177 1132 ταῦτα
1199 1064 1236 1132 τὸ
1260 1068 1328 1132 τῶν

182 1166 332 1256 ’ἀνδρῶν
355 1171 453 1256 γένος
476 1169 704 1256 διαφερόντως
731 1173 880 1256 ἔχειτοῦ
906 1173 975 1237 τῶν
1003 1174 1187 1257 γυναικῶνς
1214 1167 1235 1258 ἢ
1268 1199 1328 1258 μα-

182 1277 408 1363 “κρολογῶμεν
434 1277 497 1364 τήν
519 1303 552 1344 τε
583 1274 772 1364 ὑφαντικὴν
798 1277 951 1362 λέγοντες
972 1279 1027 1345 καὶ
1050 1277 1201 1365 τὴντῶν
1224 1275 1328 1346 ποπά-

182 1383 266 1448 “νων
288 1407 322 1449 τε
345 1384 400 1450 καὶ
424 1383 601 1471 ἑψημάτων
623 1391 818 1471 θεραπείαν,
842 1385 879 1451 ἐν
903 1379 953 1462 οἷς
976 1383 1019 1470 δή
1041 1411 1072 1451 τι
1096 1389 1190 1453 δοκεῖ
1210 1384 1246 1454 τὸ
1271 1414 1328 1472 γν-

182 1489 344 1556 ’ναικεῖον
367 1491 464 1574 γένος
486 1489 581 1578 εἶναι,
605 1483 646 1560 οὗ
667 1492 722 1559 καὶ
745 1490 1068 1578 καταγελαστότατόν
1091 1492 1158 1559 ἐστι
1172 1492 1329 1580 πάμπολυ
1344 1517 1368 1556 ιο

182 1591 404 1683 εἡττω’μενον;
427 1595 538 1684 ἀληθῆ
561 1600 676 1685 λε’μεις,
695 1603 770 1685 ἔφη,
793 1597 844 1666 ὅτι
862 1596 949 1666 πολὺ
962 1613 1127 1685 κρατεῖται
1142 1599 1180 1666 ἐν
1194 1597 1328 1684 ἅπασιν,

184 1699 242 1781 ’ὦς
265 1707 342 1782 ἔπος
365 1708 479 1788 εἰπεῖν,
501 1702 538 1771 τὸ
562 1705 659 1790 γένος
681 1709 742 1773 τοῦ
764 1705 893 1791 μένους.
937 1718 1092 1790 γυναῖκες
1113 1705 1227 1792 μέντοι
1251 1715 1328 1776 πολ-

184 1809 251 1876 ελαὶ
274 1813 408 1877 πολλῶν
436 1807 572 1897 ἀνδρῶν
595 1817 746 1897 βελτίους
768 1815 815 1890 είς
846 1810 969 1896 πολλά,
999 1809 1037 1880 τὸ
1071 1808 1103 1879 d'
1139 1809 1221 1882 ὅλον
1253 1819 1330 1901 ἔχει,

183 1911 242 1994 ‘cis
273 1915 316 1983 σὺ
348 1919 462 2003 λέγεις.
508 1914 609 1987 οὐδὲν
632 1915 696 2006 ἄρα
721 1920 826 2003 ἐστίν,
853 1910 879 1986 ei
910 1925 1002 2005 φίλε,
1039 1919 1240 2008 ἐπιτήδευμα
1262 1925 1331 1988 τῶν

220 2119 236 2166 2
257 2109 353 2184 ἔμαθη
367 2115 404 2169 Μ.
425 2145 457 2154 -
477 2121 493 2170 3
513 2110 542 2168 οἱ
559 2115 651 2178 κανῶς
664 2116 702 2170 Μ.
723 2148 753 2154 -
774 2109 1066 2182 ὖπηρετεῖΜΑΒΟὴ.
1086 2146 1118 2155 -
1139 2122 1155 2168 5
1175 2111 1261 2184 φύσει
1280 2134 1329 2186 pro

183 2181 270 2252 φήσει
288 2185 325 2239 M.
348 2217 386 2269 .—
411 2180 534 2240 6ταῦτᾶ
554 2186 590 2240 Μ.
615 2217 648 2226 ·-
675 2181 814 2254 deluderis
836 2187 927 2270 ΜΓ
952 2185 1169 2273 μακρολογῶμεν
1197 2187 1329 2270 nuncu

183 2259 414 2342 μακρολογονμεν
432 2257 470 2322 Κς
487 2258 524 2342 cf.
544 2258 627 2313 Proll.
647 2277 673 2328 p.
695 2265 736 2313 09.
757 2289 789 2298 -
814 2265 900 2325 8την
918 2276 948 2311 τε
968 2258 997 2310 Μ
1015 2260 1108 2341 τηνλζ
1135 2256 1275 2348 secun.
1296 2289 1329 2298 .„

184 2329 846 2525 dtll‘ijgtigztii't'iirdineiitit.
858 2329 952 2454 tl.
974 2336 1014 2453 1¹³¹
1021 2331 1329 2461 slt”u3‘tff'{2'lt2ll

183 2489 240 2538 αρα
260 2487 293 2524 co
334 2488 374 2525 .e
416 2513 421 2524 .
442 2504 474 2512 -

185 2667 358 2734 ciusdem
386 2670 541 2753 generis
574 2670 785 2754 inveniret,
813 2670 890 2755 hic,
923 2693 1004 2736 cunr
1037 2671 1199 2735 multum
1231 2671 1330 2736 didi-

185 2774 309 2839 cisset
332 2777 619 2860 meditatusque
648 2779 764 2860 esset,
792 2799 837 2841 ne
866 2778 1046 2841 memoria
1074 2776 1224 2861 quidem
1253 2799 1332 2842 ser-

185 2885 310 2966 varet,
343 2905 437 2967 quae
467 2883 694 2948 didicisset?
728 2882 825 2966 qued
858 2883 1021 2967 denique
1055 2885 1118 2947 illi
1152 2887 1331 2968 eorporis

186 2989 423 3056 constitutio
461 2990 580 3054 menti
619 2990 875 3073 subserviret,
906 2989 995 3054 huic
1032 2991 1332 3056 adversaretur?

186 3095 244 3160 An
268 3096 347 3160 alia
370 3096 555 3180 quaedam
574 3100 728 3179 praeter
751 3095 845 3160 haec
864 3101 966 3179 sunt,
989 3097 1128 3181 quibus
1152 3098 1330 3163 idoneum

186 3206 332 3266 natura
356 3203 401 3267 ad
425 3203 580 3288 singula
602 3202 795 3267 hominem
815 3205 853 3266 et
875 3226 949 3268 ncn
968 3195 1330 3269 idoneum'definie-

187 3309 279 3373 bas?
324 3310 457 3395 Nemo,
485 3311 625 3395 inquit,
654 3310 732 3373 alia
760 3309 872 3375 dicet.
920 3309 1000 3375 Iam
1030 3312 1155 3376 scisne
1183 3312 1331 3395 aliquid

187 3415 233 3478 ab
256 3415 481 3481 hominibus
506 3417 692 3502 exerceri,
716 3417 844 3500 inquo
868 3439 942 3483 non
962 3419 1093 3483 omnia
1114 3419 1207 3482 haec
1230 3421 1331 3483 virc-

186 3543 267 3585 rum
301 3543 422 3606 genus
460 3524 742 3588 excellentiora
778 3523 921 3589 habeat
958 3547 1069 3608 quam
1106 3525 1332 3590 mulierum?

187 3627 244 3693 An
272 3629 381 3713 longi
410 3630 529 3694 simus
557 3630 711 3695 texendi
740 3629 957 3696 artificium
986 3637 1331 3698 commemorantes

188 3740 226 3798 et
243 3736 510 3818 placentarum
530 3739 856 3820 opsoniorumque
875 3737 1174 3826 conlectionem,
1193 3740 1231 3806 iu
1250 3740 1331 3824 qui·

189 3841 257 3906 bus
287 3843 436 3927 aliquid
465 3865 550 3908 esse
583 3845 785 3908 mulierum
815 3867 929 3908 sexus
963 3847 1129 3930 videtur,
1157 3848 1220 3911 ubi
1248 3869 1331 3912 eum

189 3949 373 4034 vincitur,
401 3951 567 4016 omnium
596 3953 756 4015 maxime
789 3950 936 4015 derisui
965 3953 1046 4016 est?
1096 3951 1192 4015 Vere
1220 3953 1331 4036 dieis,

190 4059 327 4141 iuquit,
365 4060 403 4123 in
435 4059 628 4142 omnibuS,
659 4061 701 4121 ut
732 4058 788 4120 ita
820 4058 957 4140 dicam,
989 4078 1109 4140 genus
1142 4079 1161 4118 a
1193 4078 1331 4140 genere

188 4165 301 4251 longe
325 4165 511 4247 superari.
548 4165 732 4229 Mulieres
757 4167 887 4228 tamen
910 4163 1053 4228 multae
1077 4162 1211 4226 multis
1234 4165 1331 4228 viris

190 4272 233 4335 ud
262 4272 384 4336 multa
410 4271 737 4354 praestantiores,
767 4271 805 4335 iu
832 4271 1053 4335 universum
1082 4291 1171 4332 verc
1204 4291 1264 4333 res
1293 4293 1331 4334 se

189 4378 246 4443 ita
279 4377 409 4461 habet,
441 4381 482 4440 ut
514 4381 554 4441 tu
587 4378 694 4442 dicis.
748 4377 907 4442 Nullum
940 4377 998 4438 est
1029 4375 1166 4459 igitur,
1199 4377 1333 4463 amice,
