<?xml version="1.0" encoding="UTF-8"?>
<!DOCTYPE html PUBLIC "-//W3C//DTD XHTML 1.0 Transitional//EN"
    "http://www.w3.org/TR/xhtml1/DTD/xhtml1-transitional.dtd">
<html xmlns="http://www.w3.org/1999/xhtml" xml:lang="en" lang="en">
 <head>
  <title>
</title>
<meta http-equiv="Content-Type" content="text/html;charset=utf-8" />
  <meta name='ocr-system' content='tesseract 3.04.00' />
  <meta name='ocr-capabilities' content='ocr_page ocr_carea ocr_par ocr_line ocrx_word'/>
</head>
<body>
  <div class='ocr_page' id='page_1' title='image "./claudiigalenide02mlgoog/claudiigalenide02mlgoog_0534.png"; bbox 0 0 3166 5192; ppageno 0'>
   <div class='ocr_carea' id='block_1_1' title="bbox 568 401 812 466">
    <p class='ocr_par' dir='ltr' id='par_1_1' title="bbox 568 401 812 466">
     <span class='ocr_line' id='line_1_1' title="bbox 568 401 812 466; baseline 0.008 -2"><span class='ocrx_word' id='word_1_1' title='bbox 568 401 812 466; x_wconf 84' lang='lat'>-519-</span> 
     </span>
    </p>
   </div>
   <div class='ocr_carea' id='block_1_2' title="bbox 113 555 1323 1288">
    <p class='ocr_par' dir='ltr' id='par_1_2' title="bbox 113 555 1323 1288">
     <span class='ocr_line' id='line_1_2' title="bbox 116 555 1260 644; baseline 0.004 -18"><span class='ocrx_word' id='word_1_2' title='bbox 116 567 257 644; x_wconf 82' lang='grc' dir='ltr'><strong><em>είρηται,</em></strong></span> <span class='ocrx_word' id='word_1_3' title='bbox 284 557 339 624; x_wconf 81' lang='grc' dir='ltr'>καὶ</span> <span class='ocrx_word' id='word_1_4' title='bbox 365 571 436 636; x_wconf 78' lang='grc' dir='ltr'><strong><em>τοῖς</em></strong></span> <span class='ocrx_word' id='word_1_5' title='bbox 457 555 539 626; x_wconf 78' lang='grc' dir='ltr'><strong><em>κατὰ</em></strong></span> <span class='ocrx_word' id='word_1_6' title='bbox 565 555 606 624; x_wconf 79' lang='grc' dir='ltr'><strong><em>τά</em></strong></span> <span class='ocrx_word' id='word_1_7' title='bbox 635 559 724 644; x_wconf 83' lang='grc' dir='ltr'><strong><em>φυτὰ</em></strong></span> <span class='ocrx_word' id='word_1_8' title='bbox 752 558 807 625; x_wconf 78' lang='grc' dir='ltr'>καὶ</span> <span class='ocrx_word' id='word_1_9' title='bbox 830 559 963 644; x_wconf 79' lang='grc' dir='ltr'><em>προσέτι</em></span> <span class='ocrx_word' id='word_1_10' title='bbox 990 575 1060 640; x_wconf 73' lang='grc' dir='ltr'><strong><em>τοῖς</em></strong></span> <span class='ocrx_word' id='word_1_11' title='bbox 1088 562 1171 630; x_wconf 82' lang='grc' dir='ltr'><strong><em>κατὰ</em></strong></span> <span class='ocrx_word' id='word_1_12' title='bbox 1201 591 1260 644; x_wconf 85' lang='grc' dir='ltr'><strong><em>τας</em></strong></span> 
     </span>
     <span class='ocr_line' id='line_1_3' title="bbox 116 661 1259 756; baseline 0.006 -24"><span class='ocrx_word' id='word_1_13' title='bbox 116 661 273 752; x_wconf 75' lang='grc' dir='ltr'><strong><em>ἀρτηρίας</em></strong></span> <span class='ocrx_word' id='word_1_14' title='bbox 295 663 402 731; x_wconf 80' lang='grc' dir='ltr'><strong><em>τεκαὶ</em></strong></span> <span class='ocrx_word' id='word_1_15' title='bbox 426 662 488 751; x_wconf 76' lang='grc' dir='ltr'><strong><em>τὴν</em></strong></span> <span class='ocrx_word' id='word_1_16' title='bbox 510 668 662 752; x_wconf 78' lang='grc' dir='ltr'><strong><em>καρδίαν.</em></strong></span> <span class='ocrx_word' id='word_1_17' title='bbox 697 661 914 752; x_wconf 78' lang='grc' dir='ltr'><strong><em>ἀναισχυντία</em></strong></span> <span class='ocrx_word' id='word_1_18' title='bbox 932 665 1064 747; x_wconf 85' lang='grc' dir='ltr'><strong><em>πάντως</em></strong></span> <span class='ocrx_word' id='word_1_19' title='bbox 1082 667 1145 756; x_wconf 83' lang='grc' dir='ltr'>γάρ</span> <span class='ocrx_word' id='word_1_20' title='bbox 1170 671 1259 738; x_wconf 79' lang='grc' dir='ltr'><strong><em>ἐστιν</em></strong></span> 
     </span>
     <span class='ocr_line' id='line_1_4' title="bbox 115 765 1259 860; baseline 0.006 -22"><span class='ocrx_word' id='word_1_21' title='bbox 115 769 196 838; x_wconf 77' lang='grc' dir='ltr'><strong><em>ἄλλο</em></strong></span> <span class='ocrx_word' id='word_1_22' title='bbox 224 799 254 838; x_wconf 90' lang='grc' dir='ltr'><strong><em>τι</em></strong></span> <span class='ocrx_word' id='word_1_23' title='bbox 282 768 473 855; x_wconf 73' lang='grc' dir='ltr'><strong><em>σπλάγχνον</em></strong></span> <span class='ocrx_word' id='word_1_24' title='bbox 500 766 667 857; x_wconf 74' lang='grc' dir='ltr'><strong><em>ἀρτηριῶν</em></strong></span> <span class='ocrx_word' id='word_1_25' title='bbox 694 765 800 858; x_wconf 84' lang='grc' dir='ltr'><strong><em>ἀρχὴν</em></strong></span> <span class='ocrx_word' id='word_1_26' title='bbox 827 767 1028 840; x_wconf 75' lang='grc' dir='ltr'><strong><em>ὑποθέσθαι.</em></strong></span> <span class='ocrx_word' id='word_1_27' title='bbox 1080 781 1259 860; x_wconf 84' lang='grc' dir='ltr'><strong><em>φαίνονται</em></strong></span> 
     </span>
     <span class='ocr_line' id='line_1_5' title="bbox 114 871 1323 969; baseline 0.007 -26"><span class='ocrx_word' id='word_1_28' title='bbox 114 879 198 963; x_wconf 81' lang='grc' dir='ltr'><strong><em>γοῦν</em></strong></span> <span class='ocrx_word' id='word_1_29' title='bbox 216 881 255 943; x_wconf 91' lang='grc' dir='ltr'>αί</span> <span class='ocrx_word' id='word_1_30' title='bbox 270 875 332 964; x_wconf 73' lang='grc' dir='ltr'>μὲν</span> <span class='ocrx_word' id='word_1_31' title='bbox 350 871 515 963; x_wconf 89' lang='grc' dir='ltr'><strong><em>ἀρτηριάι,</em></strong></span> <span class='ocrx_word' id='word_1_32' title='bbox 538 877 618 965; x_wconf 76' lang='grc' dir='ltr'><strong><em>πρὶν</em></strong></span> <span class='ocrx_word' id='word_1_33' title='bbox 637 877 841 965; x_wconf 80' lang='grc' dir='ltr'><strong><em>ἐκτμηθῆναι</em></strong></span> <span class='ocrx_word' id='word_1_34' title='bbox 862 881 922 946; x_wconf 85' lang='grc' dir='ltr'><strong><em>τοῦ</em></strong></span> <span class='ocrx_word' id='word_1_35' title='bbox 942 877 1037 969; x_wconf 79' lang='grc' dir='ltr'><strong><em>ζςάου,</em></strong></span> <span class='ocrx_word' id='word_1_36' title='bbox 1060 878 1123 968; x_wconf 82' lang='grc' dir='ltr'><strong><em>τὴν</em></strong></span> <span class='ocrx_word' id='word_1_37' title='bbox 1142 887 1147 964; x_wconf 91' lang='grc' dir='ltr'>Ι</span> <span class='ocrx_word' id='word_1_38' title='bbox 1166 887 1323 968; x_wconf 69' lang='lat' dir='ltr'>aton-tol</span> 
     </span>
     <span class='ocr_line' id='line_1_6' title="bbox 113 979 1286 1074; baseline 0.006 -25"><span class='ocrx_word' id='word_1_39' title='bbox 113 1003 169 1050; x_wconf 89' lang='grc' dir='ltr'>σιν</span> <span class='ocrx_word' id='word_1_40' title='bbox 195 979 422 1051; x_wconf 83' lang='grc' dir='ltr'><strong><em>ἀπολλύουσαι</em></strong></span> <span class='ocrx_word' id='word_1_41' title='bbox 451 987 580 1068; x_wconf 82' lang='grc' dir='ltr'><strong><em>σαφῶς,</em></strong></span> <span class='ocrx_word' id='word_1_42' title='bbox 614 982 749 1058; x_wconf 78' lang='grc' dir='ltr'><strong><em>ἐπειδὰν</em></strong></span> <span class='ocrx_word' id='word_1_43' title='bbox 781 983 892 1074; x_wconf 77' lang='grc' dir='ltr'><strong><em>βρόχῳ</em></strong></span> <span class='ocrx_word' id='word_1_44' title='bbox 920 989 1150 1072; x_wconf 86' lang='grc' dir='ltr'><strong><em>διαληφθῶσι,</em></strong></span> <span class='ocrx_word' id='word_1_45' title='bbox 1181 987 1286 1074; x_wconf 70' lang='grc' dir='ltr'><strong><em>μήτιε</em></strong></span> 
     </span>
     <span class='ocr_line' id='line_1_7' title="bbox 113 1086 1259 1182; baseline 0.004 -26"><span class='ocrx_word' id='word_1_46' title='bbox 113 1115 149 1173; x_wconf 81' lang='grc' dir='ltr'>γε</span> <span class='ocrx_word' id='word_1_47' title='bbox 179 1086 220 1175; x_wconf 79' lang='grc' dir='ltr'>δὴ</span> <span class='ocrx_word' id='word_1_48' title='bbox 249 1097 465 1176; x_wconf 81' lang='grc' dir='ltr'><strong><em>χωρισθελσαι</em></strong></span> <span class='ocrx_word' id='word_1_49' title='bbox 493 1089 548 1158; x_wconf 78' lang='grc' dir='ltr'>καί</span> <span class='ocrx_word' id='word_1_50' title='bbox 576 1087 668 1169; x_wconf 86' lang='grc' dir='ltr'><strong><em>έκτὸς</em></strong></span> <span class='ocrx_word' id='word_1_51' title='bbox 690 1089 883 1178; x_wconf 75' lang='grc' dir='ltr'><strong><em>γενόμεναι,</em></strong></span> <span class='ocrx_word' id='word_1_52' title='bbox 912 1091 1000 1179; x_wconf 83' lang='grc' dir='ltr'><strong><em>μάνη</em></strong></span> <span class='ocrx_word' id='word_1_53' title='bbox 1029 1091 1066 1160; x_wconf 71' lang='grc' dir='ltr'>δέ</span> <span class='ocrx_word' id='word_1_54' title='bbox 1089 1090 1110 1180; x_wconf 83' lang='grc' dir='ltr'><em>ἡ</em></span> <span class='ocrx_word' id='word_1_55' title='bbox 1137 1098 1259 1182; x_wconf 83' lang='grc' dir='ltr'><strong><em>καρδία</em></strong></span> 
     </span>
     <span class='ocr_line' id='line_1_8' title="bbox 113 1195 1260 1288; baseline 0.003 -25"><span class='ocrx_word' id='word_1_56' title='bbox 113 1195 249 1264; x_wconf 81' lang='grc' dir='ltr'><strong><em>πάντων</em></strong></span> <span class='ocrx_word' id='word_1_57' title='bbox 271 1199 339 1264; x_wconf 90' lang='grc' dir='ltr'><strong><em>τῶν</em></strong></span> <span class='ocrx_word' id='word_1_58' title='bbox 363 1197 400 1263; x_wconf 83' lang='grc' dir='ltr'>έν</span> <span class='ocrx_word' id='word_1_59' title='bbox 421 1199 466 1287; x_wconf 76' lang='grc' dir='ltr'><strong><em>τῷ</em></strong></span> <span class='ocrx_word' id='word_1_60' title='bbox 496 1195 564 1288; x_wconf 70' lang='grc' dir='ltr'>ζῴῳ</span> <span class='ocrx_word' id='word_1_61' title='bbox 587 1202 718 1284; x_wconf 91' lang='grc' dir='ltr'><strong><em>μορίων</em></strong></span> <span class='ocrx_word' id='word_1_62' title='bbox 741 1197 958 1285; x_wconf 77' lang='grc' dir='ltr'><strong><em>έξαιρουμένη</em></strong></span> <span class='ocrx_word' id='word_1_63' title='bbox 985 1199 1080 1284; x_wconf 86' lang='grc' dir='ltr'><strong><em>μέχρι</em></strong></span> <span class='ocrx_word' id='word_1_64' title='bbox 1103 1205 1260 1268; x_wconf 78' lang='grc' dir='ltr'><strong><em>πλείστου</em></strong></span> 
     </span>
    </p>
   </div>
   <div class='ocr_carea' id='block_1_3' title="bbox 112 1299 1298 1818">
    <p class='ocr_par' dir='ltr' id='par_1_3' title="bbox 112 1299 1298 1818">
     <span class='ocr_line' id='line_1_9' title="bbox 113 1299 1260 1392; baseline 0.005 -24"><span class='ocrx_word' id='word_1_65' title='bbox 113 1300 382 1387; x_wconf 76' lang='grc' dir='ltr'><strong><em>διαφυλάττουσα</em></strong></span> <span class='ocrx_word' id='word_1_66' title='bbox 406 1299 468 1389; x_wconf 76' lang='grc' dir='ltr'><strong><em>τὴν</em></strong></span> <span class='ocrx_word' id='word_1_67' title='bbox 491 1301 572 1370; x_wconf 79' lang='grc' dir='ltr'><strong><em>κατὰ</em></strong></span> <span class='ocrx_word' id='word_1_68' title='bbox 596 1301 701 1389; x_wconf 82' lang='grc' dir='ltr'><strong><em>φύσιν</em></strong></span> <span class='ocrx_word' id='word_1_69' title='bbox 719 1304 901 1390; x_wconf 76' lang='grc' dir='ltr'><strong><em>ἐνέργειαν,</em></strong></span> <span class='ocrx_word' id='word_1_70' title='bbox 925 1301 970 1384; x_wconf 87' lang='grc' dir='ltr'>ῶς</span> <span class='ocrx_word' id='word_1_71' title='bbox 991 1301 1075 1392; x_wconf 79' lang='grc' dir='ltr'><strong><em>ἀρχὴ</em></strong></span> <span class='ocrx_word' id='word_1_72' title='bbox 1100 1305 1260 1392; x_wconf 81' lang='grc' dir='ltr'><strong><em>κινήσεως</em></strong></span> 
     </span>
     <span class='ocr_line' id='line_1_10' title="bbox 113 1405 1257 1500; baseline 0.006 -27"><span class='ocrx_word' id='word_1_73' title='bbox 113 1407 212 1494; x_wconf 73' lang='grc' dir='ltr'><strong><em>ἑαυτῇ</em></strong></span> <span class='ocrx_word' id='word_1_74' title='bbox 239 1408 351 1475; x_wconf 81' lang='grc' dir='ltr'><strong><em>τεκαὶ</em></strong></span> <span class='ocrx_word' id='word_1_75' title='bbox 377 1423 448 1488; x_wconf 72' lang='grc' dir='ltr'><strong><em>τοῖς</em></strong></span> <span class='ocrx_word' id='word_1_76' title='bbox 470 1405 529 1495; x_wconf 86' lang='grc' dir='ltr'>ἀφ’</span> <span class='ocrx_word' id='word_1_77' title='bbox 556 1409 691 1496; x_wconf 79' lang='grc' dir='ltr'><strong><em>ἑαυτῆς·</em></strong></span> <span class='ocrx_word' id='word_1_78' title='bbox 719 1413 757 1476; x_wconf 91' lang='grc' dir='ltr'>αί</span> <span class='ocrx_word' id='word_1_79' title='bbox 777 1409 814 1477; x_wconf 74' lang='grc' dir='ltr'>δὲ</span> <span class='ocrx_word' id='word_1_80' title='bbox 837 1406 990 1498; x_wconf 75' lang='grc' dir='ltr'><strong><em>ἀρτηρίαι</em></strong></span> <span class='ocrx_word' id='word_1_81' title='bbox 1019 1407 1257 1500; x_wconf 81' lang='grc' dir='ltr'><strong><em>άποχωρισθεϊ-</em></strong></span> 
     </span>
     <span class='ocr_line' id='line_1_11' title="bbox 112 1507 1298 1612; baseline 0 -32"><span class='ocrx_word' id='word_1_82' title='bbox 112 1509 294 1600; x_wconf 78' lang='grc' dir='ltr'><strong><em>σαιαάτῆς</em></strong></span> <span class='ocrx_word' id='word_1_83' title='bbox 316 1507 336 1600; x_wconf 83' lang='grc' dir='ltr'>ἢ</span> <span class='ocrx_word' id='word_1_84' title='bbox 360 1513 494 1601; x_wconf 84' lang='grc' dir='ltr'><strong><em>βρόχοις</em></strong></span> <span class='ocrx_word' id='word_1_85' title='bbox 521 1509 541 1602; x_wconf 82' lang='grc' dir='ltr'><em>ἢ</em></span> <span class='ocrx_word' id='word_1_86' title='bbox 564 1530 680 1602; x_wconf 79' lang='grc' dir='ltr'><strong><em>τομαῖς</em></strong></span> <span class='ocrx_word' id='word_1_87' title='bbox 707 1514 775 1612; x_wconf 85' lang='grc' dir='ltr'>ἀμα</span> <span class='ocrx_word' id='word_1_88' title='bbox 803 1519 847 1607; x_wconf 78' lang='grc' dir='ltr'><strong><em>τῷ</em></strong></span> <span class='ocrx_word' id='word_1_89' title='bbox 870 1515 972 1584; x_wconf 85' lang='grc' dir='ltr'><strong><em>πάθει</em></strong></span> <span class='ocrx_word' id='word_1_90' title='bbox 995 1517 1050 1584; x_wconf 81' lang='grc' dir='ltr'>καὶ</span> <span class='ocrx_word' id='word_1_91' title='bbox 1077 1515 1140 1605; x_wconf 75' lang='grc' dir='ltr'><strong><em>τὴν</em></strong></span> <span class='ocrx_word' id='word_1_92' title='bbox 1167 1523 1258 1606; x_wconf 84' lang='grc' dir='ltr'><strong><em>κίνη-</em></strong></span> <span class='ocrx_word' id='word_1_93' title='bbox 1273 1541 1298 1580; x_wconf 81' lang='grc' dir='ltr'>ιο</span> 
     </span>
     <span class='ocr_line' id='line_1_12' title="bbox 112 1615 1259 1712; baseline 0.005 -26"><span class='ocrx_word' id='word_1_94' title='bbox 112 1640 168 1686; x_wconf 87' lang='grc' dir='ltr'>σιν</span> <span class='ocrx_word' id='word_1_95' title='bbox 191 1615 427 1688; x_wconf 83' lang='grc' dir='ltr'><strong><em>ἀπολλύουσιν.</em></strong></span> <span class='ocrx_word' id='word_1_96' title='bbox 463 1617 546 1688; x_wconf 82' lang='grc' dir='ltr'><strong><em>ἀλλὰ</em></strong></span> <span class='ocrx_word' id='word_1_97' title='bbox 570 1629 660 1708; x_wconf 84' lang='grc' dir='ltr'><strong><em>είττερ</em></strong></span> <span class='ocrx_word' id='word_1_98' title='bbox 679 1618 904 1710; x_wconf 84' lang='grc' dir='ltr'><strong><em>ἀναίσχυντόν</em></strong></span> <span class='ocrx_word' id='word_1_99' title='bbox 928 1623 996 1690; x_wconf 88' lang='grc' dir='ltr'><strong><em>έστι</em></strong></span> <span class='ocrx_word' id='word_1_100' title='bbox 1019 1621 1078 1704; x_wconf 80' lang='grc' dir='ltr'><strong><em>τὰς</em></strong></span> <span class='ocrx_word' id='word_1_101' title='bbox 1100 1621 1259 1712; x_wconf 89' lang='grc' dir='ltr'><strong><em>ἀρτηρίας</em></strong></span> 
     </span>
     <span class='ocr_line' id='line_1_13' title="bbox 112 1725 1257 1818; baseline 0.004 -25"><span class='ocrx_word' id='word_1_102' title='bbox 112 1727 276 1816; x_wconf 78' lang='grc' dir='ltr'><strong><em>ἑτέρωθεν</em></strong></span> <span class='ocrx_word' id='word_1_103' title='bbox 304 1725 466 1814; x_wconf 79' lang='grc' dir='ltr'><strong><em>ἄρχεσθαι</em></strong></span> <span class='ocrx_word' id='word_1_104' title='bbox 495 1727 615 1814; x_wconf 86' lang='grc' dir='ltr'><strong><em>φάναι,</em></strong></span> <span class='ocrx_word' id='word_1_105' title='bbox 644 1727 683 1796; x_wconf 82' lang='grc' dir='ltr'><strong><em>τά</em></strong></span> <span class='ocrx_word' id='word_1_106' title='bbox 707 1730 843 1816; x_wconf 76' lang='grc' dir='ltr'><strong><em>μέγιστα</em></strong></span> <span class='ocrx_word' id='word_1_107' title='bbox 870 1727 971 1815; x_wconf 88' lang='grc' dir='ltr'><strong><em>μόρια</em></strong></span> <span class='ocrx_word' id='word_1_108' title='bbox 998 1732 1066 1798; x_wconf 87' lang='grc' dir='ltr'><strong><em>τῶν</em></strong></span> <span class='ocrx_word' id='word_1_109' title='bbox 1089 1726 1257 1818; x_wconf 77' lang='grc' dir='ltr'><strong><em>ἀρτηριῶν</em></strong></span> 
     </span>
    </p>
   </div>
   <div class='ocr_carea' id='block_1_4' title="bbox 110 1827 1296 2348">
    <p class='ocr_par' dir='ltr' id='par_1_4' title="bbox 110 1827 1296 2348">
     <span class='ocr_line' id='line_1_14' title="bbox 112 1827 1258 1922; baseline 0.005 -22"><span class='ocrx_word' id='word_1_110' title='bbox 112 1829 209 1920; x_wconf 81' lang='grc' dir='ltr'><strong><em>ἀρχαὶ</em></strong></span> <span class='ocrx_word' id='word_1_111' title='bbox 232 1837 301 1901; x_wconf 88' lang='grc' dir='ltr'><strong><em>τῶν</em></strong></span> <span class='ocrx_word' id='word_1_112' title='bbox 323 1834 550 1920; x_wconf 86' lang='grc' dir='ltr'><strong><em>σμικροτέρων</em></strong></span> <span class='ocrx_word' id='word_1_113' title='bbox 577 1833 783 1921; x_wconf 80' lang='grc' dir='ltr'><strong><em>γενήσονται.</em></strong></span> <span class='ocrx_word' id='word_1_114' title='bbox 829 1831 1005 1922; x_wconf 79' lang='grc' dir='ltr'><strong><em>εὐρύταται</em></strong></span> <span class='ocrx_word' id='word_1_115' title='bbox 1029 1827 1092 1904; x_wconf 87' lang='grc' dir='ltr'>οὖν</span> <span class='ocrx_word' id='word_1_116' title='bbox 1120 1833 1258 1906; x_wconf 84' lang='grc' dir='ltr'><strong><em>ἀπασῶν</em></strong></span> 
     </span>
     <span class='ocr_line' id='line_1_15' title="bbox 111 1935 1257 2030; baseline 0.004 -24"><span class='ocrx_word' id='word_1_117' title='bbox 111 1943 174 2007; x_wconf 79' lang='grc' dir='ltr'><strong><em>είσι</em></strong></span> <span class='ocrx_word' id='word_1_118' title='bbox 197 1943 259 2007; x_wconf 80' lang='grc' dir='ltr'><strong><em>τοῦ</em></strong></span> <span class='ocrx_word' id='word_1_119' title='bbox 282 1939 368 2030; x_wconf 76' lang='grc' dir='ltr'><strong><em>ζῶον</em></strong></span> <span class='ocrx_word' id='word_1_120' title='bbox 390 1935 557 2025; x_wconf 86' lang='grc' dir='ltr'><strong><em>ἀρτηριῶν</em></strong></span> <span class='ocrx_word' id='word_1_121' title='bbox 581 1943 619 2006; x_wconf 91' lang='grc' dir='ltr'>αί</span> <span class='ocrx_word' id='word_1_122' title='bbox 637 1944 695 2028; x_wconf 84' lang='grc' dir='ltr'><strong><em>τῆς</em></strong></span> <span class='ocrx_word' id='word_1_123' title='bbox 717 1945 855 2028; x_wconf 85' lang='grc' dir='ltr'><strong><em>καρδίας</em></strong></span> <span class='ocrx_word' id='word_1_124' title='bbox 878 1940 1092 2028; x_wconf 85' lang='grc' dir='ltr'><strong><em>έκφυόμευαι,</em></strong></span> <span class='ocrx_word' id='word_1_125' title='bbox 1114 1941 1257 2030; x_wconf 77' lang='grc' dir='ltr'><strong><em>παχύτα-</em></strong></span> 
     </span>
     <span class='ocr_line' id='line_1_16' title="bbox 110 2044 1296 2134; baseline 0.004 -21"><span class='ocrx_word' id='word_1_126' title='bbox 110 2073 162 2114; x_wconf 90' lang='grc' dir='ltr'><strong><em>ται</em></strong></span> <span class='ocrx_word' id='word_1_127' title='bbox 193 2045 228 2113; x_wconf 69' lang='grc' dir='ltr'>δέ</span> <span class='ocrx_word' id='word_1_128' title='bbox 256 2045 311 2112; x_wconf 81' lang='grc' dir='ltr'>καὶ</span> <span class='ocrx_word' id='word_1_129' title='bbox 338 2049 406 2113; x_wconf 90' lang='grc' dir='ltr'><strong><em>τῶν</em></strong></span> <span class='ocrx_word' id='word_1_130' title='bbox 434 2045 566 2132; x_wconf 85' lang='grc' dir='ltr'><strong><em>υεάρωυ</em></strong></span> <span class='ocrx_word' id='word_1_131' title='bbox 594 2049 631 2114; x_wconf 82' lang='grc' dir='ltr'>αἱ</span> <span class='ocrx_word' id='word_1_132' title='bbox 656 2044 769 2134; x_wconf 90' lang='grc' dir='ltr'><strong><em>ἀρχαί,</em></strong></span> <span class='ocrx_word' id='word_1_133' title='bbox 801 2045 953 2133; x_wconf 85' lang='grc' dir='ltr'><strong><em>καθάπερ</em></strong></span> <span class='ocrx_word' id='word_1_134' title='bbox 983 2049 1020 2115; x_wconf 86' lang='grc' dir='ltr'>έν</span> <span class='ocrx_word' id='word_1_135' title='bbox 1042 2063 1112 2127; x_wconf 81' lang='grc' dir='ltr'><strong><em>τοῖς</em></strong></span> <span class='ocrx_word' id='word_1_136' title='bbox 1139 2064 1257 2134; x_wconf 84' lang='grc' dir='ltr'><strong><em>φυτοῖς</em></strong></span> <span class='ocrx_word' id='word_1_137' title='bbox 1271 2072 1296 2112; x_wconf 72' lang='grc' dir='ltr'>ιε</span> 
     </span>
     <span class='ocr_line' id='line_1_17' title="bbox 110 2149 1256 2241; baseline 0.004 -23"><span class='ocrx_word' id='word_1_138' title='bbox 110 2150 271 2237; x_wconf 75' lang='grc' dir='ltr'><strong><em>τάχιστον</em></strong></span> <span class='ocrx_word' id='word_1_139' title='bbox 293 2149 354 2238; x_wconf 78' lang='grc' dir='ltr'>μέν</span> <span class='ocrx_word' id='word_1_140' title='bbox 376 2151 413 2220; x_wconf 88' lang='grc' dir='ltr'><strong><em>τὸ</em></strong></span> <span class='ocrx_word' id='word_1_141' title='bbox 437 2155 586 2240; x_wconf 78' lang='grc' dir='ltr'><strong><em>πρέμνον</em></strong></span> <span class='ocrx_word' id='word_1_142' title='bbox 609 2149 856 2220; x_wconf 80' lang='grc' dir='ltr'><strong><em>ἁπάντωντῶν</em></strong></span> <span class='ocrx_word' id='word_1_143' title='bbox 879 2151 1028 2238; x_wconf 89' lang='grc' dir='ltr'><strong><em>κλάδων,</em></strong></span> <span class='ocrx_word' id='word_1_144' title='bbox 1055 2159 1194 2241; x_wconf 83' lang='grc' dir='ltr'><strong><em>παχίστη</em></strong></span> <span class='ocrx_word' id='word_1_145' title='bbox 1219 2155 1256 2223; x_wconf 77' lang='grc' dir='ltr'>δέ</span> 
     </span>
     <span class='ocr_line' id='line_1_18' title="bbox 113 2254 1256 2348; baseline 0.004 -24"><span class='ocrx_word' id='word_1_146' title='bbox 113 2254 131 2343; x_wconf 63' lang='lat' dir='ltr'>i]</span> <span class='ocrx_word' id='word_1_147' title='bbox 150 2259 280 2343; x_wconf 82' lang='grc' dir='ltr'><strong><em>ῥίζωσις</em></strong></span> <span class='ocrx_word' id='word_1_148' title='bbox 298 2259 366 2324; x_wconf 89' lang='grc' dir='ltr'><strong><em>τῶν</em></strong></span> <span class='ocrx_word' id='word_1_149' title='bbox 384 2259 492 2343; x_wconf 81' lang='grc' dir='ltr'><strong><em>ῥιζῶν.</em></strong></span> <span class='ocrx_word' id='word_1_150' title='bbox 533 2255 684 2345; x_wconf 79' lang='grc' dir='ltr'><strong><em>ὀνομάζω</em></strong></span> <span class='ocrx_word' id='word_1_151' title='bbox 704 2257 741 2326; x_wconf 80' lang='lat' dir='ltr'>dl</span> <span class='ocrx_word' id='word_1_152' title='bbox 760 2260 895 2344; x_wconf 72' lang='grc' dir='ltr'><strong><em>ῥίζωσιν</em></strong></span> <span class='ocrx_word' id='word_1_153' title='bbox 918 2257 954 2325; x_wconf 87' lang='grc' dir='ltr'><strong><em>τὸ</em></strong></span> <span class='ocrx_word' id='word_1_154' title='bbox 975 2257 1128 2327; x_wconf 83' lang='grc' dir='ltr'><strong><em>κάτωθεν</em></strong></span> <span class='ocrx_word' id='word_1_155' title='bbox 1145 2261 1256 2348; x_wconf 86' lang='grc' dir='ltr'><strong><em>μέρος,</em></strong></span> 
     </span>
    </p>
   </div>
   <div class='ocr_carea' id='block_1_5' title="bbox 110 2449 1256 2666">
    <p class='ocr_par' dir='ltr' id='par_1_5' title="bbox 110 2449 1256 2666">
     <span class='ocr_line' id='line_1_19' title="bbox 147 2449 1256 2524; baseline 0.001 -16"><span class='ocrx_word' id='word_1_156' title='bbox 147 2449 338 2524; x_wconf 69' lang='grc' dir='ltr'><strong><em>θάναχυντία</em></strong></span> <span class='ocrx_word' id='word_1_157' title='bbox 362 2453 398 2507; x_wconf 80' lang='grc' dir='ltr'>Μ.</span> <span class='ocrx_word' id='word_1_158' title='bbox 423 2483 455 2492; x_wconf 91' lang='grc'>-</span> <span class='ocrx_word' id='word_1_159' title='bbox 481 2460 546 2522; x_wconf 72' lang='lat' dir='ltr'>dyc</span> <span class='ocrx_word' id='word_1_160' title='bbox 566 2451 598 2508; x_wconf 76' lang='lat' dir='ltr'>di</span> <span class='ocrx_word' id='word_1_161' title='bbox 624 2469 692 2508; x_wconf 85' lang='lat' dir='ltr'>corr.</span> <span class='ocrx_word' id='word_1_162' title='bbox 712 2453 772 2508; x_wconf 83' lang='lat' dir='ltr'>eud.</span> <span class='ocrx_word' id='word_1_163' title='bbox 796 2469 880 2506; x_wconf 73' lang='lat' dir='ltr'>manu</span> <span class='ocrx_word' id='word_1_164' title='bbox 898 2453 927 2506; x_wconf 93' lang='lat' dir='ltr'>in</span> <span class='ocrx_word' id='word_1_165' title='bbox 950 2472 975 2521; x_wconf 81' lang='grc' dir='ltr'>γ.</span> <span class='ocrx_word' id='word_1_166' title='bbox 994 2449 1029 2522; x_wconf 85' lang='grc' dir='ltr'>δὴ</span> <span class='ocrx_word' id='word_1_167' title='bbox 1049 2453 1086 2512; x_wconf 80' lang='grc' dir='ltr'>Μ.</span> <span class='ocrx_word' id='word_1_168' title='bbox 1105 2483 1140 2496; x_wconf 90' lang='lat'>-</span> <span class='ocrx_word' id='word_1_169' title='bbox 1165 2461 1180 2508; x_wconf 83' lang='grc'><strong>7</strong></span> <span class='ocrx_word' id='word_1_170' title='bbox 1200 2455 1256 2510; x_wconf 81' lang='grc' dir='ltr'><strong><em>τῶν</em></strong></span> 
     </span>
     <span class='ocr_line' id='line_1_20' title="bbox 111 2517 1254 2594; baseline 0 -14"><span class='ocrx_word' id='word_1_171' title='bbox 111 2543 164 2580; x_wconf 88' lang='lat' dir='ltr'>om.</span> <span class='ocrx_word' id='word_1_172' title='bbox 189 2524 226 2579; x_wconf 84' lang='grc' dir='ltr'>Μ.</span> <span class='ocrx_word' id='word_1_173' title='bbox 253 2557 285 2568; x_wconf 85' lang='grc'><strong>-</strong></span> <span class='ocrx_word' id='word_1_174' title='bbox 315 2531 346 2579; x_wconf 82' lang='grc'>16</span> <span class='ocrx_word' id='word_1_175' title='bbox 370 2519 533 2594; x_wconf 81' lang='grc' dir='ltr'><strong><em>καχίτατον</em></strong></span> <span class='ocrx_word' id='word_1_176' title='bbox 557 2521 664 2580; x_wconf 85' lang='lat' dir='ltr'><strong>BChK.</strong></span> <span class='ocrx_word' id='word_1_177' title='bbox 688 2554 722 2564; x_wconf 97' lang='lat'>-</span> <span class='ocrx_word' id='word_1_178' title='bbox 747 2529 779 2577; x_wconf 76' lang='lat'>17</span> <span class='ocrx_word' id='word_1_179' title='bbox 803 2517 835 2578; x_wconf 84' lang='grc' dir='ltr'><strong><em>τὸ</em></strong></span> <span class='ocrx_word' id='word_1_180' title='bbox 859 2519 992 2578; x_wconf 80' lang='grc' dir='ltr'><strong><em>κάτωθεν</em></strong></span> <span class='ocrx_word' id='word_1_181' title='bbox 1015 2523 1100 2594; x_wconf 80' lang='grc' dir='ltr'><strong><em>μέρος</em></strong></span> <span class='ocrx_word' id='word_1_182' title='bbox 1122 2525 1151 2580; x_wconf 92' lang='lat' dir='ltr'>in</span> <span class='ocrx_word' id='word_1_183' title='bbox 1175 2525 1254 2582; x_wconf 84' lang='lat' dir='ltr'>codd.</span> 
     </span>
     <span class='ocr_line' id='line_1_21' title="bbox 110 2589 1131 2666; baseline -0.001 -15"><span class='ocrx_word' id='word_1_184' title='bbox 110 2597 171 2652; x_wconf 87' lang='lat' dir='ltr'>edd.</span> <span class='ocrx_word' id='word_1_185' title='bbox 192 2597 264 2650; x_wconf 81' lang='lat' dir='ltr'>inter</span> <span class='ocrx_word' id='word_1_186' title='bbox 283 2591 431 2650; x_wconf 67' lang='grc' dir='ltr'><strong><em>ἐδείκνυον</em></strong></span> <span class='ocrx_word' id='word_1_187' title='bbox 450 2598 479 2650; x_wconf 85' lang='lat' dir='ltr'>et</span> <span class='ocrx_word' id='word_1_188' title='bbox 496 2589 588 2666; x_wconf 80' lang='grc' dir='ltr'><strong><em>ἀρχὴν</em></strong></span> <span class='ocrx_word' id='word_1_189' title='bbox 607 2595 793 2662; x_wconf 65' lang='lat' dir='ltr'>collocatum</span> <span class='ocrx_word' id='word_1_190' title='bbox 813 2593 848 2650; x_wconf 79' lang='lat' dir='ltr'>ci.</span> <span class='ocrx_word' id='word_1_191' title='bbox 866 2595 951 2650; x_wconf 86' lang='lat' dir='ltr'>Proll.</span> <span class='ocrx_word' id='word_1_192' title='bbox 970 2612 997 2665; x_wconf 86' lang='lat' dir='ltr'>p.</span> <span class='ocrx_word' id='word_1_193' title='bbox 1018 2601 1077 2652; x_wconf 81' lang='lat'>121.</span> <span class='ocrx_word' id='word_1_194' title='bbox 1098 2626 1131 2637; x_wconf 98' lang='lat'>-</span> 
     </span>
    </p>
   </div>
   <div class='ocr_carea' id='block_1_6' title="bbox 94 2793 1255 4478">
    <p class='ocr_par' dir='ltr' id='par_1_6' title="bbox 94 2793 1255 4478">
     <span class='ocr_line' id='line_1_22' title="bbox 110 2793 1254 2882; baseline 0.001 -21"><span class='ocrx_word' id='word_1_195' title='bbox 110 2797 231 2882; x_wconf 87' lang='lat' dir='ltr'>partim</span> <span class='ocrx_word' id='word_1_196' title='bbox 259 2795 314 2878; x_wconf 89' lang='lat' dir='ltr'>iis,</span> <span class='ocrx_word' id='word_1_197' title='bbox 345 2815 427 2878; x_wconf 90' lang='lat' dir='ltr'>quae</span> <span class='ocrx_word' id='word_1_198' title='bbox 455 2794 490 2858; x_wconf 93' lang='lat' dir='ltr'>in</span> <span class='ocrx_word' id='word_1_199' title='bbox 518 2794 675 2880; x_wconf 84' lang='lat' dir='ltr'><strong>stirpibus</strong></span> <span class='ocrx_word' id='word_1_200' title='bbox 708 2815 852 2879; x_wconf 89' lang='lat' dir='ltr'>quaeque</span> <span class='ocrx_word' id='word_1_201' title='bbox 881 2793 914 2858; x_wconf 94' lang='lat' dir='ltr'>in</span> <span class='ocrx_word' id='word_1_202' title='bbox 943 2795 1071 2860; x_wconf 85' lang='lat' dir='ltr'>arteriis</span> <span class='ocrx_word' id='word_1_203' title='bbox 1100 2800 1133 2860; x_wconf 89' lang='lat' dir='ltr'>ct</span> <span class='ocrx_word' id='word_1_204' title='bbox 1158 2793 1254 2864; x_wconf 80' lang='lat' dir='ltr'>corde</span> 
     </span>
     <span class='ocr_line' id='line_1_23' title="bbox 110 2899 1254 2986; baseline 0.001 -18"><span class='ocrx_word' id='word_1_205' title='bbox 110 2902 415 2968; x_wconf 86' lang='lat' dir='ltr'>animadvertuntur.</span> <span class='ocrx_word' id='word_1_206' title='bbox 460 2900 685 2986; x_wconf 87' lang='lat' dir='ltr'>Impudentiae</span> <span class='ocrx_word' id='word_1_207' title='bbox 714 2899 800 2964; x_wconf 86' lang='lat' dir='ltr'>enim</span> <span class='ocrx_word' id='word_1_208' title='bbox 823 2900 935 2985; x_wconf 88' lang='lat' dir='ltr'>utique</span> <span class='ocrx_word' id='word_1_209' title='bbox 959 2904 1009 2965; x_wconf 87' lang='lat' dir='ltr'>est</span> <span class='ocrx_word' id='word_1_210' title='bbox 1036 2901 1123 2966; x_wconf 92' lang='lat' dir='ltr'>aliud</span> <span class='ocrx_word' id='word_1_211' title='bbox 1147 2903 1254 2969; x_wconf 83' lang='lat' dir='ltr'>viscus</span> 
     </span>
     <span class='ocr_line' id='line_1_24' title="bbox 109 3005 1255 3096; baseline -0.001 -20"><span class='ocrx_word' id='word_1_212' title='bbox 109 3033 206 3096; x_wconf 91' lang='lat' dir='ltr'>quam</span> <span class='ocrx_word' id='word_1_213' title='bbox 244 3031 299 3074; x_wconf 90' lang='lat' dir='ltr'>cor</span> <span class='ocrx_word' id='word_1_214' title='bbox 340 3007 533 3072; x_wconf 77' lang='lat' dir='ltr'>arteriarum</span> <span class='ocrx_word' id='word_1_215' title='bbox 574 3007 769 3091; x_wconf 89' lang='lat' dir='ltr'>principium</span> <span class='ocrx_word' id='word_1_216' title='bbox 807 3008 1014 3072; x_wconf 87' lang='lat' dir='ltr'>constituere.</span> <span class='ocrx_word' id='word_1_217' title='bbox 1073 3005 1255 3076; x_wconf 84' lang='lat' dir='ltr'>Comuntur</span> 
     </span>
     <span class='ocr_line' id='line_1_25' title="bbox 109 3111 1253 3204; baseline -0.001 -22"><span class='ocrx_word' id='word_1_218' title='bbox 109 3117 238 3204; x_wconf 88' lang='lat' dir='ltr'>quidem</span> <span class='ocrx_word' id='word_1_219' title='bbox 268 3114 419 3196; x_wconf 74' lang='lat' dir='ltr'>arteriae,</span> <span class='ocrx_word' id='word_1_220' title='bbox 449 3117 623 3199; x_wconf 85' lang='lat' dir='ltr'>antequam</span> <span class='ocrx_word' id='word_1_221' title='bbox 647 3135 663 3178; x_wconf 91' lang='lat' dir='ltr'>e</span> <span class='ocrx_word' id='word_1_222' title='bbox 692 3135 826 3197; x_wconf 89' lang='lat' dir='ltr'>corpore</span> <span class='ocrx_word' id='word_1_223' title='bbox 855 3111 1055 3197; x_wconf 74' lang='lat' dir='ltr'>excidantur,</span> <span class='ocrx_word' id='word_1_224' title='bbox 1088 3115 1116 3178; x_wconf 89' lang='lat' dir='ltr'>si</span> <span class='ocrx_word' id='word_1_225' title='bbox 1138 3115 1253 3200; x_wconf 88' lang='lat' dir='ltr'>laqueo</span> 
     </span>
     <span class='ocr_line' id='line_1_26' title="bbox 108 3217 1252 3307; baseline -0.001 -18"><span class='ocrx_word' id='word_1_226' title='bbox 108 3225 306 3307; x_wconf 74' lang='lat' dir='ltr'>interceptae</span> <span class='ocrx_word' id='word_1_227' title='bbox 351 3225 458 3304; x_wconf 87' lang='lat' dir='ltr'>erunt,</span> <span class='ocrx_word' id='word_1_228' title='bbox 505 3223 630 3286; x_wconf 88' lang='lat' dir='ltr'>motum</span> <span class='ocrx_word' id='word_1_229' title='bbox 677 3220 827 3284; x_wconf 88' lang='lat' dir='ltr'>amittere</span> <span class='ocrx_word' id='word_1_230' title='bbox 875 3217 1064 3302; x_wconf 83' lang='lat' dir='ltr'>manifesto,</span> <span class='ocrx_word' id='word_1_231' title='bbox 1114 3222 1252 3288; x_wconf 84' lang='lat' dir='ltr'>maxime</span> 
     </span>
     <span class='ocr_line' id='line_1_27' title="bbox 94 3326 1254 3412; baseline 0.005 -24"><span class='ocrx_word' id='word_1_232' title='bbox 94 3353 184 3395; x_wconf 87' lang='lat' dir='ltr'>.vero</span> <span class='ocrx_word' id='word_1_233' title='bbox 212 3335 295 3412; x_wconf 88' lang='lat' dir='ltr'>tum,</span> <span class='ocrx_word' id='word_1_234' title='bbox 324 3349 396 3392; x_wconf 90' lang='lat' dir='ltr'>cum</span> <span class='ocrx_word' id='word_1_235' title='bbox 428 3327 549 3392; x_wconf 81' lang='lat' dir='ltr'>recisae</span> <span class='ocrx_word' id='word_1_236' title='bbox 578 3348 616 3392; x_wconf 89' lang='lat' dir='ltr'>ao</span> <span class='ocrx_word' id='word_1_237' title='bbox 642 3326 772 3411; x_wconf 89' lang='lat' dir='ltr'>penitus</span> <span class='ocrx_word' id='word_1_238' title='bbox 800 3327 971 3410; x_wconf 84' lang='lat' dir='ltr'>separatae</span> <span class='ocrx_word' id='word_1_239' title='bbox 999 3330 1107 3412; x_wconf 80' lang='lat' dir='ltr'>erunt3</span> <span class='ocrx_word' id='word_1_240' title='bbox 1136 3333 1171 3392; x_wconf 91' lang='lat' dir='ltr'>at</span> <span class='ocrx_word' id='word_1_241' title='bbox 1198 3351 1254 3394; x_wconf 88' lang='lat' dir='ltr'>cor</span> 
     </span>
     <span class='ocr_line' id='line_1_28' title="bbox 109 3431 1252 3519; baseline 0 -21"><span class='ocrx_word' id='word_1_242' title='bbox 109 3436 214 3501; x_wconf 89' lang='lat' dir='ltr'>solum</span> <span class='ocrx_word' id='word_1_243' title='bbox 238 3459 275 3498; x_wconf 87' lang='lat' dir='ltr'>ex</span> <span class='ocrx_word' id='word_1_244' title='bbox 304 3433 455 3500; x_wconf 88' lang='lat' dir='ltr'>omnibus</span> <span class='ocrx_word' id='word_1_245' title='bbox 484 3433 634 3498; x_wconf 87' lang='lat' dir='ltr'>animalis</span> <span class='ocrx_word' id='word_1_246' title='bbox 662 3431 841 3498; x_wconf 82' lang='lat' dir='ltr'>visceribus</span> <span class='ocrx_word' id='word_1_247' title='bbox 869 3436 1030 3498; x_wconf 87' lang='lat' dir='ltr'>exemtum</span> <span class='ocrx_word' id='word_1_248' title='bbox 1059 3456 1155 3519; x_wconf 90' lang='lat' dir='ltr'>quam</span> <span class='ocrx_word' id='word_1_249' title='bbox 1183 3435 1252 3500; x_wconf 92' lang='lat' dir='ltr'>diu-</span> 
     </span>
     <span class='ocr_line' id='line_1_29' title="bbox 108 3538 1251 3626; baseline 0.001 -22"><span class='ocrx_word' id='word_1_250' title='bbox 108 3541 233 3606; x_wconf 78' lang='lat' dir='ltr'>tissime</span> <span class='ocrx_word' id='word_1_251' title='bbox 265 3540 448 3606; x_wconf 88' lang='lat' dir='ltr'>naturalem</span> <span class='ocrx_word' id='word_1_252' title='bbox 481 3561 574 3604; x_wconf 87' lang='lat' dir='ltr'>suam</span> <span class='ocrx_word' id='word_1_253' title='bbox 606 3539 804 3604; x_wconf 88' lang='lat' dir='ltr'>functionem</span> <span class='ocrx_word' id='word_1_254' title='bbox 837 3538 973 3604; x_wconf 88' lang='lat' dir='ltr'>retinere</span> <span class='ocrx_word' id='word_1_255' title='bbox 979 3590 987 3622; x_wconf 91' lang='lat'><em>,</em></span> <span class='ocrx_word' id='word_1_256' title='bbox 1020 3540 1139 3625; x_wconf 89' lang='lat' dir='ltr'>quippe</span> <span class='ocrx_word' id='word_1_257' title='bbox 1167 3541 1251 3626; x_wconf 87' lang='lat' dir='ltr'>quod</span> 
     </span>
     <span class='ocr_line' id='line_1_30' title="bbox 109 3645 1251 3732; baseline 0.002 -22"><span class='ocrx_word' id='word_1_258' title='bbox 109 3649 141 3710; x_wconf 86' lang='lat' dir='ltr'>et</span> <span class='ocrx_word' id='word_1_259' title='bbox 164 3646 295 3712; x_wconf 88' lang='lat' dir='ltr'>sibimet</span> <span class='ocrx_word' id='word_1_260' title='bbox 322 3646 387 3731; x_wconf 90' lang='lat' dir='ltr'>ipsi</span> <span class='ocrx_word' id='word_1_261' title='bbox 411 3649 443 3710; x_wconf 91' lang='lat' dir='ltr'>et</span> <span class='ocrx_word' id='word_1_262' title='bbox 466 3646 520 3727; x_wconf 89' lang='lat' dir='ltr'>iis,</span> <span class='ocrx_word' id='word_1_263' title='bbox 548 3667 630 3730; x_wconf 91' lang='lat' dir='ltr'>quae</span> <span class='ocrx_word' id='word_1_264' title='bbox 654 3645 695 3710; x_wconf 92' lang='lat' dir='ltr'>ab</span> <span class='ocrx_word' id='word_1_265' title='bbox 719 3667 756 3710; x_wconf 90' lang='lat' dir='ltr'>eo</span> <span class='ocrx_word' id='word_1_266' title='bbox 781 3649 928 3728; x_wconf 88' lang='lat' dir='ltr'>manant,</span> <span class='ocrx_word' id='word_1_267' title='bbox 951 3649 1058 3711; x_wconf 89' lang='lat' dir='ltr'>motus</span> <span class='ocrx_word' id='word_1_268' title='bbox 1083 3646 1175 3732; x_wconf 83' lang='lat' dir='ltr'>origo</span> <span class='ocrx_word' id='word_1_269' title='bbox 1199 3648 1251 3712; x_wconf 81' lang='lat' dir='ltr'>sit</span> 
     </span>
     <span class='ocr_line' id='line_1_31' title="bbox 109 3751 1252 3838; baseline 0.002 -22"><span class='ocrx_word' id='word_1_270' title='bbox 109 3751 230 3829; x_wconf 88' lang='lat' dir='ltr'>Quodsi</span> <span class='ocrx_word' id='word_1_271' title='bbox 262 3751 391 3816; x_wconf 88' lang='lat' dir='ltr'>aliunde</span> <span class='ocrx_word' id='word_1_272' title='bbox 423 3752 528 3816; x_wconf 88' lang='lat' dir='ltr'>dicere</span> <span class='ocrx_word' id='word_1_273' title='bbox 564 3751 724 3837; x_wconf 83' lang='lat' dir='ltr'>originem</span> <span class='ocrx_word' id='word_1_274' title='bbox 752 3751 942 3816; x_wconf 85' lang='lat' dir='ltr'>arteriarum</span> <span class='ocrx_word' id='word_1_275' title='bbox 970 3751 1125 3816; x_wconf 83' lang='lat' dir='ltr'>exsistere</span> <span class='ocrx_word' id='word_1_276' title='bbox 1148 3753 1252 3838; x_wconf 90' lang='lat' dir='ltr'>impu·</span> 
     </span>
     <span class='ocr_line' id='line_1_32' title="bbox 108 3857 1251 3943; baseline 0.001 -20"><span class='ocrx_word' id='word_1_277' title='bbox 108 3859 234 3923; x_wconf 90' lang='lat' dir='ltr'>dentiae</span> <span class='ocrx_word' id='word_1_278' title='bbox 253 3861 312 3942; x_wconf 82' lang='lat' dir='ltr'>est,</span> <span class='ocrx_word' id='word_1_279' title='bbox 335 3857 495 3923; x_wconf 85' lang='lat' dir='ltr'>maximae</span> <span class='ocrx_word' id='word_1_280' title='bbox 514 3857 708 3922; x_wconf 86' lang='lat' dir='ltr'>arteriarum</span> <span class='ocrx_word' id='word_1_281' title='bbox 731 3861 840 3941; x_wconf 88' lang='lat' dir='ltr'>partes</span> <span class='ocrx_word' id='word_1_282' title='bbox 864 3857 1071 3922; x_wconf 90' lang='lat' dir='ltr'>minimarum</span> <span class='ocrx_word' id='word_1_283' title='bbox 1089 3859 1251 3943; x_wconf 90' lang='lat' dir='ltr'>principia</span> 
     </span>
     <span class='ocr_line' id='line_1_33' title="bbox 108 3963 1250 4030; baseline 0 0"><span class='ocrx_word' id='word_1_284' title='bbox 108 3969 209 4030; x_wconf 88' lang='lat' dir='ltr'>erunt.</span> <span class='ocrx_word' id='word_1_285' title='bbox 263 3963 339 4029; x_wconf 88' lang='lat' dir='ltr'>Jam</span> <span class='ocrx_word' id='word_1_286' title='bbox 377 3963 557 4028; x_wconf 84' lang='lat' dir='ltr'>latissimae</span> <span class='ocrx_word' id='word_1_287' title='bbox 590 3964 734 4030; x_wconf 92' lang='lat' dir='ltr'>omnium</span> <span class='ocrx_word' id='word_1_288' title='bbox 766 3963 916 4029; x_wconf 87' lang='lat' dir='ltr'>animalis</span> <span class='ocrx_word' id='word_1_289' title='bbox 950 3964 1141 4030; x_wconf 87' lang='lat' dir='ltr'>arteriarum</span> <span class='ocrx_word' id='word_1_290' title='bbox 1173 3964 1250 4030; x_wconf 87' lang='lat' dir='ltr'>illae</span> 
     </span>
     <span class='ocr_line' id='line_1_34' title="bbox 108 4069 1250 4156; baseline 0 -20"><span class='ocrx_word' id='word_1_291' title='bbox 108 4073 194 4156; x_wconf 87' lang='lat' dir='ltr'>sunt,</span> <span class='ocrx_word' id='word_1_292' title='bbox 222 4092 304 4156; x_wconf 89' lang='lat' dir='ltr'>quae</span> <span class='ocrx_word' id='word_1_293' title='bbox 328 4093 344 4134; x_wconf 89' lang='lat' dir='ltr'>e</span> <span class='ocrx_word' id='word_1_294' title='bbox 372 4069 466 4136; x_wconf 87' lang='lat' dir='ltr'>corde</span> <span class='ocrx_word' id='word_1_295' title='bbox 493 4069 755 4154; x_wconf 78' lang='lat' dir='ltr'>proficiscuntur3</span> <span class='ocrx_word' id='word_1_296' title='bbox 782 4091 956 4134; x_wconf 82' lang='lat' dir='ltr'>nervorum</span> <span class='ocrx_word' id='word_1_297' title='bbox 979 4069 1079 4134; x_wconf 89' lang='lat' dir='ltr'>etiam</span> <span class='ocrx_word' id='word_1_298' title='bbox 1107 4071 1250 4156; x_wconf 81' lang='lat' dir='ltr'>origines</span> 
     </span>
     <span class='ocr_line' id='line_1_35' title="bbox 108 4175 1249 4260; baseline -0.002 -18"><span class='ocrx_word' id='word_1_299' title='bbox 108 4182 183 4244; x_wconf 90' lang='lat' dir='ltr'>sunt</span> <span class='ocrx_word' id='word_1_300' title='bbox 205 4175 439 4260; x_wconf 66' lang='lat' dir='ltr'>crassissimae²</span> <span class='ocrx_word' id='word_1_301' title='bbox 463 4177 547 4242; x_wconf 88' lang='lat' dir='ltr'>sicut</span> <span class='ocrx_word' id='word_1_302' title='bbox 570 4178 605 4242; x_wconf 90' lang='lat' dir='ltr'>in</span> <span class='ocrx_word' id='word_1_303' title='bbox 628 4177 784 4260; x_wconf 86' lang='lat' dir='ltr'>stirpibus</span> <span class='ocrx_word' id='word_1_304' title='bbox 808 4180 841 4239; x_wconf 89' lang='lat' dir='ltr'>et</span> <span class='ocrx_word' id='word_1_305' title='bbox 866 4179 1011 4240; x_wconf 78' lang='lat' dir='ltr'>truncus·</span> <span class='ocrx_word' id='word_1_306' title='bbox 1024 4176 1123 4240; x_wconf 89' lang='lat' dir='ltr'>ramis</span> <span class='ocrx_word' id='word_1_307' title='bbox 1148 4177 1249 4242; x_wconf 93' lang='lat' dir='ltr'>omni-</span> 
     </span>
     <span class='ocr_line' id='line_1_36' title="bbox 107 4281 1249 4368; baseline -0.004 -18"><span class='ocrx_word' id='word_1_308' title='bbox 107 4285 166 4350; x_wconf 90' lang='lat' dir='ltr'>bus</span> <span class='ocrx_word' id='word_1_309' title='bbox 190 4289 223 4349; x_wconf 92' lang='lat' dir='ltr'>et</span> <span class='ocrx_word' id='word_1_310' title='bbox 245 4283 403 4350; x_wconf 86' lang='lat' dir='ltr'>radicatio</span> <span class='ocrx_word' id='word_1_311' title='bbox 426 4282 589 4348; x_wconf 84' lang='lat' dir='ltr'>radicibus</span> <span class='ocrx_word' id='word_1_312' title='bbox 618 4282 698 4368; x_wconf 87' lang='lat' dir='ltr'>ipsis</span> <span class='ocrx_word' id='word_1_313' title='bbox 721 4283 817 4368; x_wconf 80' lang='lat' dir='ltr'>longe</span> <span class='ocrx_word' id='word_1_314' title='bbox 846 4281 985 4346; x_wconf 85' lang='lat' dir='ltr'>crassior</span> <span class='ocrx_word' id='word_1_315' title='bbox 1009 4285 1068 4346; x_wconf 89' lang='lat' dir='ltr'>est.</span> <span class='ocrx_word' id='word_1_316' title='bbox 1113 4282 1249 4348; x_wconf 81' lang='lat' dir='ltr'>Radice-</span> 
     </span>
     <span class='ocr_line' id='line_1_37' title="bbox 107 4387 1249 4478; baseline -0.003 -21"><span class='ocrx_word' id='word_1_317' title='bbox 107 4393 229 4458; x_wconf 84' lang='lat' dir='ltr'>tionem</span> <span class='ocrx_word' id='word_1_318' title='bbox 262 4391 391 4478; x_wconf 87' lang='lat' dir='ltr'>appello</span> <span class='ocrx_word' id='word_1_319' title='bbox 423 4393 549 4475; x_wconf 86' lang='lat' dir='ltr'>partem</span> <span class='ocrx_word' id='word_1_320' title='bbox 583 4411 654 4454; x_wconf 90' lang='lat' dir='ltr'>eam</span> <span class='ocrx_word' id='word_1_321' title='bbox 688 4388 889 4473; x_wconf 83' lang='lat' dir='ltr'>inferiorem,</span> <span class='ocrx_word' id='word_1_322' title='bbox 921 4409 1017 4474; x_wconf 91' lang='lat' dir='ltr'>quam</span> <span class='ocrx_word' id='word_1_323' title='bbox 1049 4387 1147 4472; x_wconf 90' lang='lat' dir='ltr'>paulo</span> <span class='ocrx_word' id='word_1_324' title='bbox 1175 4391 1249 4454; x_wconf 86' lang='lat' dir='ltr'>ante</span> 
     </span>
    </p>
   </div>
   <div class='ocr_carea' id='block_1_7' title="bbox 0 0 1588 5192">
    <p class='ocr_par' dir='ltr' id='par_1_7' title="bbox 0 0 1588 5192">
     <span class='ocr_line' id='line_1_38' title="bbox 0 0 1588 5192; baseline 0 3"><span class='ocrx_word' id='word_1_325' title='bbox 0 0 1588 5192; x_wconf 95' lang='lat' dir='ltr'> </span> 
     </span>
    </p>
   </div>
  </div>
 </body>
</html>
