3296 5150
608 427 849 492 -375-

155 590 243 655 ‘uoce
266 589 324 673 ιής
347 581 448 672 αι’πής
467 581 663 672 ὑπολήψεως
686 583 740 652 καί
760 581 937 666 ἀσθενείας
954 583 1172 674 ὑποκειμένης
1191 588 1226 652 οί
1241 583 1302 672 μέν

154 690 383 761 ’ἀποκλίνουσι
406 690 467 760 τὸν
495 690 613 778 λόγον,
642 695 678 758 οί
703 691 740 759 δὲ
762 697 970 778 προσίενται,
999 691 1232 780 διαπορήσειεν
1259 689 1302 760 ἀν

154 803 214 880 ‘ug
236 796 390 886 εὐλόγως.
431 799 468 868 τὸ
489 799 525 866 δὲ
545 806 654 867 αίιιον
676 801 739 866 τοῦ
761 797 894 879 πάθους
917 799 1041 880 παντὸς
1064 796 1126 868 οὐκ
1149 799 1300 885 elocuto?

154 907 227 995 έξής
253 906 385 986 τούτοις
412 904 429 974 ὁ
459 905 688 986 Ποσειδώνιος
715 905 769 973 καί
797 905 876 974 τάδε
905 913 1000 994 φησί·
1033 907 1085 974 ετὸ
1116 905 1152 974 δέ
1185 903 1227 992 δή
1255 905 1300 994 μή

153 1013 273 1100 εμόνον
309 1011 578 1100 ἀποστρέφεσθαι
610 1011 670 1080 τὸν
701 1011 804 1099 λόγον
840 1014 877 1081 ἐν
908 1028 980 1094 ταῖς
1013 1016 1220 1099 ἐπιθυμίαις,
1257 1009 1328 1092 ὥςό

153 1123 280 1208 φησιν,
304 1118 387 1189 ἀλλά
410 1119 465 1186 καὶ
488 1118 835 1206 προσνπολαμβάνειν,
859 1118 921 1201 ὄπι,
945 1125 976 1188 εί
998 1123 1002 1210 l
1028 1121 1082 1188 καὶ
1106 1117 1151 1207 μή
1175 1119 1368 1206 accord-402

153 1231 227 1316 ‘pov
250 1229 329 1312 έσιί,
352 1227 406 1296 καί
431 1223 537 1306 οὕτως
560 1226 686 1309 ἑκτέον,
714 1227 823 1314 μάχην
847 1229 989 1314 περιέχει
1012 1229 1180 1314 φέρεσθαί
1199 1253 1233 1294 τε
1256 1224 1301 1307 ὡς

152 1335 216 1402 ’ἐπὶ
239 1336 324 1423 μέγα
347 1335 520 1423 συμφέρον
542 1333 597 1400 καὶ
621 1332 677 1402 διά
700 1331 737 1402 τὸ
762 1335 904 1421 μέγεθος
927 1331 1042 1418 αὐτοῦ,
1066 1339 1097 1402 εἰ
1118 1335 1172 1402 καὶ
1196 1331 1300 1422 ἀσύμ-

152 1441 276 1528 ’φορόν
300 1443 400 1527 έσιιν,
423 1439 518 1522 ἀξιον
541 1437 696 1528 ἡγεῖσθαι
720 1444 781 1510 τοῦ
809 1440 970 1508 διώκειν
998 1436 1091 1508 αὐτὸ
1121 1437 1140 1508 ί
1165 1441 1229 1509 διά
1257 1439 1299 1508 τὸ

154 1551 427 1636 συμφέρον,ε
413 1553 443 1616 εί
459 1574 514 1616 και
504 1546 638 1635 μηδὲν
657 1553 722 1636 ἔχει
741 1550 893 1634 μέγεθος,
912 1544 995 1615 ἀλλά
1013 1548 1067 1614 καὶ
1086 1546 1299 1632 τούναντίον,
1316 1571 1340 1609 10

153 1653 258 1743 ὅμως
289 1653 485 1742 ἀντέχεσθαι
514 1652 620 1734 οὕτως
651 1652 766 1723 αὐτοῦ.
820 1660 902 1724 ἔστιν
931 1651 995 1741 γὰρ
1025 1653 1104 1736 τοὺς
1130 1655 1299 1742 λέγοντας,

152 1761 213 1833 ‘dvi
238 1759 299 1830 οὐκ
320 1767 389 1830 έσιι
412 1745 600 1890 συμφέρον,
624 1759 892 1848 ἀποστρέφεσθαι
921 1761 975 1829 καὶ
1002 1769 1082 1842 τοὺς
1104 1763 1299 1848 ἐπαγγελλο-

152 1871 285 1958 “μένους
312 1866 495 1952 δειἙειν,“
476 1895 526 1936 οιι
550 1865 750 1957 ἀσύμφορόν
778 1870 861 1954 ἐστι,
889 1867 1013 1958 λήρους
1034 1866 1190 1956 ἡγεῖσθαι
1216 1869 1296 1954 [καί]

152 1976 219 2044 εδιδι
246 1973 283 2044 τὸ
315 1976 398 2064 μέγα
425 1973 547 2062 ὄφελος
574 1973 660 2043 εἶναι
691 1979 728 2044 τὸ
758 1975 978 2064 διωκόμενον·
1007 1971 1091 2044 ἀλλα
1122 1974 1228 2044 έκεῑνό
1261 2001 1298 2063 γε

186 2181 202 2228 3
225 2175 289 2244 post
312 2171 403 2228 αι”ιιον
427 2172 502 2226 Bake
526 2164 579 2226 cdv
602 2171 687 2228 inseri
710 2173 836 2227 vult.-
863 2167 976 2234 πάντας
999 2171 1134 2226 Corn.—
1167 2181 1182 2228 6
1207 2171 1296 2241 φέρον

151 2245 250 2300 noch
270 2242 415 2330 συμφέρον
429 2243 458 2296 Μ
473 2241 552 2298 Corn.
567 2243 705 2298 Baka—
726 2251 741 2298 λ
761 2241 902 2330 περιέχειν
921 2241 1052 2298 MABCh
1071 2243 1196 2314 περιέχει
1216 2243 1295 2298 Corn.

153 2315 335 2372 BalrcKff-
363 2309 558 2400 θήρείσθαι
556 2315 605 2368 τοῦ
617 2313 789 2401 μεγεθους
790 2334 880 2369 ανιον
900 2312 927 2368 εί
951 2313 999 2368 καὶ
1018 2313 1194 2378 ΜΛΒΟλιΚς
1219 2315 1296 2369 locus
1341 2340 1344 2346 ·

152 2390 299 2473 corruptus
314 2389 368 2441 cst
385 2378 558 2472 ἡγεῖσθαι
542 2405 558 2454 ρ
578 2381 626 2439 διὰ
646 2406 676 2440 ιο
697 2405 841 2455 συμφερον
856 2405 956 2454 unaco
976 2383 1004 2439 εἰ
1019 2385 1068 2439 καὶ
1083 2381 1195 2440 Corn
1183 2406 1226 2454 ηρ
1246 2386 1295 2439 τοῦ

149 2453 264 2514 διάιιειιι
288 2451 358 2514 αάιό
383 2451 399 2525 ἢ
424 2451 472 2510 διά
497 2452 529 2511 ιδ
549 2455 708 2542 συμφέρον,
732 2456 760 2512 εί
781 2457 829 2512 καὶ
855 2473 904 2512 nos
928 2428 1162 2512 te'ntavimusff
1192 2465 1222 2511 13
1247 2457 1296 2510 καὶ

150 2531 229 2586 uncis
248 2528 527 2585 inclusimus-14
546 2522 654 2597 ἀφελος
673 2529 710 2583 Μ.
731 2561 762 2568 -

150 2751 341 2797 renovans
379 2728 557 2794 timorem
595 2728 721 2792 animo
759 2726 852 2793 hacc
888 2729 998 2812 dicit,
1036 2751 1101 2794 cur
1138 2729 1294 2795 tandem

149 2838 279 2904 eadem
308 2835 491 2920 opinione
519 2834 877 2919 imbecillitatequc
905 2836 1112 2920 proposita
1140 2835 1212 2900 alii
1236 2858 1293 2900 ra·

149 2947 294 3012 tionem
323 2945 504 3008 auerscnt
510 2965 565 3028 ur,
598 2942 667 3008 alii
697 2942 836 3008 admitt
803 2945 921 3026 ttant‚
949 2965 1025 3008 non
1048 2942 1194 3007 iniuria
1222 2943 1293 3007 ali-

148 3053 233 3139 quis
269 3051 380 3116 dubit
385 3049 520 3115 averit.
581 3050 682 3127 Quae
715 3054 781 3114 aut
786 3073 842 3116 em
875 3053 979 3114 essct
1017 3071 1133 3114 causa
1166 3049 1292 3114 totius

148 3164 234 3245 pert
220 3157 476 3241 turbationis,
499 3179 577 3222 non
601 3163 639 3222 at
625 3155 759 3222 ttulit?
805 3155 966 3240 Deinceps
994 3157 1093 3222 etiam
1121 3156 1180 3221 illa
1203 3156 1291 3222 Posi-

147 3267 262 3332 donius
296 3265 477 3351 subiungit:
533 3263 656 3340 ‘Quod
686 3259 878 3330 vcro'non
911 3264 1033 3330 solum
1063 3268 1294 3328 aversantur

148 3374 340 3438 rationem
364 3373 402 3437 in
426 3371 729 3456 cupiditatibus,
752 3375 793 3436 ut
813 3372 884 3456 ait,
908 3372 971 3436 sed
995 3371 1156 3455 insuper
1175 3371 1292 3436 etiam

149 3480 372 3562 opinantur,
395 3479 491 3543 licet
508 3500 586 3542 non
604 3478 704 3542 utile
724 3478 776 3542 sit
796 3478 959 3562 aliquid,
978 3483 1108 3543 tamen
1127 3479 1292 3562 amplec-

147 3585 302 3650 tendum
335 3607 432 3668 esse,
469 3585 770 3671 repugnantiam
808 3585 940 3669 habet,
976 3584 1292 3670 quemadmodum

148 3692 279 3774 etiam,
303 3691 399 3774 quod
423 3691 508 3775 quis
529 3692 573 3756 ad
597 3692 745 3776 aliquid
768 3697 964 3775 tamquam
983 3713 1159 3778 magnum
1179 3696 1291 3776 atque

149 3799 245 3866 utile
274 3798 425 3862 feratur
453 3802 489 3862 et
517 3799 562 3864 ob
587 3798 892 3884 magnitudinem
921 3799 1016 3882 eius,
1040 3799 1194 3864 etiamsi
1218 3821 1292 3864 non

148 3907 247 3973 utile
268 3905 332 3990 sit,
356 3904 511 3990 dignum
531 3905 741 3988 existimet,
760 3907 859 3990 quod
879 3909 1049 3990 expetat,
1069 3911 1134 3970 aut
1151 3907 1197 3972 ob
1218 3907 1290 3971 uti-

146 4015 316 4096 litatem,
339 4011 434 4076 licet
456 4012 602 4078 nullam
625 4011 767 4076 habeat
791 4013 1110 4099 magnitudinem,
1137 4013 1248 4078 immo
1274 4036 1290 4078 e

146 4122 345 4188 contrario
370 4142 527 4204 parvum
553 4119 618 4204 sit,
641 4118 898 4185 nihilominus
917 4123 1110 4204 sequatur.
1151 4119 1290 4185 Verum

146 4233 244 4295 esto:
268 4229 499 4294 aversentur
517 4247 595 4310 eos,
614 4225 677 4311 qui
696 4247 772 4290 non
792 4249 874 4290 esee
894 4225 991 4290 utile
1011 4225 1160 4310 aliquid
1180 4227 1290 4291 affir-

149 4339 251 4402 ment
270 4355 424 4418 eosquc,
448 4333 513 4419 qui
532 4333 768 4418 probaturos
789 4357 825 4397 se
848 4331 1087 4417 pollicentur
1110 4332 1290 4398 inutilem

146 4465 223 4508 rem
238 4463 337 4526 esse,
355 4441 495 4528 nugari
512 4440 768 4526 arbitrentur,
787 4441 878 4526 quia
896 4439 946 4524 id,
966 4440 1063 4524 quod
1083 4443 1290 4528 sectentur,
