3376 5144
628 387 871 452 -781—

167 554 273 630 ‘rever
291 547 421 618 αὐτέων
439 545 516 616 οὕτε
539 541 582 614 άν
600 543 764 630 πτισάνην
787 549 926 630 καγείην
949 546 1042 610 δοῖεν
1065 540 1141 610 οὔτε
1171 541 1177 630 λ
1204 541 1385 628 χυλόν,ῖδὸ

167 661 222 726 ςοἱ
241 658 318 745 μέν,
346 658 440 745 μέχρι
468 651 512 723 dv
540 655 718 741 ἑβδομαῖος
745 649 763 719 ὁ
791 650 929 738 κάμνων
956 650 1107 736 γένηται,
1140 653 1176 717 ολ
1201 650 1238 716 δὲ
1265 651 1321 718 καὶ

168 764 243 832 ‘cat
270 765 380 844 τέλεος
407 761 483 851 άχρι
512 757 555 829 άν
581 763 684 848 ’κριθῇ
714 756 734 846 ἡ
763 761 895 837 νοῦσος.
944 756 1033 845 μάλα
1061 755 1121 844 μὲν
1149 747 1214 824 οὖν
1240 753 1321 824 οὐδὲ

167 869 437 960 “προβάλλεσθαι
476 866 517 936 τὰ
552 871 691 936 τοιαῦτα
733 865 896 953 ζητήματα
940 864 1127 950 εδδισμένοι
1164 863 1251 930 εἰσὶν
1288 868 1323 930 ολ

167 981 311 1066 *ίηιροά
334 987 411 1057 ἴσως
438 976 476 1042 δὲ
499 971 579 1044 οὐδὲ
601 971 857 1061 προβαλλόμενα
880 968 1074 1060 εὑρίσκεται.
1118 976 1226 1039 καίτοι
1250 975 1347 1044 δια-5

168 1086 293 1174 ’βολήν
316 1112 352 1171 γε
376 1090 441 1171 ἔχει
478 1081 538 1170 ὅλη
566 1079 587 1170 ἡ
615 1083 712 1168 τέχνη
739 1079 823 1169 πρὸς
849 1083 917 1148 τῶν
954 1080 1127 1167 δημοτέων
1162 1077 1320 1166 μεγάλην,

169 1192 232 1273 ‘aig
259 1192 344 1281 μηδὲ
372 1192 502 1259 δοκέειν
535 1188 621 1269 ὅλως
658 1187 811 1276 ἰητρικὴν
843 1184 942 1254 εἶναι·
994 1184 1078 1254 ὥστε
1106 1191 1143 1253 έν
1170 1213 1207 1272 γε
1234 1201 1319 1254 τοῖσι

170 1298 376 1381 ‘dictatores
411 1303 480 1367 των
507 1295 705 1384 νοσημάτων
731 1293 873 1362 τοσόνδε
906 1298 1073 1363 διοίσουσι
1103 1291 1257 1382 ἀλλήλων
1289 1298 1324 1362 οἱ

170 1405 419 1495 ‘zatum'vuuras⁷
448 1401 547 1490 ὥστε,
575 1398 596 1470 ἃ
619 1399 637 1470 ὁ
663 1404 773 1487 ἕτερος
795 1399 977 1490 προσφέρει
1000 1399 1181 1488 ἡγεόμενος
1203 1399 1321 1488 ἄριστα

171 1512 290 1600 ‘sicam
326 1517 430 1581 ταῦτα
467 1515 614 1598 νομίζειν
646 1507 710 1597 ἤδη
746 1507 808 1577 τὸν
844 1510 959 1596 ἕτερον
987 1506 1071 1576 κακά
1107 1506 1215 1577 εἶναι’
1266 1511 1320 1578 καὶ
1336 1540 1362 1578 ιο

170 1618 256 1708 μετὰ
284 1616 381 1706 ὀλίγα
409 1618 505 1704 ‘moui
534 1616 575 1704 δὴ
604 1616 776 1703 πάγκαλον
805 1614 890 1684 εἶναι
918 1619 1017 1684 τοῦτο
1045 1615 1082 1684 τὸ
1111 1617 1239 1703 σκέμμα
1266 1618 1321 1684 καλ

171 1723 434 1813 “ἠδελφισμένον
460 1739 547 1793 τοῖσι
575 1730 757 1793 πλείστοισι
784 1727 852 1791 τῶν
875 1725 912 1790 ἐν
933 1727 974 1812 τῇ
1001 1724 1098 1812 τέχνῃ
1120 1724 1176 1790 καὶ
1200 1725 1322 1792 ἐπικαι-

171 1832 370 1922 ‘umerum
399 1833 454 1900 καλ
483 1831 546 1920 γάρ
573 1845 660 1900 τοῖσι
687 1832 844 1899 νοσέουσι
867 1835 947 1900 πᾶσι
971 1833 1005 1912 ἐς
1030 1827 1163 1917 ὑγιείην
1185 1857 1217 1900 ιι
1240 1834 1322 1919 μέγα

172 1940 360 2009 “δύνασθαι
397 1940 451 2008 καὶ
486 1953 574 2008 τοῖσι
610 1935 800 2024 ὑγιαίνουσι
843 1939 876 2017 ἐς
918 1935 1104 2025 άσφαλείην
1147 1940 1201 2007 καὶ
1238 1955 1322 2008 τοῖσι

197 2107 350 2114 ---.—---.-
368 2107 392 2112 --

214 2201 227 2247 1
248 2197 370 2262 παχεῖαν
389 2191 469 2246 codd.
488 2189 549 2244 edd.
570 2219 603 2228 -
628 2184 690 2244 οὔτ’
715 2180 753 2244 αὖ
772 2184 856 2259 χυλὸν
880 2189 959 2244 codd.
984 2189 1045 2244 edd.
1071 2221 1103 2229 -
1129 2189 1193 2246 cel
1214 2189 1267 2260 uta
1286 2192 1322 2246 Μ.

173 2296 211 2304 -
230 2262 312 2333 μέχρι
330 2263 359 2316 Μ
382 2262 477 2333 μέχρις
497 2259 635 2316 AsschK.
659 2293 692 2300 —
717 2267 733 2314 3
752 2262 848 2322 τέλους
866 2261 946 2315 codd.
970 2260 1032 2316 edd.
1054 2292 1085 2300 —
1111 2256 1175 2331 ἄχρι
1195 2265 1224 2318 Μ
1242 2260 1323 2334 ἄχρις

173 2333 316 2390 ABChK.
342 2365 373 2374 -
400 2341 413 2388 7
434 2329 471 2395 ὡς
490 2350 543 2387 om.
563 2331 659 2386 MAB.
681 2363 712 2372 -
736 2334 833 2386 δοκεῖν
852 2332 931 2386 codd.
955 2332 1016 2387 edd.
1040 2363 1073 2370 —
1103 2339 1118 2386 9
1142 2330 1323 2403 χειρόνακτες

172 2406 271 2460 ΜΑΒ.
297 2437 330 2446 -
355 2400 513 2475 ἡγούμενος
536 2402 616 2489 codd.
640 2403 701 2458 cdd.
727 2435 758 2443 -
785 2411 817 2457 11
841 2403 900 2456 πᾶν
919 2399 1006 2458 καλὸν
1020 2403 1104 2488 μοδελ.
1129 2405 1191 2461 edd.
1217 2437 1250 2447 —-
1273 2406 1322 2460 καὶ

173 2477 430 2611 uersuum
447 2474 849 2616 ακκααω
874 2506 906 2514 -
933 2481 965 2529 1⁴
1135 2479 1167 2532 A·
1189 2509 1221 2518 -

179 2696 392 2703 --.-——·——

176 2803 351 2868 colatum
374 2800 594 2886 porrigant3
618 2799 689 2864 alii
708 2821 843 2865 rursus
861 2821 987 2884 neque
1006 2801 1201 2886 ptisanam
1224 2827 1325 2872 cras-

177 2933 259 2976 sam
287 2910 378 2974 dare
406 2908 531 2972 velint
558 2928 679 2991 neque
707 2929 861 2972 succum
889 2907 1003 2992 idque
1033 2909 1102 2974 clii
1131 2933 1251 2995 usque
1280 2913 1324 2978 ad

178 3018 385 3102 septimum
407 3014 519 3098 diem,
544 3013 614 3078 alii
637 3035 742 3098 vero,
769 3012 856 3079 dum
880 3015 1035 3080 omnino
1059 3015 1214 3081 morbus
1237 3017 1324 3101 ipse

178 3123 376 3188 iudicatus
399 3121 529 3188 fuerit.
574 3119 802 3185 Huiusmodi
825 3121 951 3206 igitur
973 3122 1225 3205 quaestiones
1248 3145 1324 3189 αοα

180 3229 378 3295 admodum
403 3229 479 3294 sibi
503 3249 717 3312 proponere
737 3227 877 3292 medici
897 3233 1180 3295 consueverunt
1202 3251 1324 3314 neque

179 3337 281 3403 forte
309 3335 342 3401 si
369 3338 602 3419 proponant,
630 3334 800 3400 solvunt.
845 3333 897 3400 At
927 3359 1017 3403 vero
1045 3356 1219 3422 magnam
1242 3338 1323 3422 qui·

180 3443 261 3508 dem
285 3441 383 3527 apud
406 3441 545 3527 vulgus
569 3441 800 3506 calumniam
825 3464 887 3507 ars
911 3445 995 3508 tota
1019 3444 1202 3528 sustinet,
1231 3443 1324 3510 adeo

180 3553 288 3614 utne
312 3548 505 3613 medicina
523 3547 673 3633 quidem
696 3548 778 3613 ulla
797 3571 881 3614 esse
901 3549 1093 3634 videatur,
1116 3548 1148 3614 si
1171 3549 1324 3634 quidem

181 3655 219 3720 in
243 3655 370 3720 acutis
393 3654 538 3720 morbis
567 3657 720 3719 tantum
748 3655 851 3720 inter
873 3677 913 3720 ss
941 3656 1185 3722 dissentiunt
1207 3656 1325 3741 opifi-

182 3783 257 3846 ces,
289 3765 343 3846 ut,
376 3782 471 3846 quae
504 3761 606 3826 alter
639 3760 759 3826 affert
789 3765 983 3847 tamquam
1013 3764 1161 3847 optima
1191 3765 1325 3830 existi-

182 3853 301 3953 mans,
325 3889 367 3932 ea
390 3868 451 3934 vol
474 3867 695 3953 peruiciosa
718 3868 820 3933 alter
843 3867 1007 3935 habeat?
1048 3870 1093 3936 Et
1116 3872 1214 3955 paulo
1237 3877 1325 3957 post:

182 3974 294 4042 ‘Dico
316 3975 441 4061 igitur
463 3975 650 4059 optimam
678 3995 761 4038 esse
787 3973 886 4041 hanc
910 3977 1266 4044 considerationem
1288 3985 1325 4044 et

182 4083 392 4168 plerisque,
416 4081 574 4167 quaein
598 4085 680 4146 arte
704 4087 925 4168 versantur,
952 4086 1068 4150 rebus
1095 4085 1223 4170 iisque
1249 4087 1326 4150 uti-

181 4189 346 4254 lissimis
379 4192 595 4276 cognatam3
628 4210 713 4253 nam
739 4192 783 4270 ¹et
816 4191 994 4257 omnibus
1026 4191 1326 4275 aegrotantibus

182 4296 226 4361 ad
250 4297 462 4362 sanitatem
486 4298 692 4381 plurimum
719 4295 850 4362 faeere
874 4303 912 4363 et
937 4296 1041 4362 sanis
1071 4299 1116 4362 ad
1144 4299 1326 4364 tuendam

182 4425 263 4468 eam
296 4407 333 4468 et
363 4404 427 4487 iis,
458 4403 521 4488 qui
555 4425 638 4468 sese
671 4409 866 4489 exercent,
898 4405 942 4470 ad
974 4405 1115 4470 bonum
1148 4405 1326 4472 habitum
