3210 5148
583 479 624 490 -
670 443 736 508 los
781 479 823 490 -

131 601 181 670 διὸ
205 602 260 670 καὶ
282 599 491 689 τεχνάζοντίς
513 627 601 680 τινες
619 601 802 687 ἐξεπίτηδες
821 596 902 687 ὑπὲρ
923 599 927 688 Ι
947 605 1008 668 τοῦ
1030 599 1135 685 μηδὲν
1153 625 1270 688 περαν·
1282 621 1336 678 181
1413 587 1420 596 ι

129 711 231 796 θῆναι
255 706 339 796 πρὸς
360 709 500 774 ἕκαστον
521 711 589 774 τῶν
617 704 793 794 ὀνδμάτων
820 707 1026 792 ἐνίστανται,
1054 709 1085 773 εί
1110 704 1172 792 μὲν
1201 705 1273 795 ὀρί-

130 823 246 902 γεσθαι
269 814 416 902 πόματος
443 824 548 893 εἴποις
574 813 634 882 τὸν
658 815 823 898 διψῶντα,
850 813 894 900 μὴ
922 815 1174 900 συγχωροῦντες
1200 808 1271 900 ὀρί-

130 929 248 1008 γεσθαι
271 921 390 1007 λέγειν,
414 929 522 988 αίτιον
545 919 609 1008 γάρ
631 947 662 988 τι
685 917 748 1006 τὴν
770 918 881 1006 ὄρεξιν
899 917 984 988 εἶναι
1008 919 1063 986 καί
1081 917 1190 1006 μόνον
1211 922 1273 988 τοῦ

130 1031 252 1115 σοφοῦ,
276 1025 436 1115 ὑπάρχειν
458 1029 543 1114 γοῦν
566 1023 673 1115 αὐτὴν
695 1023 805 1115 ὁρμὴν
827 1023 1020 1114 λογιστικὴν
1043 1027 1099 1093 ἐπί
1118 1053 1165 1110 τι,
1188 1023 1297 1094 ὄσονε

129 1134 206 1223 χρή,
238 1125 323 1222 ἦδον
359 1130 464 1225 αύτῷ,
503 1137 534 1201 εί
569 1134 605 1202 δὲ
638 1126 681 1202 αὖ
714 1135 907 1221 ἐπιθυμεῖν,
946 1128 1025 1200 ούδέ
1059 1129 1164 1213 οὕτως
1195 1129 1271 1201 ὀνο-

129 1241 241 1330 μάζειν
264 1245 523 1329 συγχωροῦντες,
546 1239 583 1310 τὸ
607 1239 669 1328 μὲν
692 1239 756 1328 γὰρ
776 1243 879 1327 διψῆν
903 1236 964 1308 οὐκ
983 1240 1019 1307 ἐν
1042 1254 1112 1320 τοῖς
1129 1239 1272 1326 φαύλοις

129 1347 247 1434 μόνον,
279 1344 362 1416 άλλὰ
390 1347 444 1414 καί
475 1362 546 1428 τοῖς
568 1344 711 1426 ἀστείοις
734 1353 907 1432 γίνεσθαι,
934 1343 996 1433 τὴν
1024 1346 1060 1414 δὲ
1088 1347 1271 1433 ἐπιθυμίαν

129 1450 233 1540 αὐτήν
255 1479 289 1520 τε
312 1453 446 1540 φαύλην
469 1451 553 1522 εἶναι
578 1453 633 1522 καὶ
660 1452 777 1540 μόνοις
799 1467 868 1532 τοῖς
897 1452 1040 1540 φαύλοις
1067 1455 1270 1540 ἐγγίνεσθαι,

128 1587 212 1628 ειναι
232 1558 300 1690 γὰρ
323 1558 433 1648 ὄρεξιν
456 1557 591 1648 άθρόως
618 1557 775 1648 ρεπτικὴν
797 1558 880 1648 πρὸς
902 1558 938 1628 τὸ
963 1559 1150 1647 τυγχάνειν·
1181 1565 1212 1628 εί
1233 1561 1273 1628 δέ
1286 1587 1310 1626 ιο

127 1695 175 1747 τις
201 1665 245 1755 μὴ
269 1663 399 1796 μααρδγ
422 1657 528 1747 οὕτως
550 1663 651 1754 αὐτῆς
673 1663 816 1754 ὁρισμὸν
838 1667 1020 1755 ποιήσειεν,
1048 1664 1130 1736 άλλδι
1159 1666 1270 1755 ὅρεξίν

127 1799 162 1860 γε
182 1771 337 1868 άλογον
320 1771 482 1902 υμάρχειν
501 1799 515 1840 ε
519 1772 613 1860 ίπάν,
633 1772 903 1902 ἐπιτιμηθήσεται
921 1773 1010 1863 μάλα
1024 1779 1152 1904 σεμνῶς
1170 1772 1268 1862 άνδρὶ

41 1891 55 1919 ’
126 1879 282 2008 πολλάκις
310 1877 371 1949 οὐκ
398 1882 503 1948 ἐν
465 1909 550 1970 τη
526 1884 595 1948 των
623 1880 826 1968 πραγμάτων
854 1882 1012 1971 ἐπιστήμη
1036 1883 1158 1971 μόνον,
1186 1881 1269 1952 άλλά

126 1985 187 2055 κάν
209 1991 249 2076 τῆ
276 1991 345 2056 τῶν
372 1983 547 2074 ὀνομάτων
574 1986 688 2075 χρήσει
716 1994 846 2075 μυρίων
870 1991 1074 2077 διαφέροντι.
1123 1994 1268 2059 τοιοῦτοι

110 2093 162 2160 a}
189 2091 309 2180 άμίλει,
328 2094 383 2162 καὶ
410 2097 478 2162 τῶν
504 2098 655 2163 παλαιῶν
683 2087 769 2182 ἦσαν
797 2091 1004 2182 οὐκόλίγοι,
1031 2096 1181 2186 καθάπερ
1213 2099 1267 2166 καὶ
1285 2123 1308 2162 ιο

133 2313 207 2430 η
201 2300 382 2374 τεχνάζονται
404 2306 566 2360 MABChK
596 2301 887 2375 τεχνάζοντεςΙι.-
917 2303 1079 2376 ἐξεπίτηδες
1101 2327 1155 2364 cm
1179 2311 1209 2364 Ιι.
1234 2342 1268 2351 -
1308 2393 1311 2398 Ι

125 2374 787 2518 nummeIMAdlolvttlgellffllgggzlprhm
786 2379 1097 2514 αύτύυ111ρ11ν11011.
1116 2469 1142 2520 p.
1120 2377 1268 2508 1111.ἥιῖἲ

124 2511 161 2572 riv
185 2516 215 2574 δέ
242 2470 404 2584 MaBt‘hll
429 2519 457 2575 εί
477 2517 509 2576 δέ
534 2511 571 2573 αὖ
592 2537 697 2576 nos-
736 2527 769 2574 10
793 2522 872 2606 εἰπερ
892 2537 942 2590 pro
966 2519 994 2574 εί
1015 2519 1046 2576 dl
1067 2522 1149 2575 L.—
1175 2531 1206 2577 11
1227 2545 1268 2588 τις

124 2607 178 2644 om.
198 2591 278 2645 codd.
298 2591 373 2658 cdd.;
393 2591 427 2647 cf
447 2591 530 2646 Proll.
525 2609 577 2717 ,μνη
599 2596 709 2644 121-
735 2585 929 2658 adrach-
953 2598 985 2645 12
1005 2611 1033 2646 τε
1054 2593 1133 2648 codd.
1153 2594 1265 2664 cddys

125 2679 187 2726 ιιοες
206 2661 241 2716 ο1.
255 2661 339 2716 Proll.
359 2681 385 2732 p.
408 2667 519 2718 121.-

123 2731 145 2784 p
179 2702 208 2784 il
275 2739 333 2786 ,25
576 2657 697 2732 ‘ultim
715 2662 794 2716 codd.
814 2662 876 2717 edd.
896 2657 1132 2734 ἐπιτιμηθήτεται
1150 2681 1212 2732 noe,
1232 2666 1266 2721 ο1.

148 2748 177 2785 ro
227 2750 386 2802 p.-

123 2950 164 3014 ad
188 2950 360 3016 verborum
384 2951 637 3016 controversiam
661 2951 825 3016 transfert
866 2953 972 3027 (lirare
996 2953 1143 3018 consulto
1166 2957 1266 3020 artili-

125 3058 176 3122 cio
204 3057 343 3142 quodam
371 3054 518 3123 adhibito
542 3058 702 3141 nonnulli,
728 3081 769 3122 nc
796 3057 942 3122 concludi
971 3079 1008 3122 ao
1036 3059 1149 3124 confici
1177 3062 1266 3144 quid·

122 3187 221 3248 quam
248 3163 367 3248 possit,
398 3164 439 3228 ad
471 3164 600 3250 singola
628 3167 727 3232 verba
759 3165 881 3230 instare
909 3163 1030 3248 solent,
1058 3165 1085 3230 si
1113 3171 1266 3256 appetere

121 3271 290 3354 potionem
323 3269 412 3336 dicas
446 3271 623 3354 sitientem,
654 3274 777 3356 negant
807 3272 855 3335 ita
886 3270 949 3338 dici
977 3270 1106 3354 debere,
1135 3295 1266 3338 causam

122 3377 210 3440 enim
238 3377 400 3462 quandam
433 3399 502 3442 esse
536 3377 769 3461 appetitionem
802 3380 835 3440 et
866 3377 967 3442 solius
999 3378 1155 3462 sapientis
1188 3402 1267 3464 esse,

123 3503 222 3563 quam
254 3483 302 3545 ita
338 3483 508 3567 deliniunt,
540 3484 699 3567 impetum
732 3505 801 3548 osse
837 3483 1030 3547 rationalem
1067 3483 1106 3547 ad
1144 3485 1266 3570 aliquid

122 3585 248 3651 homini
272 3587 456 3674 iucundum,
479 3597 636 3674 quatenus
656 3589 759 3676 decet3
733 3589 812 3654 tsi
831 3589 1065 3673 concupiscere,
1087 3613 1126 3656 ne
1146 3591 1178 3655 id
1197 3594 1265 3676 qui-

121 3693 196 3758 ‹lern
220 3695 398 3760 concedunt
384 3697 498 3761 tdici
508 3696 618 3780 licere,
647 3695 736 3760 sitim
759 3694 879 3781 quippe
906 3717 971 3760 non
995 3699 1122 3761 tantum
1138 3699 1265 3786 'ustltis,

120 3801 178 3864 sed
202 3799 302 3866 etiam
324 3803 463 3886 prudent
449 3802 536 3868 tibus
560 3803 713 3885 accidere,
736 3801 947 3887 cupiditatem
972 3805 1113 3868 autem
1103 3827 1210 3889 ipsam
1234 3811 1267 3871 et

119 3929 258 3989 pravam
282 3929 352 3972 esse
376 3909 409 3974 in
436 3911 608 3994 pravisque
636 3912 764 3974 tantum
787 3908 974 3975 hominibus
998 3909 1168 3994 exsistere,
1195 3933 1264 3976 esse

120 4013 209 4078 enirn
234 4015 469 4100 appetitionem
493 4017 627 4082 effusam
652 4015 692 4080 ad
720 4015 975 4100 adipiscendum3
1005 4017 1032 4080 si
1059 4016 1132 4101 quis
1155 4021 1264 4082 autem

118 4143 188 4186 non
215 4125 283 4186 tam
310 4123 410 4210 longa
437 4123 505 4189 eius
533 4125 579 4188 rei
606 4123 694 4188 faeta
722 4123 908 4190 definitione
930 4145 1001 4188 esse
1029 4124 1263 4208 appetitionem

119 4229 346 4293 irrationalem
369 4229 499 4315 dixerit,
527 4230 699 4296 admodum
726 4231 871 4315 graviter
897 4228 1119 4314 increpabitur
1142 4230 1183 4295 ab
1206 4229 1263 4296 ho·

119 4335 209 4400 mine
233 4358 462 4420 saepenumero
485 4359 552 4402 non
574 4337 670 4402 modo
689 4337 724 4402 in
742 4357 850 4400 rerum
869 4336 1015 4420 scientia,
1033 4357 1144 4400 verum
1164 4335 1263 4401 etiam

118 4441 156 4506 in
184 4443 356 4510 verborum
386 4465 447 4508 usu
475 4444 634 4508 sexcentis
663 4443 737 4508 aliis
764 4447 960 4528 praestante.
1009 4441 1108 4508 Cuius
1136 4444 1263 4528 generis
