3166 5192
569 403 608 412 -
657 365 810 430 535-

113 529 186 610 βῶν
209 523 376 612 ἀνατομῆς
399 521 505 611 ἀρχὴν
524 528 568 615 τῷ
592 523 681 615 λόγῳ
705 525 862 610 γενέσθαι
888 524 931 594 τὸ·
950 517 1058 612 ἧπαρ]
1096 522 1262 608 ἀναιτίως,

75 655 81 666 ·
114 624 140 697 ὦ
166 630 369 717 σοφώτατοι,
400 626 417 698 ί
442 628 491 698 ὅτι
516 629 647 710 πάντως
674 635 714 720 rr}
744 630 844 717 φύσει
867 640 1069 716 πλεονεκτεῖ,
1096 633 1150 700 καὶ
1181 629 1263 720 πρὸς

113 735 176 824 τὴν
202 740 260 824 τῆς
290 741 504 816 διδασκαλίας
532 733 638 823 ἀρχὴν
666 737 932 826 έπιτηδειότερόν
959 740 1042 818 έστις
1071 745 1120 818 τίς
1151 731 1214 806 οὖν
1240 736 1261 826 ἡ

113 847 295 932 πλεονεξία,
320 847 451 931 ζητῆσαι
477 848 625 921 δίκαιον,
655 841 717 912 οὐκ
740 841 849 932 ἀργῶς
873 843 951 913 οὐδὲ
980 844 1141 936 ῥᾳθύμως
1164 843 1262 931 ὑπερ-

112 955 223 1037 βῆναι.
268 950 331 1038 τὴν
355 951 390 1019 dt
419 949 526 1038 ἀρχὴν
548 954 606 1037 τῆς
629 949 789 1038 εὑρέσεως
812 949 892 1020 αὐτὸ
921 957 1020 1021 τοῦτο
1050 951 1140 1040 οἶμαι
1164 953 1288 1039 παρέ-5

114 1059 198 1139 ξειν,
231 1055 249 1125 δ
279 1057 362 1145 πρὸς
392 1056 551 1125 ἁπάντων
580 1055 787 1145 ὁμολογεῖται
817 1063 885 1127 τῶν
913 1057 1126 1147 ἀνατομικῶν
1155 1059 1261 1146 ἐπιτή-

113 1168 207 1232 δειον
226 1163 312 1232 εἶναι
331 1165 532 1251 φασκόντων
550 1161 631 1232 αὐτὸ
651 1165 734 1252 πρὸς
752 1164 814 1253 τὴν
837 1171 894 1252 τῆς
913 1171 1128 1246 διδασκαλίας
1146 1164 1261 1253 ἀρχήν.

113 1275 144 1337 εἰ
170 1269 233 1357 γάρ
261 1272 315 1339 καὶ
344 1270 488 1358 μηδενὸς
519 1269 639 1355 ἄλλου,
672 1271 795 1340 τούτου
827 1270 933 1341 αὐτοῦ
959 1272 1019 1343 τὸν
1048 1273 1150 1359 λόγου
1184 1270 1261 1360 ἡμίν

112 1373 300 1444 ἀποδοῦναι
333 1377 552 1464 δυνήσονται,
584 1382 645 1446 τοῦ
672 1377 814 1464 φάσκειν
846 1379 1050 1466 “έττιτη’δειου
1081 1385 1128 1459 είς
1155 1377 1278 1465 ἀρχὴν

113 1486 330 1564 διδασκαλίας
353 1485 472 1553 ἐστίν’·
501 1485 689 1571 ἐπιτήδειον
712 1486 751 1551 δέ
773 1485 863 1552 ἐστιν
887 1483 965 1554 οὔθ’
996 1485 1046 1553 ὅτι
1070 1485 1132 1573 τὴν
1155 1484 1260 1572 χρόαν
1276 1509 1300 1548 ιο

114 1589 265 1678 ἐρυθρόν
297 1592 388 1658 ἐστιν
421 1588 502 1660 οὔθ’
543 1589 590 1658 ὅτι
627 1595 809 1676 διείληπται
843 1598 957 1677 λοβοῑς
988 1590 1066 1660 οὗθ’
1101 1591 1150 1660 ὅτι
1180 1589 1257 1659 καθ’

112 1693 188 1775 ένὸς
211 1692 324 1764 αὐτῶν
348 1701 529 1767 ἐπιτέταται
557 1696 595 1766 τὸ
624 1701 682 1784 τῆς
709 1702 808 1784 χολῆς
831 1695 968 1784 ἀγγεῖον
996 1698 1072 1767 οὔτε
1101 1697 1155 1766 dni
1180 1697 1259 1766 ἀλλο

111 1805 179 1870 τῶν
211 1803 375 1873 τοιούτων
408 1802 524 1890 οὐδέν,
562 1801 644 1872 ἀλλά
680 1801 729 1872 ὅτι
762 1809 863 1872 πᾶσαι
897 1822 1044 1893 συνεχεῖς
1077 1810 1114 1874 αί
1143 1805 1261 1892 φλέβες

114 1904 320 1995 ὑπάρχουσιν
343 1909 441 2003 αὐτῷ.
478 1913 532 1979 καί
556 1909 625 1998 μὴν
649 1907 710 1978 οὐκ
733 1909 838 1979 ἀλλον
857 1912 948 1991 τινός
966 1914 1034 1981 ἐστι
1053 1917 1151 1982 τοῦτο
1176 1909 1257 1980 αὐτὸ

112 2013 283 2101 γνώρισμα
306 2017 394 2104 πλὴν
417 2023 474 2104 τῆς
497 2015 607 2104 ἀρχῆς.
649 2014 728 2084 οὐδὲ
753 2019 817 2105 γὰρ
842 2016 920 2086 οὐδὲ
946 2018 1001 2088 διά
1026 2019 1106 2088 ἀλλο
1129 2048 1159 2088 τι
1186 2019 1258 2088 νεύ-
1274 2041 1299 2080 1⁵

152 2235 161 2280 1
183 2221 255 2296 ἀρχὴ
276 2231 354 2284 codd.
374 2231 435 2286 edd,
455 2226 547 2298 ἀρχὴν
568 2251 628 2298 nos3
652 2232 687 2286 ci.
707 2233 791 2286 Proll.
816 2251 842 2301 p.
863 2240 904 2286 117.
927 2266 955 2272 --
983 2243 998 2287 :t
1019 2237 1060 2296 τίς
1081 2227 1114 2302 ἦν
1135 2230 1149 2302 ἡ
1171 2235 1198 2288 Μ
1219 2237 1259 2296 τίς

113 2289 165 2352 οὖν
183 2292 201 2366 ἡ
220 2293 353 2387 νοεροάν
372 2319 425 2357 om.
445 2301 583 2357 ABChK.
606 2335 636 2342 -
658 2310 674 2356 4
692 2298 778 2370 rideri
800 2321 850 2374 pro
868 2299 961 2372 ἀργῶς
981 2305 1016 2359 M.
1039 2335 1071 2344 -
1098 2306 1146 2358 καὶ
1165 2301 1256 2389 §attri-

111 2389 169 2438 μως
186 2387 236 2438 pro
257 2370 324 2426 ουδὲ
345 2370 412 2446 ὀρθ.
433 2375 468 2426 Μ.
490 2403 521 2412 -
543 2381 558 2427 6
578 2369 755 2444 ὁμολογεῖται
775 2374 802 2428 Μ
821 2369 991 2444 δμολόγηται
1011 2375 1062 2430 AB
1082 2370 1258 2446 ἀμολογιγται

112 2441 194 2506 CbK;
223 2440 257 2496 cf.
277 2442 361 2498 Proll.
386 2463 412 2514 p.
433 2451 474 2497 22.
501 2475 532 2483 -
560 2441 685 2515 σὴμλν
704 2462 753 2516 pro
777 2439 845 2514 ἡμῖν
863 2445 899 2499 Μ.
924 2475 958 2485 -
984 2455 1016 2500 10
1040 2441 1201 2516 ἐπιτήδειον
1224 2447 1257 2501 δι’

112 2507 187 2569 ἐστιν
210 2529 226 2566 ιι
250 2513 329 2569 οοδδ.
353 2515 414 2570 edd,
440 2513 574 2570 omissum
600 2535 649 2570 uos
672 2515 847 2571 inseruimus.
877 2547 909 2556 -—
940 2524 971 2570 11
991 2519 1091 2588 λωβοῖς
1109 2517 1203 2571 ΜΑΒ.
1225 2550 1255 2560 -

115 2593 144 2636 12
165 2577 343 2640 ἐπιτέτακται
363 2587 399 2640 Μ.
423 2619 448 2624 --
477 2593 506 2639 11
527 2581 589 2641 οὔτ’
610 2583 694 2642 ἀλλον
714 2587 793 2642 codd.
813 2588 876 2642 edd.
897 2583 949 2642 οιίκ
969 2583 1028 2642 ἀλλ.
1047 2605 1106 2643 noe.
1126 2620 1158 2627 —

111 2791 242 2834 causum
263 2770 402 2853 primum
423 2768 728 2834 consideraverunt?
767 2767 981 2834 ‘Conveniens
1006 2773 1056 2834 est
1080 2771 1120 2834 ad
1145 2775 1255 2836 anato-

112 2877 211 2942 miam
227 2899 381 2942 venarum
396 2875 572 2940 docendam
589 2876 676 2940 ieeur
690 2875 886 2959 principium
902 2876 1118 2940 constituere?
1138 2877 1256 2944 Utrum

112 2984 179 3048 sine
204 3007 312 3067 eausa,
336 2982 586 3068 sapientissimi,
610 3005 664 3064 en,
689 2983 765 3066 quia
788 2981 971 3046 naturalem
995 2984 1155 3067 quandam
1180 2985 1256 3052 erni·

110 3091 254 3156 ueritiam
277 3090 386 3173 habet,
408 3090 530 3155 ideireo
554 3089 653 3152 etiam
678 3088 717 3152 ad
741 3088 908 3154 doetrinae
932 3088 1147 3155 instituendae
1172 3092 1256 3175 prin-

110 3197 229 3280 eipium
254 3197 496 3264 convenientius
522 3201 592 3261 est?
638 3196 727 3273 Quae
755 3195 858 3280 igitur
881 3196 925 3260 sit
947 3195 1137 3279 eminentia,
1160 3219 1255 3282 quae·

112 3327 179 3368 rere
213 3327 348 3388 aequum
381 3310 444 3388 est,
480 3327 546 3370 non
579 3305 723 3389 segniter
762 3307 794 3367 et
830 3302 1039 3388 neglegenter
1071 3303 1254 3386 praeterire.

111 3409 243 3474 Initium
267 3417 372 3476 autern
400 3411 595 3476 inventionis
624 3411 656 3475 id
685 3411 792 3493 ipsum
820 3413 899 3494 puto
928 3409 1149 3492 praebiturum
1175 3434 1254 3494 esse,

111 3515 195 3596 quod
219 3515 260 3579 ab
284 3517 434 3582 omnibus
460 3517 653 3583 anatomicis
682 3517 869 3582 conceditur
896 3517 985 3580 ieeur
1013 3517 1252 3582 affirmantibus

112 3622 150 3684 nd
173 3621 338 3686 doetrinae
357 3624 554 3708 principium
573 3647 643 3688 esse
667 3625 828 3689 idoneum.
863 3621 949 3688 Nam
974 3623 1001 3686 si
1024 3622 1145 3688 nullius
1169 3625 1252 3689 alius

111 3727 169 3804 rei,
202 3727 298 3792 huius
331 3729 433 3812 ipsius
466 3731 582 3796 saltem
617 3731 776 3796 rationem
805 3728 936 3793 reddere
968 3729 1062 3794 nobis
1091 3734 1253 3814 poterunt,

111 3857 165 3898 eur
196 3857 265 3898 esse
294 3834 332 3899 ad
361 3836 526 3902 doetrinae
555 3837 750 3922 principium
779 3835 929 3901 idoneum
957 3837 1128 3900 affirment.
1179 3823 1266 3902 1d0-'

110 3963 204 4006 neum
228 3947 337 4006 autem
361 3951 410 4008 est
437 3966 503 4008 non
527 3945 614 4027 ideo,
637 3944 722 4029 quod
751 3944 858 4008 colore
886 3943 984 4007 rubro
1008 3949 1059 4006 est
1082 3949 1138 4008 aut
1161 3943 1252 4008 tibris

111 4049 298 4114 distinctum
319 4053 375 4114 aut
398 4051 483 4136 quod
507 4051 662 4115 adunam
687 4073 725 4114 ex
749 4051 788 4115 iis
808 4049 949 4133 pertinet
973 4071 1030 4114 vas
1050 4051 1125 4115 bilis
1148 4071 1252 4134 neque

110 4156 150 4220 ob
169 4155 256 4220 aliud
275 4156 427 4240 quiddam
448 4157 642 4239 huiusmodi,
660 4158 716 4222 sed
734 4163 906 4242 propterea
925 4157 1010 4242 quod
1025 4179 1136 4222 omnes
1151 4179 1251 4222 venae

110 4263 136 4326 ei
166 4263 372 4328 continuatae
400 4269 484 4328 sunt.
534 4265 636 4349 Atqui
668 4265 789 4329 nultius
818 4265 901 4329 alius
934 4265 981 4327 rei
1008 4263 1071 4328 nisi
1099 4264 1251 4348 principii

111 4367 168 4434 hoe
192 4369 346 4436 indicium
371 4375 428 4434 est.
469 4371 582 4454 Neque
606 4371 692 4436 enirn
716 4371 782 4436 ulla
806 4371 871 4435 alia
894 4371 932 4434 de
956 4391 1054 4434 causa
1076 4390 1249 4436 nervorum
