3300 5146
624 409 778 478 —289
827 447 869 458 -

181 595 256 638 ουτε
279 571 336 658 τῆς
354 566 566 655 καταβάσεως
587 571 654 637 τῶν
672 571 956 658 ρηθέντωυ,είμ
933 571 977 658 μὴ
1001 570 1128 660 περὶ
1098 597 1159 639 τον
1176 567 1316 660 θοίρακα

180 703 218 746 το
245 675 447 765 ἡγεμονικὸν
479 673 575 764 ἡμῶν
607 668 710 764 ἦν,ε
695 674 789 758 ε“ίς
771 705 789 746 ο
818 705 921 746 ταυτα
950 678 1058 748 πάντα
1086 679 1229 766 φέρεται.
1280 680 1317 746 ἐν

181 787 266 871 γοῦν
292 787 332 874 τῇ
355 781 529 874 κεφαλῇ’
510 811 608 863 ουτος
631 780 736 852 αὐτοῦ
762 791 900 870 γελοίως
927 784 1109 873 ῥηθήσεται
1137 785 1192 852 καὶ
1220 780 1316 853 ἄλλο·

181 898 280 980 τρίτος
306 897 535 1020 καταβαίνειν,
565 889 809 977 αυαβαίυειν”
789 919 833 959 αν
861 890 951 980 οἶμαι
981 891 1183 980 οίιιειότερον
1205 888 1317 960 αὐτῶν

170 999 371 1086 ’λεγομένων
406 999 461 1066 καὶ
495 995 537 1067 οὐ
570 1003 785 1085 καταβαίνειν
821 997 881 1067 τὸν
916 999 1160 1088 προειρημένον
1191 997 1343 1086 τρόπουτ

170 1106 239 1191 ’τῆς
270 1103 352 1172 κατὰ
384 1104 447 1192 τὴν
484 1102 590 1192 ἀκοὴν
627 1104 816 1192 αἰσθήσεως
847 1106 1118 1195 καταφερομένης
1148 1104 1222 1191 περὶ
1254 1102 1317 1190 τὴν

170 1210 351 1296 ‘derivatum
374 1208 394 1298 ἢ
419 1210 478 1280 ἐὰν
500 1204 521 1302 ᾖ
544 1212 619 1300 περὶ
642 1211 703 1280 τὸν
725 1212 880 1300 θώρακα,
908 1215 1036 1292 οίκείως
1057 1210 1238 1298 κατάβασις
1260 1213 1317 1298 βη-

170 1316 339 1403 (θήσεται,
363 1317 422 1384 ἐὰν
445 1320 482 1385 δὲ
506 1319 579 1406 περὶ
602 1317 665 1407 τὴν
682 1317 843 1406 κεφαλήν,
865 1315 1146 1406 σἰλλοτριοίτερον.’
1184 1319 1221 1385 ἐν
1242 1317 1317 1386 τού-

171 1449 241 1504 τοις
270 1424 371 1492 πάλιν
398 1421 416 1492 ὁ
447 1423 641 1512 Χρύσιππος
673 1421 735 1494 οὐκ
761 1424 958 1494 αἰσθάνεται
990 1422 1070 1504 τοὺς
1097 1423 1231 1505 ἰδιώτας
1258 1421 1314 1511 ἐφ’

173 1529 293 1600 ἑαυτὸν
315 1534 439 1599 καλῶν·
466 1529 503 1599 τὸ
528 1530 593 1619 γὰρ
616 1528 813 1618 ἀναβαίνειν
838 1530 899 1600 τὸν
921 1530 1036 1619 θυμὸν
1059 1527 1079 1618 ἢ
1101 1535 1317 1617 καταβαίνειν
1331 1557 1356 1596 ιο

118 1641 128 1654 “
170 1635 233 1723 τὴν
255 1634 359 1724 χολὴν
387 1635 449 1705 ὅσα
472 1663 507 1704 τε
534 1635 617 1705 ἄλλα
639 1642 777 1707 τοιαῦτα
799 1640 943 1725 λέγεται,
972 1651 1134 1726 μαρτυρεῖ
1158 1647 1228 1716 τοῖς
1255 1635 1317 1705 τὸυ

170 1742 285 1830 θυμόν
306 1769 340 1810 τε
363 1744 417 1812 καὶ
442 1742 527 1825 ὅλως
548 1742 588 1813 τὰ
616 1744 709 1833 πάθη
732 1745 820 1813 κάτω
843 1771 909 1814 που
930 1743 1088 1832 τετάχθαι
1111 1749 1316 1832 νομίζουσιν,

170 1847 280 1938 ὥσπερ
304 1852 341 1918 ἐν
364 1855 404 1940 τῇ
427 1856 553 1942 κεφαλῇ
576 1850 637 1921 τὸν
660 1851 832 1940 λογισμόν.
861 1855 1051 1938 ’τηνικαῦτα
1074 1849 1138 1940 γὰρ
1162 1849 1238 1919 οἶδα
1261 1851 1316 1920 καί

169 1954 207 2024 τὸ
231 1955 276 2045 μὴ
297 1957 303 2046 Ι
326 1965 541 2045 καταβαίνειν
565 1960 694 2039 ἑαυτοῖς
716 1958 756 2028 τὰ
780 1960 937 2047 εἰρημένα
959 1959 1116 2045 λέγοντας
1138 1956 1217 2037 τοὺς
1240 1965 1383 2034 πολ-323

170 2061 251 2142 λοὺς
277 2063 339 2132 οὐκ
366 2065 501 2134 ἐπειδὰν
528 2067 573 2154 μὴ
601 2070 882 2156 παρακολουθῶσι
909 2064 993 2154 μηδὲ
1020 2063 1221 2154 μανθάνωσι
1248 2068 1317 2133 τῶν
1332 2087 1357 2127 ιε

170 2172 386 2300 lepops'vorc,
402 2169 485 2241 ἀλλὰ
509 2173 644 2242 ἐτειιλαυ
672 2175 805 2261 λέγηται
833 2173 895 2262 μέν
917 2199 993 2240 τινα
1016 2169 1062 2252 ὡς
1088 2167 1194 2259 ὀργὴν
1217 2166 1237 2258 ἢ
1261 2169 1318 2238 λύ-

168 567 221 602 (⁹¹

169 675 212 710 t

169 787 179 815 t

169 893 179 922 θ

206 2295 241 2386 3
246 2327 335 2396 ὄντως
363 2295 461 2388 M.-
490 2328 695 2420 λαὐαβαίυειν
722 2329 752 2388 δ’
781 2327 818 2387 dv
841 2333 921 2388 codd.
951 2333 1013 2387 edd
1037 2326 1067 2386 δ’
1096 2330 1316 2386 delevimus.-

172 2399 284 2473 6παρίι
303 2399 356 2472 τὴν
374 2400 507 2460 διάνοιαν
526 2405 612 2460 Μ.-
632 2411 683 2474 7η
677 2399 769 2459 ante
789 2399 841 2458 ἐὰν
860 2420 911 2458 noe
929 2403 1158 2458 inseruimus-
1122 2409 1211 2456 -10
1229 2422 1316 2456 κατα-

171 2476 333 2664 pppppztll,
339 2482 434 2587 -th
456 2471 486 2532 τὸ
511 2474 564 2546 μὲν
582 2475 671 2531 M-
667 2425 732 2532 'lm
758 2470 828 2529 ἀλλὰ
852 2477 918 2530 ante
942 2469 1092 2529 ἐπειδὰν·
1084 2474 1315 2530 inseruimus.—

257 2659 382 2666 ——d—

172 2709 301 2775 omnic
336 2732 356 2774 a
393 2731 448 2774 me
485 2708 748 2795 devorantur’,
785 2731 869 2776 cum
903 2729 973 2774 nec
1008 2709 1213 2776 devoratio
1249 2730 1316 2774 nec

172 2815 381 2882 descensus
410 2817 602 2882 dictorum
630 2816 728 2882 alias
760 2816 838 2880 dici
869 2819 1005 2900 posset
1036 2816 1206 2902 proprie,
1237 2816 1316 2881 nisi

172 2923 278 2988 circo
317 2921 516 2988 thoracem
548 2926 651 2990 esset
681 2923 927 3008 principatus
958 2922 1108 2987 enimse
1143 2927 1316 3004 nostrae,

172 3031 220 3094 ud
249 3051 362 3114 quem
389 3029 483 3094 haec
512 3030 640 3095 omnia
667 3029 916 3094 referrentur.
961 3028 1033 3105 Qui
1061 3027 1094 3092 si
1122 3027 1160 3092 in
1188 3028 1316 3111 capite

172 3140 289 3222 esset,
317 3136 482 3201 ridicule
506 3140 543 3200 ct
565 3135 777 3222 improprie
801 3135 1032 3201 descendere
1056 3134 1251 3200 diceretur
1272 3134 1317 3198 de

172 3243 316 3329 verbio,
348 3243 466 3308 immo
494 3243 655 3327 propria
688 3267 816 3311 eorum
844 3246 949 3308 esset
978 3241 1155 3308 ascensio
1182 3241 1316 3326 potius

174 3341 285 3436 quani
312 3349 529 3434 descensio,
561 3351 741 3434 quonism
773 3373 907 3416 sensus
940 3348 1094 3416 auditus
1123 3371 1182 3432 eo,
1209 3369 1318 3433 quem

173 3460 290 3522 autea
316 3455 498 3539 diximus,
530 3457 640 3522 modo
671 3459 716 3523 ed
750 3461 914 3523 mentem
948 3455 1189 3539 reflectitur,
1220 3476 1317 3539 quae

173 3564 205 3628 si
232 3565 272 3629 in
298 3563 460 3628 thorace
488 3563 579 3645 erit,
611 3563 819 3628 descensus
851 3563 1010 3648 proprie
1037 3562 1196 3645 dicitur,
1224 3561 1318 3625 siin

173 3672 314 3756 capite,
344 3669 543 3735 admodum
575 3669 808 3755 improprie?
866 3669 939 3735 Hoc
969 3668 1043 3734 loco
1077 3691 1187 3733 rursus
1215 3665 1316 3750 Chry-

173 3779 286 3864 sippus
319 3777 410 3862 vulgi
436 3776 673 3860 testimonium,
700 3775 787 3861 quod
810 3775 934 3858 attulit,
961 3779 1075 3841 contre
1102 3797 1136 3840 se
1160 3795 1318 3838 essenon

173 3884 415 3970 animadvertit,
449 3883 621 3948 escendere
658 3883 744 3946 enim
780 3882 863 3946 irem
900 3881 953 3946 vel
989 3881 1180 3946 descendere
1216 3880 1318 3945 bilem

173 3995 342 4077 ceteroque
372 3990 405 4055 id
432 4012 549 4077 genus,
576 4011 658 4074 quse
686 3989 849 4072 dicuutur,
876 4010 935 4071 pro
963 3987 1030 4053 illis
1057 3991 1233 4070 testantur,
1262 3987 1317 4070 qui

173 4100 256 4164 iram
284 4117 458 4182 omnesque
486 4097 621 4162 effectus
644 4096 679 4160 in
707 4094 859 4160 inferiore
888 4094 1027 4179 quedam
1051 4094 1196 4178 corporis
1224 4097 1317 4177 purte

173 4205 367 4272 collocstsm
399 4225 469 4267 esse
498 4204 639 4288 itemque
667 4201 827 4267 rationem
854 4200 1018 4285 incapite
1047 4204 1186 4265 censent.
1232 4199 1318 4275 Quin

173 4313 274 4378 etium
311 4311 525 4376 animadverti
559 4311 663 4375 solere
700 4308 805 4372 dicere
840 4307 987 4372 homines
1022 4306 1085 4371 sibi
1121 4307 1221 4370 verba
1251 4327 1317 4370 non

173 4419 381 4502 descendere,
409 4441 475 4482 non
508 4440 580 4482 cum
611 4439 679 4482 non
707 4414 893 4500 percipiunt
919 4435 1021 4498 neque
1049 4412 1244 4496 intellegunt
1270 4433 1317 4495 ce,

226 4533 307 4576 thcul
322 4533 349 4572 de
363 4533 423 4572 Plan.
437 4532 494 4572 Pur.
508 4535 531 4570 et
545 4531 652 4578 Hippocr.
667 4529 728 4570 libri.
1072 4523 1103 4572 19
