3296 5150
673 423 916 488 —351-

218 579 300 651 ὁταν
324 582 374 649 ἐπὶ
399 569 561 668 μήκιστον
584 581 711 669 ίιιτείνρ
735 579 814 660 τοὺς
837 579 969 667 λόγους,
992 577 1102 667 ὥσπερ
1126 577 1144 649 ὁ
1166 577 1367 670 Χρύσιππος.

218 685 301 756 ἀλλὰ
324 687 398 775 περί
422 686 484 774 μὲν
506 685 636 755 τούτων
658 687 712 756 καί
737 685 880 775 σμιιιρὸν
902 685 1044 776 ὕστερον
1068 685 1323 775 ἐπισκεψόμεθα.
1343 690 1348 778 Ι

306 795 391 883 Περὶ
431 792 468 862 dl
505 796 566 862 τοῦ
603 791 648 880 μὴ
681 800 871 881 φροντίζειν
902 798 960 881 τῆς
996 793 1079 882 πρὸς
1117 793 1238 863 ἑαυτὸν
1271 796 1436 872 ἔναυ-380

217 907 385 989 τιολογίας
420 897 524 970 αὐτὸν
560 905 645 988 ἔχων
681 907 728 970 ἔτι
768 907 871 990 μυρία
906 903 1032 987 λέγειν,
1069 897 1090 970 ἃ
1121 900 1204 988 τάχα
1237 897 1281 970 ἂν
1313 903 1368 970 καί

218 1007 375 1094 ὕστερον,
424 1012 455 1076 εί
494 1008 697 1096 μακροτέρας
743 1010 963 1096 ἐπιλαβοίμην
1007 1013 1142 1096 σχολῆς,
1196 1012 1243 1088 είς
1287 1016 1395 1097 μίανι

218 1113 416 1205 ιἰθροίσαιμι
452 1121 678 1203 πραγματείαν
715 1114 860 1202 ἅπαντα,
891 1115 1087 1203 παραλιπὼν
1119 1107 1221 1184 τᾶλλα
1252 1115 1370 1203 μόνων

217 1225 286 1290 τῶν
309 1227 442 1290 οἰκείων
464 1236 534 1302 τοῖς
556 1225 622 1290 νῦν
643 1224 872 1311 προκειμένοις
894 1221 1125 1311 μνημονεύσω.
1165 1221 1227 1310 τὴν
1249 1230 1369 1292 τοίνυν

219 1331 404 1416 ἐπιθυμίαν
445 1330 482 1396 ἐν
522 1331 567 1420 τῷ
600 1329 718 1420 πρώτῳ
755 1331 828 1418 περὶ
865 1335 987 1399 παθῶν
1023 1327 1222 1420 ὁρισάμενος
1258 1327 1369 1419 ὄρεξιν

218 1433 344 1522 ἄλογον
374 1432 480 1523 αὐτὴν
512 1434 614 1504 πάλιν
644 1435 706 1524 τὴν
739 1435 849 1526 ὄρεξιν
881 1439 918 1506 ἐν
950 1440 1032 1530 ἕκτῳ
1062 1442 1131 1508 τῶν
1162 1435 1243 1506 κατὰ
1271 1438 1369 1523 γένος

220 1539 312 1631 ὁρων
339 1539 450 1631 ὁρμὴν
477 1541 617 1631 λογικὴν
645 1541 735 1613 εἶναί
762 1565 868 1632 φησιν
895 1547 951 1614 ἐπί
978 1571 1025 1630 τι,
1058 1543 1141 1615 ὅσον
1173 1543 1251 1633 χρή,
1283 1535 1408 1631 aldovin

222 1647 327 1740 αὐτῷ,
361 1647 447 1718 οὕτω
481 1649 517 1718 dl
546 1647 653 1738 αὐτὴν
685 1649 824 1737 ὁρίζεται
859 1650 922 1721 κᾶν
955 1663 1025 1732 tots
1056 1652 1131 1739 περὶ
1163 1655 1221 1740 τῆς
1253 1649 1368 1741 ὁρμῆς,

221 1754 305 1824 ὥστε
347 1755 408 1824 τὸν
447 1761 506 1844 τῆς
546 1759 725 1845 ἐπιθυμίας
761 1757 844 1847 ὅρον
880 1757 1177 1846 ἄναπτυσσόμευον
1213 1763 1367 1844 γίνεσθαι

220 1867 389 1932 τοιοῦτον·
413 1864 574 1952 ἐπιθυμία
594 1865 684 1932 ἐστίν
703 1863 788 1955 ὁρμὴ
813 1865 928 1954 λογικὴ
949 1869 1004 1936 ἐπί
1019 1893 1062 1950 ιι,
1085 1865 1168 1935 ὅσον
1186 1865 1260 1954 χρή,
1283 1857 1368 1952 ladon

219 1966 320 2061 αὐτῷ,
343 1969 473 2056 ἄλογος.
519 1967 602 2039 ἀλλὰ
626 1971 662 2040 τὸ
690 1973 753 2060 μὲν
781 1975 818 2042 ἐν
842 1976 1063 2065 διαφέρουσιν
1086 1973 1158 2062 ἤτοι
1182 1967 1367 2059 βιβλίοιςῆ

219 2084 353 2164 χωρίοις
378 2083 519 2164 βιβλίων
546 2075 759 2167 ἀναισθήτως
791 2087 879 2167 ἔχειν
905 2085 962 2171 τῆς
990 2083 1240 2167 ἐναντιολογιάς
1266 2072 1366 2166 ἦττον
1382 2105 1407 2144 ιι

220 2183 395 2252 ὁεινὸν·”
375 2210 457 2253 οταν
481 2183 517 2252 dl
541 2187 579 2253 ἐν
601 2183 714 2266 αὐτοῖς
737 2182 788 2265 οἷς
810 2190 995 2274 φθέγγεταί
1019 2215 1069 2268 τις
1097 2189 1232 2256 ἐναντία
1255 2213 1289 2254 τε
1312 2187 1366 2255 καὶ

291 2315 378 2322 -ι--μ

255 2359 393 2420 decerno
412 2315 500 2418 lt-
469 2359 622 2450 -μιιιρὸν
640 2364 721 2419 codd.
741 2365 803 2422 edd
823 2361 940 2452 σμιιιρὸν
959 2383 1071 2422 nos-
1039 2359 1367 2434 -ίιιισιιεψιὸμεθαΜ,

220 2467 253 2476 -
273 2443 357 2506 ὅπερ
358 2457 368 2490 ι
365 2433 462 2491 ’.τεῦ
483 2430 787 2524 —uvtrtoytuexc
807 2432 933 2492 4αὸιὸν
952 2437 981 2492 in
999 2454 1052 2492 ras.
1068 2436 1144 2491 O.—
1166 2435 1367 2524 ὁμιιιροτέρας

219 2507 291 2574 MA·
310 2507 345 2562 cl.
365 2507 488 2594 Proll.p
491 2513 607 2562 ,.-39
629 2513 661 2561 10
681 2501 718 2570 ὥς
737 2499 777 2564 ὧν
796 2526 847 2578 pro
865 2501 1029 2564 ὅσονῡμ-
1050 2503 1143 2576 ᾔδη’
1127 2527 1209 2571 ουτος
1227 2525 1277 2579 pro
1296 2500 1367 2577 ἦσαν

219 2578 300 2634 C—
329 2585 360 2633 13
379 2525 488 2648 dedvp,
513 2579 545 2634 ut
567 2578 686 2646 videtur,
706 2578 793 2634 O.—
821 2588 852 2635 15
872 2580 1005 2650 χωρλςι
977 2579 1184 2653 βίβλωνΜΑΒ
1208 2581 1365 2650 χωριᾞοιςβ

219 2651 263 2706 nl
282 2650 352 2705 Just.
373 2649 443 2704 GhK
463 2651 574 2718 χωρίοις
592 2621 760 2723 puplicis&
779 2651 814 2706 cf.
833 2652 918 2706 Proll.
937 2669 984 2722 pp.
1005 2657 1038 2706 49
1058 2655 1087 2706 et
1106 2657 1147 2707 98.
1169 2682 1201 2690 —

223 2769 261 2778 ...-
278 2769 435 2776 ...u--—.

220 2831 324 2896 multo
367 2829 488 2916 magis,
531 2831 573 2914 si,
614 2835 651 2895 ut
692 2829 913 2918 Chrysippus,
954 2855 1012 2898 ora
1014 2836 1134 2897 ionem
1176 2833 1366 2920 longissime

220 2936 392 3023 protrahit.
438 2935 559 3002 Verium
583 2937 621 3002 de
645 2937 696 3003 his
720 2939 821 3005 etiam
844 2939 942 3025 paulo
965 2942 1043 3023 post
1064 2937 1256 3005 videbimus.

308 3043 340 3110 N
342 3067 404 3110 unc
419 3067 491 3110 cum
506 3049 658 3110 sexcenta
675 3045 898 3112 huiuscemodi
918 3045 1043 3130 possim
1061 3044 1191 3130 referre,
1209 3047 1366 3132 quamsit

220 3153 401 3218 incuriosus
433 3151 521 3218 illius
554 3173 663 3218 secum
693 3154 940 3238 repugnantiae,
967 3175 1048 3238 quae
1077 3149 1215 3218 fortasse
1243 3159 1366 3239 postea,

101 3314 104 3322 .
219 3260 275 3324 nbi
299 3260 398 3344 paulo
421 3259 556 3324 liberius
579 3261 684 3325 otium
707 3264 822 3326 nactus
846 3283 911 3344 ero,
934 3260 969 3324 iu
992 3282 1090 3324 unum
1113 3259 1233 3325 librum
1257 3261 1366 3324 omnia

221 3387 410 3450 congeram,
448 3367 688 3450 praetermissis
722 3369 837 3432 ceteris
874 3391 912 3432 ea
939 3371 1081 3450 tantum,
1112 3387 1194 3451 quae
1225 3367 1266 3432 ad
1298 3389 1365 3432 rem

221 3474 424 3556 propositam
447 3475 621 3558 pertinent,
644 3475 915 3541 commemorabo.
961 3471 1042 3539 Cum
1070 3474 1171 3558 igitur
1198 3473 1232 3538 in
1260 3474 1365 3558 primo
1444 3455 1449 3466 ⁵

221 3577 260 3642 de
292 3581 590 3662 perturbationibus
623 3582 834 3668 cupiditatem
867 3603 938 3646 esse
971 3581 1205 3665 appetitionem
1238 3581 1366 3647 irratio-

221 3684 330 3748 nalem
352 3685 527 3772 definierit,
550 3687 634 3753 hanc
657 3687 763 3772 ipsam
786 3711 897 3754 mrsus
920 3689 1069 3754 inserto
1092 3689 1292 3772 generalium
1315 3690 1367 3753 de-

223 3789 405 3856 finitionum
438 3793 638 3858 voluntatem
670 3796 864 3862 rationalem
897 3819 966 3860 esse
1002 3793 1082 3860 dicit
1113 3795 1153 3860 ad
1191 3796 1366 3861 iucundum

222 3897 384 3982 quiddam,
407 3901 564 3984 quatenus
588 3901 693 3986 decet,
716 3903 898 3988 incitatam,
926 3925 985 3967 nec
1013 3903 1120 3968 minus
1143 3903 1177 3967 in
1205 3902 1298 3968 libris
1326 3904 1365 3967 de

222 4004 387 4070 voluntate
411 4006 458 4070 ita
481 4007 602 4092 delinit,
625 4012 662 4072 ut
680 4011 868 4094 cupiditatis
892 4009 1048 4093 delinitio,
1070 4009 1098 4074 si
1122 4009 1309 4093 explicetur,
1331 4011 1365 4074 in

221 4111 307 4177 hunc
331 4113 462 4178 modum
486 4135 520 4177 se
544 4113 677 4182 habeat:
701 4115 862 4200 cupiditas
885 4121 936 4182 cst
957 4117 1108 4183 voluntas
1132 4117 1300 4182 rationalis
1324 4117 1365 4182 ad

220 4219 394 4284 iucundum
418 4221 580 4304 quiddam,
602 4227 761 4307 quatenus
784 4225 885 4308 decet,
907 4224 1051 4307 incitata,
1073 4223 1280 4288 irrationalis.
1320 4225 1366 4290 At

222 4326 249 4389 si
272 4326 343 4411 quis
368 4326 400 4390 in
424 4327 561 4394 diversis
589 4329 682 4394 libris
710 4330 760 4395 vel
789 4331 869 4396 loeis
896 4331 1054 4395 librorum
1083 4329 1244 4396 dictorum
1271 4354 1364 4416 repu-

221 4435 390 4518 gnantiam
425 4457 490 4500 nou
518 4436 768 4520 animadvertit,
801 4437 907 4503 minus
936 4438 1021 4502 male
1050 4461 1100 4502 res
1129 4460 1163 4501 se
1192 4439 1303 4518 babet;
1336 4439 1365 4503 si
