3376 5144
642 433 883 498 -763-

192 587 439 675 *ταπεινότερον
461 585 500 656 τὸ
519 594 644 676 χωρίον
662 595 786 675 γίνεται
811 585 832 677 ἢ
854 587 892 658 τὸ
917 594 1019 658 ἔνθεν
1037 591 1092 658 καὶ
1112 594 1223 660 ἔνθεν.
1260 589 1337 680 διὰ(

192 697 302 763 ’τοῦτο
327 697 550 777 ἐξαπατῶνται
575 695 724 782 οἰόμενοι
747 695 826 776 τοὺς
848 695 1059 776 σπονδύλους
1081 701 1145 764 ἔσω
1165 698 1408 783 οίχεσθαι3750

192 800 243 870 ὅτι
268 801 304 870 δὲ
327 808 486 888 μεγίστην
509 807 573 889 ἔχει
597 801 744 890 δύναμιν
766 797 786 890 ἡ
809 806 877 870 τῶν
900 801 1027 889 ὁμοίων
1049 828 1083 870 τε
1102 804 1156 870 καὶ
1171 800 1343 891 ἀνομοίων

194 909 375 994 διάγνωσις
396 910 452 977 καὶ
474 913 538 989 πᾶς
565 915 723 996 τεχνίτης·
747 913 852 977 δεῖται
889 913 1093 996 διακρίνειν,
1131 914 1161 976 εί
1196 906 1340 998 ὅμοιαῆ

193 1011 338 1102 άνόμοια
361 1012 401 1082 τά
430 1016 605 1103 πράγματά
633 1017 716 1100 ἐστι,
749 1016 822 1102 περὶ
846 1011 867 1083 δ
891 1019 1065 1102 διατρίβει,
1089 1013 1209 1104 άθρεῐν
1233 1021 1367 1084 ἕνεστιε

193 1118 255 1188 κάκ
272 1125 371 1189 τοῦδε
390 1125 451 1190 τοῦ
469 1126 742 1208 παραδείγματος.
780 1119 893 1208 ἐπειδὴ
917 1119 981 1208 γάρ
1001 1123 1039 1189 ἐν
1056 1128 1223 1212 γυμνασίᾳ
1237 1138 1341 1192 κεῖται

193 1225 230 1296 τὸ
254 1236 410 1296 πλεῖστον
425 1232 489 1314 τῆς
512 1228 730 1315 προκειμένης
752 1227 920 1315 γνώσεως,
950 1225 1012 1296 οὐκ
1035 1229 1073 1296 ἐν
1099 1243 1169 1309 τοῖς
1191 1229 1343 1299 καθόλου

193 1339 438 1422 παραδείγμασι
461 1333 523 1423 χρὴ
547 1336 696 1421 βλέπειν,
719 1332 803 1403 άλλά
827 1336 864 1402 ἐν
886 1342 1023 1416 πολλοῖς
1044 1362 1079 1404 τε
1102 1336 1156 1404 καὶ
1179 1342 1343 1416 ποικίλοις

193 1440 419 1528 γυμνάζεσθαι
443 1443 497 1510 καὶ
516 1441 659 1529 μάλιστα
681 1439 769 1527 παρὰ
793 1455 862 1521 τοῖς
880 1440 998 1530 ἄριστα
1017 1444 1342 1530 μεταχειρισαμένοις

193 1547 256 1636 τὴν
279 1549 353 1635 περὶ
377 1552 480 1616 ταῦτα
502 1549 634 1635 τέχνην,
652 1545 858 1632 Ἱπποκράτει
883 1549 994 1616 τεκαὶ
1022 1549 1185 1618 Πλάτωνι.
1359 1575 1382 1614 ιο

285 1656 467 1736 Δείξαντος
496 1657 581 1741 γοῦν
607 1657 668 1721 τοῦ
696 1652 880 1734 Πλάτωνος
907 1657 944 1724 ἐν
971 1660 1016 1748 τῷ
1046 1655 1165 1747 πρώτῳ
1192 1660 1250 1743 τῆς
1273 1663 1342 1724 Πο-

194 1768 315 1840 λιτείας
343 1763 394 1829 ἐπὶ
422 1760 587 1828 πλειόνων
609 1761 903 1851 παραδειγμάτων,
932 1754 980 1831 ὧν
1009 1763 1076 1831 ἐστι
1103 1764 1158 1830 καὶ
1181 1767 1341 1850 κυβερνη-

193 1867 266 1938 τικά
290 1870 345 1936 καὶ
368 1867 511 1956 ἰατρικά,
540 1866 619 1947 τοὺς
645 1874 809 1955 τεχνίτας,
842 1860 891 1937 ὧν
919 1865 962 1938 άν
985 1867 1110 1957 ἄρχωσι
1133 1871 1187 1938 καὶ
1212 1873 1342 1939 διοικῶ-

195 1997 259 2064 σιν,
282 1977 421 2055 ἐκείνοις
455 1973 518 2061 τὴν
554 1971 733 2060 ὠφέλειαν,
771 1973 832 2062 οὐχ
860 1977 990 2056 ἑαντοῑς
1013 1979 1259 2065 ἐκπορίζεσθαι,
1287 2004 1342 2045 κα-

194 2082 376 2169 ταγελάσας
397 2080 617 2169 Θρασύμαχος
644 2083 813 2170 ποιμένων
848 2110 882 2150 τε
914 2084 969 2151 καὶ
1006 2083 1182 2169 βουκόλων
1217 2111 1343 2171 μνημο-
1359 2107 1383 2146 ιτ

196 2189 284 2258 νεύει
307 2189 344 2257 τὸ
370 2190 499 2269 ἑαυτοῖς
522 2189 712 2277 συμφέρον,
750 2187 792 2259 οὐ
831 2189 868 2259 τὸ
897 2203 967 2269 τοῖς
1001 2189 1183 2276 προβάτοις
1214 2216 1249 2258 τε
1286 2191 1341 2258 καί

198 2327 410 2336 n--.—-—-—

231 2387 332 2440 θείοιο
352 2385 431 2441 οοδδ.
451 2385 564 2441 edd—
591 2384 768 2454 arreptam
787 2384 986 2441 MABChoe-
1013 2391 1045 2440 10
1065 2379 1189 2453 ίκποκρ
1171 2404 1225 2453 ατη
1245 2385 1339 2440 ΜΔΒ.

196 2487 229 2498 -
249 2463 280 2510 11
302 2476 355 2511 ουν
370 2457 449 2512 codd.
465 2457 527 2512 edd.
546 2475 617 2525 γουν
631 2473 737 2511 noa-
759 2464 792 2511 12
812 2453 871 2513 ἐστὶ
888 2457 937 2510 καί
956 2451 1143 2528 κυβερνητικά
1159 2455 1208 2510 καλ
1227 2452 1339 2524 ἰατρικά

196 2529 224 2582 Μ
248 2524 305 2582 ἐστὶ
329 2527 378 2582 καὶ
404 2528 572 2599 κνβερνηταὶ
597 2527 658 2597 (sic)
685 2527 734 2582 κοιλ
758 2526 850 2614 ίατρολ
873 2529 924 2582 ΑΒ
951 2527 1005 2583 είσι
1028 2527 1076 2582 καὶ
1099 2528 1270 2614 κυβερνῆται
1293 2528 1341 2582 καλ

196 2597 286 2667 ίατρολ
305 2599 388 2666 ChK;
408 2599 442 2654 cl.
462 2598 546 2654 Proll.
565 2618 592 2668 p.
614 2605 709 2654 69.-
735 2607 767 2655 13
786 2593 824 2653 dv
842 2617 896 2655 om.
915 2599 995 2655 codd.
1015 2598 1130 2655 edd.-
1155 2594 1275 2668 ἄρχουσι
1293 2599 1342 2654 καὶ

196 2670 442 2724 διοικοῦσιΚ.-
462 2676 495 2724 16
514 2689 543 2724 τε
564 2687 618 2726 om
638 2671 674 2725 M.
695 2703 727 2710 —

197 2835 279 2898 sive
301 2855 415 2898 unum
439 2833 522 2897 sire
550 2833 679 2918 plura,
706 2857 750 2898 ea
775 2834 816 2898 in
843 2837 956 2918 parte
984 2834 1094 2900 locus
1118 2835 1343 2918 depressior

196 2941 247 3006 fit
273 2963 385 3026 quam
414 2941 504 3006 hinc
532 2946 571 3006 et
602 2941 697 3006 inde.
748 2941 801 3006 Ac
833 2945 1043 3026 propterea
1076 2941 1343 3026 decipiuntur,

197 3071 279 3115 cum
309 3048 513 3114 vertebras
541 3049 647 3114 intro
680 3048 849 3113 cessisse
878 3047 1112 3132 opinantur?
1162 3048 1341 3114 Maximam

196 3179 271 3222 vero
295 3156 361 3221 vim
386 3155 542 3221 similium
563 3159 595 3220 et
613 3155 821 3220 dissimilium
841 3155 1082 3222 distinctionem
1101 3155 1221 3220 habere
1245 3159 1341 3240 atque
1373 3241 1376 3248 Ι

196 3285 456 3349 unumquemque
480 3263 652 3346 artificem,
675 3262 840 3342 similesne
864 3285 905 3326 an
928 3261 1104 3327 dissimiles
1127 3263 1192 3328 sint
1214 3285 1280 3347 res,
1307 3263 1341 3327 in

196 3371 314 3457 quibus
347 3374 509 3455 versatur,
545 3369 726 3434 discernere
754 3369 870 3435 debere
899 3369 999 3434 etiam
1028 3390 1066 3432 ex
1104 3369 1167 3435 hoc
1195 3371 1341 3454 exemplo

197 3479 350 3563 colligere
373 3478 457 3542 licet.
495 3477 655 3555 Quoniam
675 3477 761 3541 enim
785 3477 817 3541 in
839 3476 1068 3542 exercitatione
1092 3476 1199 3560 huius,
1222 3477 1261 3542 de
1279 3499 1343 3563 qua

197 3585 394 3670 quaerimusr,
418 3584 614 3670 cognitionis
643 3606 720 3668 pars
749 3583 924 3668 praecipua
946 3583 1107 3650 collocata
1130 3587 1193 3668 est,
1220 3607 1285 3650 non
1309 3585 1343 3649 in

197 3692 434 3758 universalibus
458 3692 614 3776 exemplis
638 3713 707 3755 rem
727 3695 883 3776 spectare,
907 3692 962 3756 sed
986 3691 1020 3755 in
1042 3690 1155 3755 multis
1179 3691 1342 3775 variisque

197 3799 337 3864 exerceri
361 3823 443 3884 opus
467 3801 517 3862 est
540 3799 744 3883 maximeque
768 3799 809 3863 ab
833 3798 883 3882 iis,
906 3798 960 3882 qui
983 3797 1068 3863 hanc
1091 3800 1195 3862 artem
1219 3797 1341 3882 optime

197 3909 428 3989 tractaverunt,
451 3905 653 3989 Hippocrate
677 3909 710 3969 et
732 3904 879 3989 Platone,
903 3905 1089 3987 depromtis.

286 4013 381 4078 Plato
415 4013 544 4098 quidem
578 4035 650 4076 cum
684 4014 718 4077 in
749 4014 855 4096 primo
888 4011 926 4076 de
955 4011 1136 4094 Republica
1167 4031 1240 4074 cnm
1268 4009 1342 4075 aliis

198 4121 309 4186 multis
341 4120 511 4204 exemplis,
543 4124 613 4184 tum
645 4119 777 4186 narium
805 4120 1058 4205 gubernatorum
1087 4121 1119 4181 et
1145 4117 1343 4182 medicorum

198 4228 454 4293 demonstrasset
486 4226 626 4291 artifices
658 4227 714 4312 iis,
747 4228 864 4311 quibus
894 4229 1083 4311 praeessent
1113 4245 1256 4309 quosque
1288 4224 1342 4289 ad-

199 4335 436 4418 ministrarent,
467 4356 533 4400 non
566 4333 628 4398 sibi
661 4334 866 4418 suppeditare
898 4332 1072 4416 utilitates,
1103 4329 1250 4396 deridens
1279 4329 1343 4398 hoc

198 4440 460 4525 Thrasymachus
495 4441 674 4525 opilionum
708 4446 740 4507 et
777 4441 997 4532 bubulcorum·
1024 4439 1222 4504 mentionem
1255 4438 1345 4523 facit,
