3166 5192
577 417 820 484 -511-

126 577 208 653 δοῦς
231 583 281 660 alp
305 575 451 661 δένδρου
477 573 514 642 τὸ
539 574 675 662 σπέρμα.
720 581 788 661 μίαΙ
807 573 869 660 μὲν
896 563 959 640 οὖν
986 569 1070 659 άρχὴ
1098 577 1155 660 τῆς
1181 574 1270 658 νενί-

124 681 208 760 σεοίς
239 683 306 748 ἐστι
335 681 390 748 καὶ
417 684 475 766 τῆς
502 677 671 768 αὐξήσεως
697 678 798 748 άπασι
826 683 887 746 τοῦ
909 681 1019 766 φυτοῦ
1045 693 1114 758 τοῖς
1137 681 1272 766 μέρεσιν

125 785 143 854 ὁ
168 787 270 868 τόπος
294 789 434 872 ἐκεῖνος,
462 785 545 856 ὅθεν
568 785 639 855 άνω
667 786 729 874 μὲν
750 785 787 854 τὸ
812 788 975 874 πρέμνον,
1003 782 1023 872 ἡ
1048 784 1084 852 δὲ
1107 782 1190 872 άρχὴ
1214 789 1272 872 τῆς

125 892 288 979 ῥιζώσεως
306 893 393 962 κάτω
413 901 550 980 γίνεται,
574 895 627 961 καὶ
652 901 805 980 φαίνεται
824 891 976 980 καθάπερ
996 897 1032 960 ἐκ
1049 917 1141 970 τινος
1164 893 1298 971 ἑστίαςι

122 997 142 1086 ἡ
168 1003 344 1068 διοικοῦσα
367 999 403 1068 τὸ
424 1002 569 1087 δένδρον
588 999 731 1088 δύναμις
750 1001 880 1067 ἐκεῖθεν
898 995 1086 1086 ὁρμωμένη.
1106 1001 1110 1086 l
1130 1013 1337 1073 nivalensem

123 1105 187 1194 μὲν
205 1098 268 1174 οὖν
286 1106 346 1186 τὰς
364 1108 517 1187 ἐναντίας
539 1106 696 1195 κινήσεις,
720 1112 767 1186 είς
785 1105 847 1192 μὲν
869 1105 906 1175 τὸ
926 1105 1013 1174 κάτω
1032 1105 1087 1174 καί
1106 1103 1143 1172 τὸ
1163 1104 1272 1192 βάθος

122 1217 181 1300 τῆς
207 1217 268 1300 γῆς
295 1219 333 1282 ἔν
364 1239 398 1280 τε
426 1217 470 1304 τῷ
499 1220 704 1299 κατασχίξειν
732 1218 779 1292 είς
801 1211 907 1281 πολλά
934 1210 993 1291 τὰς
1020 1211 1151 1299 πράτας
1182 1213 1272 1298 ῥίζας

123 1320 177 1388 καὶ
197 1317 355 1400 αὐξάνειν
374 1327 408 1404 †·
433 1326 480 1399 τίς
502 1321 538 1387 δὲ
557 1319 594 1388 τὸ
615 1318 685 1388 ἄνω
709 1319 853 1398 κλάδους
875 1321 937 1406 μέν
959 1345 1053 1398 τινας
1071 1315 1271 1404 άποφύουσοι

122 1429 185 1493 τοῦ
208 1427 395 1512 στελέχους,
419 1428 567 1506 ἐκείνους
590 1426 626 1494 δὲ
650 1419 752 1506 αὖθις
774 1431 821 1504 είς
844 1425 976 1512 ἑτέρους
998 1431 1154 1512 σχίζουσα
1176 1425 1270 1512 μέχρι

123 1535 191 1600 τῶν
214 1531 363 1620 ἐσχάτων
385 1534 440 1600 καὶ
463 1532 671 1601 λεπτοτάτων
694 1535 856 1617 βλαστών.
900 1531 955 1599 καὶ
979 1532 1069 1598 ἔοικέ
1088 1558 1125 1617 γε
1148 1530 1185 1600 τὸ
1210 1531 1272 1619 μὲν
1286 1555 1311 1594 ιο

123 1637 194 1708 άνω
218 1641 318 1726 μέρος
338 1637 437 1722 άπαν,
460 1637 541 1726 ὅπερ
565 1640 632 1708 ἐστὶ
651 1637 689 1707 τὸ
709 1640 864 1725 δένδρον,
888 1638 999 1706 ἕνεκεν
1020 1638 1140 1706 ἑαυτοῦ
1162 1639 1269 1706 τεκαὶ

122 1751 184 1814 τοῦ
206 1749 336 1834 καρποῦ
355 1745 577 1831 διαπλάττειν,
599 1759 637 1815 το
660 1745 748 1814 κάτω
768 1744 804 1812 δὲ
828 1740 911 1831 ὑπὲρ
933 1747 991 1831 τῆς
1013 1743 1095 1812 κατά
1118 1745 1180 1832 τὴν
1196 1770 1271 1832 τρο·

122 1852 193 1940 (μὴν
225 1851 391 1941 εὐπορίας.
445 1850 565 1921 ὁποῖον
597 1851 660 1940 γάρ
697 1879 728 1920 τι
761 1865 830 1930 τοῖς
859 1850 954 1943 ζςάοις
985 1852 1053 1920 ἐστὶ
1085 1850 1122 1920 τὸ
1153 1851 1270 1941 στόμα,

159 2073 175 2118 6
195 2065 324 2120 εινοῦται
343 2067 379 2122 M.
404 2099 436 2106 -
463 2075 477 2122 ‘l
498 2071 563 2137 post
580 2067 759 2135 παννυχίζειν
782 2066 868 2120 verba
891 2060 942 2119 τὸν
966 2061 1085 2137 βλαστὸν
1108 2067 1271 2138 πολυμερῶς

124 2135 300 2190 inseruerunt
318 2137 401 2202 Chll;
427 2139 460 2193 es.
480 2138 565 2192 Proll.
584 2157 611 2208 p.
632 2143 674 2190 bt‘.
700 2169 731 2176 —
757 2132 861 2198 πολλάς
880 2136 958 2190 (ἾιΚ.
979 2167 1012 2176 -
1036 2135 1114 2205 δι’ζοις
1133 2133 1270 2204 αὐξάνειν

124 2205 203 2258 οοδδ.
224 2206 285 2262 edd.
306 2205 383 2275 όίζας
401 2209 449 2262 καί
470 2203 500 2262 ἐν
523 2211 561 2282 τῷ
580 2204 642 2274 ude.
663 2207 743 2263 Corn.
768 2205 816 2260 καλ
836 2203 898 2273 τιν’ξ.
923 2225 981 2261 nos.
1002 2239 1033 2246 -
1060 2217 1075 2260 6
1099 2213 1163 2276 post
1182 2205 1269 2274 αὐξά-

124 2294 184 2400 i‘ii
195 2278 332 2414 tltttt
351 2278 1270 2436 llsstltalblilldttltlfftltfllaldt‘bltl‘f

677 2396 682 2406 .
954 2391 973 2416 .,
1192 2393 1198 2404 .

123 2413 174 2480 τάς
192 2439 220 2474 τε
241 2418 289 2473 καλ
307 2416 359 2482 τάς
376 2417 536 2490 αποφάσεις
554 2421 617 2476 coll.
637 2421 698 2476 Gal.
719 2421 773 2474 rol.
793 2420 842 2483 w,
862 2427 914 2474 666
934 2420 967 2474 K.
994 2453 1024 2459 -
1049 2439 1103 2474 τισι
1121 2439 1172 2490 pro
1192 2441 1271 2484 τινας

125 2489 164 2552 Μς
185 2497 249 2560 pest
267 2511 320 2545 τισι
340 2494 460 2562 spatium
476 2511 535 2547 rae.
551 2510 651 2547 navem
669 2493 726 2547 lere
746 2492 916 2558 litterarum
937 2491 1063 2560 sequitur
1077 2491 1222 2562 στελέχους
1240 2493 1269 2546 in

124 2561 151 2614 M
171 2559 250 2625 τινάς
268 2558 466 2632 decadonem
486 2565 539 2618 AB
562 2585 585 2621 τ,
605 2558 786 2632 άποφάουτιν
807 2561 876 2616 chK
897 2583 919 2616 τ.
938 2558 1127 2630 άποφάσονσα
1147 2561 1226 2618 Corn.
1247 2585 1270 2620 τ.

123 2625 295 2702 άποφάοοσα
315 2652 373 2690 nos.
395 2667 424 2674 -
447 2643 462 2688 9
481 2636 530 2690 κοιλ
549 2633 695 2704 στελέχους
713 2634 764 2687 AB
775 2633 856 2688 Corn.
876 2634 926 2688 τοῦ
946 2653 984 2688 σε.
1001 2632 1081 2691 ch&
1102 2667 1133 2675 —
1154 2630 1265 2689 ἐκείνου

124 2703 191 2760 MA.
216 2736 248 2744 —
273 2708 414 2776 οχίζουοιν
438 2707 517 2762 οοδδ.
541 2707 602 2760 edd.
631 2708 762 2776 σχίζουσα
786 2705 866 2760 Corn.
891 2737 924 2745 —
948 2707 1014 2775 post
1036 2707 1176 2774 σχίζουσιν
1195 2713 1265 2775 spat.

123 2791 182 2832 vae.
198 2777 281 2830 trium
297 2777 465 2844 litterarum
485 2778 610 2847 sequitur
628 2773 693 2847 ἄχρι
707 2777 735 2831 in
750 2777 786 2833 M.
804 2807 836 2816 -
857 2785 889 2831 10
909 2775 984 2831 ἔοικέ
999 2795 1027 2830 τε
1043 2773 1075 2832 τὸ
1090 2777 1176 2830 ΜΑΒ
1193 2777 1267 2832 ἔοικε

123 2843 154 2900 τὸ
174 2847 245 2902 ChK
270 2847 344 2903 ίοικὲ
367 2868 398 2918 γε
425 2845 456 2903 τὸ
476 2866 539 2916 οοος
564 2849 598 2904 el.
618 2849 701 2903 Proll.
726 2867 772 2918 pp.
792 2853 825 2902 67
845 2849 875 2902 et
893 2855 935 2903 82.
962 2881 992 2887 --
1019 2855 1049 2902 11
1071 2849 1138 2918 μίαν
1157 2843 1195 2911 οἱς
1213 2867 1264 2918 pro

123 2917 207 2990 μέρος
225 2918 262 2974 Μ.
283 2951 315 2960 -
336 2927 369 2974 12
388 2915 438 2976 τὸν
456 2917 566 2990 supuda
585 2921 651 2975 MA.
673 2953 704 2960 -
726 2927 758 2974 13
778 2915 831 2989 γάρ
851 2913 882 2972 ἓν
901 2925 959 2982 τοῖς
977 2919 1015 2973 Μ.
1036 2949 1067 2960 ·—

123 3143 267 3225 utraque,
291 3139 317 3204 si
341 3137 519 3203 multifidae
543 3137 670 3204 arboris
694 3159 804 3202 semen
827 3140 885 3220 est,
910 3135 944 3202 in
968 3137 1088 3201 multas
1111 3137 1270 3203 scinditur

122 3246 315 3329 particulas,
342 3249 380 3310 ut
405 3267 504 3310 unum
529 3247 562 3309 et
590 3247 679 3310 ortus
702 3246 737 3308 et
758 3241 948 3309 inerementi
973 3245 1124 3310 omnibus
1157 3245 1268 3330 stirpis

121 3353 270 3434 partibus
290 3353 485 3436 principium
504 3353 611 3418 locum
629 3350 722 3416 illum
742 3372 811 3416 esse
832 3355 997 3435 appareat,
1015 3351 1098 3416 unde
1118 3355 1151 3416 et
1170 3373 1269 3436 supra

122 3461 256 3522 tnmcus
281 3464 314 3523 et
335 3459 422 3524 infra
444 3457 609 3524 radicandi
632 3457 762 3524 initium
785 3457 939 3542 nascitur,
963 3457 1171 3542 videaturque
1195 3459 1268 3524 inde

123 3565 290 3650 tamquam
310 3587 326 3628 e
344 3567 566 3650 penetralibus
585 3587 632 3650 ea,
655 3587 737 3651 quae
757 3565 906 3630 arborem
929 3563 1014 3649 regit
1031 3565 1269 3651 dispensatque,

123 3667 263 3734 facultas
287 3673 457 3756 proficisci.
502 3673 659 3758 Agitatur
685 3673 788 3758 igitur
811 3670 974 3738 contrario
1004 3675 1094 3736 motu
1118 3672 1268 3737 deorsum

123 3774 157 3840 in
180 3777 281 3842 imam
308 3781 430 3842 terram
457 3779 579 3863 primas
603 3779 727 3845 radices
754 3783 825 3844 turn
848 3777 1062 3842 multifariam
1085 3777 1269 3862 scindendo,

28 3911 34 3926 ·
122 3885 191 3946 tum
226 3885 354 3948 easdem
386 3885 534 3970 augendo
566 3890 605 3970 †,
637 3909 764 3952 sursum
796 3908 904 3950 ramos
937 3884 1093 3969 quosdam
1122 3907 1139 3949 e
1167 3885 1268 3970 stirpe

122 3992 394 4077 progerminando
422 3995 519 4076 atque
548 3993 683 4058 subinde
711 3993 745 4058 in
773 3993 856 4060 alios
885 3993 925 4058 ad
954 4013 1081 4056 summa
1107 4013 1208 4076 usque
1236 3997 1269 4066 et

123 4097 344 4164 minutissima
371 4101 515 4186 virgulta
541 4099 746 4166 diffindendo.
797 4101 845 4165 Αο
872 4099 1000 4164 ridetur
1027 4097 1156 4182 quidem
1183 4097 1268 4163 hane

123 4206 323 4290 superiorem
346 4211 474 4291 partem
499 4229 637 4290 omnem,
660 4229 741 4293 quae
765 4206 876 4270 eadem
901 4206 998 4270 arbor
1020 4206 1083 4288 est,
1105 4209 1176 4268 tum
1200 4227 1268 4288 sua,

119 4313 192 4377 tum
210 4312 334 4378 fraenis
354 4337 452 4378 eausa
470 4313 681 4396 conformare,
704 4313 902 4395 inferiorem,
924 4334 987 4396 quo
1007 4310 1153 4376 alimenti
1173 4311 1267 4395 eopia

122 4417 174 4482 sit
229 4419 331 4495 Quale
364 4421 450 4486 enim
483 4420 678 4486 animalibus
711 4441 761 4504 os,
792 4419 858 4483 tale
890 4417 1047 4502 stirpibus
1079 4419 1266 4484 extremitas
