3296 5150
614 421 856 485 -371-

162 574 314 665 ἐφεξῆς’
300 604 318 645 ο
344 575 572 658 Ποσειδώνιος
594 578 649 645 καλ
671 577 750 646 τάδε
774 576 908 667 μμάφει·
945 579 1021 645 είτε
1044 571 1127 663 πρὸς
1149 576 1193 666 τῷ
1216 599 1308 702 μεμε·

162 687 228 752 ‘dee
251 685 555 772 τῶνφαινομένων
578 685 689 752 καὶ
656 712 719 771 την
737 682 979 753 ἀσθένειαν
941 711 999 771 της
1016 685 1123 769 ψυχῆς
1142 709 1162 749 α
1164 680 1308 750 ίτιάσον-

162 793 225 859 ’ται
258 791 313 859 καὶ
346 788 402 858 διὰ
433 795 532 860 τοῦτο
564 790 644 871 τοὺς
674 793 736 878 μὲν
765 790 893 879 σοφοὺς
923 791 960 859 τὸ
989 789 1144 878 παράπαν
1173 790 1308 876 ἐροῦσιν

162 896 386 985 ’ἀπηλλάχθαι
416 901 484 966 τῶν
511 902 646 983 παθῶν,
673 897 753 980 τοὺς
776 897 811 966 di
839 897 991 986 φαύλους
1013 903 1049 983 †‚
1078 893 1131 965 ὅτε
1156 893 1310 974 ἀσθενεῖς

162 1007 251 1087 (ζῶσι
279 1003 324 1092 μὴ
353 1003 434 1073 κατὰ
466 1004 528 1092 τὴν
559 1005 679 1094 κοινὴν
711 1003 910 1091 ἀσθένειαν,
942 1002 1024 1074 ἀλλά
1056 1003 1138 1072 κατὰ
1166 1002 1228 1090 τὴν
1256 1004 1335 1070 ἑπίῠ

163 1114 290 1181 ’πλεῖον
314 1113 531 1200 ἐρρυηκοΐαυ,
555 1110 635 1182 οὐδὲ
659 1112 765 1195 οὕτως
786 1116 918 1182 λέλυται
940 1111 978 1181 τὸ
1003 1110 1213 1198 ζητούμενον.
1259 1108 1309 1178 ὅτι

164 1216 240 1306 ‘peip
264 1216 320 1286 ἀιά
343 1217 406 1306 τὴν
425 1218 529 1287 νόσον
547 1225 605 1309 τῆς
623 1225 730 1308 ψυχῆς
748 1223 786 1289 ἐν
807 1236 878 1301 τοῖς
895 1219 1018 1288 πάθεσι
1042 1224 1206 1306 γίνονται,
1229 1216 1310 1284 πάν-

164 1326 228 1405 “τες
254 1322 469 1413 ὁμολογοῦσι·
498 1331 566 1406 πῶς
592 1328 706 1415 μέντοι
734 1355 770 1414 με
798 1333 993 1414 κινηθείσης
1018 1326 1074 1394 καὶ
1104 1330 1172 1405 πῶς
1199 1319 1320 1394 πινού-Ι

166 1433 251 1518 ‘opp
284 1438 421 1519 ζητεῖται
449 1435 527 1521 μέν,
556 1431 617 1520 οὐχ
644 1432 879 1504 ἀποδείκνυται
908 1436 965 1502 δέ’
1016 1431 1085 1501 εἶτα
1113 1434 1229 1520 ἐφεξῆς
1256 1431 1310 1500 καὶ

165 1536 245 1606 τάδε
268 1538 399 1626 γράφει·
433 1537 488 1608 ‘ori
510 1540 617 1627 μόνον
640 1541 676 1608 dt
700 1546 736 1610 oi
757 1543 808 1610 ἐπὶ
832 1543 934 1610 πλέον
957 1544 1159 1629 ίηρυηκυΐαυ
1182 1545 1312 1626 ἔχοντες
1327 1557 1351 1596 10

167 1643 241 1731 ‘tipo
263 1651 382 1713 κακίαν
401 1647 406 1737 l
426 1648 481 1714 καί
505 1649 542 1716 ἐν
565 1663 636 1728 ταῖς
654 1645 891 1736 εὐεμπτωσίαις
913 1647 1007 1728 ὄντες
1025 1649 1244 1735 ἐμπίπτουσιν
1267 1651 1314 1727 είς
1322 1661 1379 1716 899

167 1750 218 1818 ‘eci
237 1749 342 1838 τιάθη,
366 1752 449 1822 ἀλλὰ
467 1755 589 1834 πάντες
607 1761 642 1824 ot
657 1754 814 1844 ἄφρονες,
836 1757 899 1837 ἕως
916 1752 959 1823 ἀν
982 1761 1080 1844 ἔχωσι
1098 1754 1160 1841 τὴν
1183 1760 1314 1838 κακίαν,

167 1857 233 1925 *καί
263 1863 310 1938 είς
336 1859 461 1948 μεγάλα
488 1861 581 1949 πάθη
610 1863 664 1930 καί
693 1867 740 1942 είς
766 1861 866 1950 μικρὰ
898 1863 1115 1950 ἐμπίπτουσι]
1161 1862 1216 1929 καὶ
1238 1859 1314 1930 τού-

167 1992 236 2034 των
264 1967 336 2055 ἕξῆς
362 1967 453 2036 τάδε·
487 1970 539 2038 ‘rb
569 1969 605 2037 dt
628 1967 879 2057 ὑπολαμβάνειν
905 1967 986 2036 κατά
1015 1965 1111 2050 ἀξίαν
1138 1966 1315 2037 εἶναιτῶν

169 2074 440 2207 (συμβεβηκότων
467 2073 573 2156 οὕτως
599 2081 810 2164 κεκινῆσθαι,
843 2075 925 2144 ὥστε
957 2073 1227 2163 ἀποστρέφεσθαι
1254 2075 1315 2144 τὸν
1329 2091 1354 2131 1⁵

204 2259 220 2306 2
250 2201 439 2308 ulroioicowro
467 2255 495 2308 Μ
524 2249 695 2310 αίτιάοοιντο
725 2255 852 2310 ABChK
876 2251 1052 2342 αίτιάσονται
1075 2271 1138 2321 n0s;
1167 2255 1201 2310 oi.
1230 2253 1315 2308 Proll.

169 2341 196 2394 p
218 2329 334 2378 101.-
300 2329 458 2396 -4post
481 2321 609 2394 φαύλους
631 2327 757 2412 suspicor
779 2327 914 2382 excidisse
937 2321 990 2382 ονίι
1014 2297 1261 2395 ἀπηλλάχθαικαὶ
1285 2319 1316 2378 tv

168 2401 228 2457 τοῖς
249 2391 357 2451 πάθεσι
381 2399 578 2466 piverum.—
608 2405 623 2452 θ
647 2414 697 2467 pro
721 2389 772 2453 ὦσι
799 2398 889 2468 (codd.
914 2397 987 2466 edd.)
1010 2397 1160 2468 legendum
1184 2396 1315 2462 ζῶσι.-

171 2473 187 2520 6
211 2463 363 2536 doponatur
387 2468 466 2523 codd.
489 2469 550 2524 edd.
577 2463 747 2538 deponamus
770 2486 835 2537 nos;
859 2469 893 2524 cf.
917 2489 943 2526 v.
964 2477 1010 2540 10,
1029 2469 1078 2524 ubi
1097 2468 1126 2522 Μ
1146 2463 1316 2536 ίροοηκοίαν

172 2537 267 2606 (Proll.
286 2556 313 2609 p
333 2541 439 2609 91).-
462 2547 493 2594 12
513 2535 595 2610 μαθη
614 2541 704 2596 Μ.-
723 2513 883 2604 κάπαάΚ.
904 2573 936 2582 -

173 2663 335 2798 Quodsi
373 2722 418 2787 ad
459 2721 766 2808 magnitudinem
804 2745 948 2808 eorum,
990 2746 1084 2810 quae
1121 2723 1318 2808 videntur,

174 2829 293 2894 animi
322 2851 472 2914 quoque
496 2829 815 2896 imbecillitatem
838 2831 877 2896 iu
902 2853 1019 2898 eausa
1041 2854 1125 2896 esse
1148 2830 1319 2896 dixerint

174 2939 289 3020 atque
321 2935 408 3002 ideo
446 2938 647 3022 sapientes
680 2936 782 3002 omui
820 2960 980 3022 prorsus
1015 2939 1318 3023 perturbatione

174 3063 329 3126 vacare,
360 3043 506 3110 stultos
534 3044 773 3130 perturbari,
806 3067 886 3110 oum
914 3045 1107 3112 imbecilli
1139 3045 1220 3110 siut
1245 3066 1319 3110 non

174 3150 246 3214 illa
288 3151 440 3236 quidem
473 3151 664 3217 communi
701 3150 993 3237 imbecillitate,
1029 3153 1093 3217 sed
1131 3173 1186 3234 ea,
1222 3172 1320 3235 quae

175 3259 324 3324 modum
359 3259 532 3342 excedat,
563 3282 608 3325 ne
640 3259 696 3324 sio
731 3258 882 3344 quidem
920 3260 1099 3346 quaestio
1138 3258 1320 3324 solvetur.

174 3363 270 3429 Nam
295 3387 359 3432 eos
378 3387 421 3430 ex
441 3366 561 3430 animi
589 3366 720 3432 morbo
745 3366 783 3430 iu
806 3367 1127 3450 perturbationes
1150 3364 1321 3429 incidere

177 3493 312 3535 omues
335 3472 524 3560 fatentur3
553 3494 626 3557 quo
655 3477 782 3538 tamen
812 3472 921 3540 modo
945 3476 1145 3539 moveatur
1173 3470 1321 3535 animus

178 3577 235 3641 vel
259 3584 426 3663 moveat,
448 3581 486 3644 in
510 3579 628 3645 dubio
646 3581 899 3665 relinquitur,
920 3603 995 3647 nou
1014 3575 1322 3644 demonstratur?

177 3681 337 3768 Deinceps
361 3685 460 3750 etiam
483 3686 564 3752 haec
587 3686 714 3752 scribit:
761 3686 906 3773 ‘Neque
934 3689 1071 3772 solum,
1098 3685 1163 3770 qui
1192 3707 1322 3769 super-

177 3790 366 3856 fluentem
389 3793 575 3876 quandam
596 3795 833 3878 pravitatem
856 3795 1001 3860 habent
1019 3797 1056 3859 et
1079 3793 1118 3857 iu
1140 3791 1324 3876 proclivi-

179 3901 262 3962 tate
291 3901 396 3982 suut‚
427 3899 467 3964 in
498 3901 816 3983 perturbationes
848 3901 1066 3984 incurrunt,
1098 3899 1163 3965 sed
1196 3920 1324 3965 omnes

180 4007 295 4070 etiam
324 4006 452 4091 stulti,
481 4007 603 4092 quoad
626 4007 863 4092 pravitatem
890 4008 1052 4092 habeut,
1078 4010 1156 4072 tum
1185 4007 1223 4070 in
1251 4027 1326 4069 ma-

180 4134 292 4198 gnas,
315 4116 393 4178 tum
416 4113 456 4178 in
478 4136 619 4198 parvas
642 4114 964 4197 perturbationes
988 4113 1190 4179 labuntur?
1228 4111 1324 4176 Dein·

181 4243 256 4304 ceps
280 4219 375 4286 haec:
399 4218 449 4284 ‘Si
473 4221 546 4306 quis
569 4243 647 4285 vero
671 4222 823 4306 opinetur
845 4222 1038 4288 couveniens
1063 4241 1133 4284 sese
1157 4221 1216 4303 eis,
1244 4241 1326 4304 quae

180 4326 365 4410 acciderint,
382 4327 431 4391 ita
449 4329 582 4412 moveri,
600 4331 637 4392 ut
651 4330 843 4412 aspernetur
860 4331 1030 4412 rationem,
1049 4347 1201 4412 maguam
1217 4329 1326 4389 autern

180 4434 459 4518 perturbationem
479 4435 639 4518 ostendat,
660 4457 726 4500 non
749 4439 835 4500 reete
855 4437 1014 4522 opinatur.
1056 4432 1209 4517 Giguitur
1228 4431 1326 4495 etiam

1061 4541 1115 4592 24*
