3212 5146
589 445 829 508 -613—

134 605 201 670 τῶν
224 599 370 670 ἀποικῶν
392 601 524 689 νεύρων
549 599 612 670 ἀπὸ
636 604 770 670 πολλῶν
788 598 977 689 εὐδοκίμων
1000 605 1125 688 ἰατρῶν
1144 611 1281 690 εἴρηται.

133 709 188 776 καὶ
212 707 289 776 οἶδά
308 709 347 794 γε’
366 736 443 778 τινα
464 712 533 777 τῶν
556 705 643 776 οὕτω
662 706 845 776 παθόντων
864 706 1090 794 διηγούμενον
1108 705 1201 797 ἡμῖν,
1224 707 1280 793 ῶς,

133 816 213 902 πρὶν
236 814 298 902 μὲν
324 825 464 898 παθεῖν,
495 815 547 882 ἐπὶ
573 829 644 894 τοῖς
666 812 785 892 ὕπνοις
812 811 1042 901 ἀνοιχθέντων
1067 818 1135 883 τῶν
1158 815 1280 902 βλεφά-

134 947 204 1008 ρων
227 920 314 1008 ἑῶρα
337 926 408 1009 φῶς
430 921 517 990 πολὺ
540 919 604 1008 πρὸ
628 923 696 988 τῶν
720 917 919 1008 ὀφθαλμῶν,
942 919 1022 1008 ὅπερ
1046 917 1157 1008 ἀμέλει
1180 918 1280 1007 κάμοὶ

133 1029 188 1095 καὶ
215 1037 351 1108 πολλοῖς
378 1027 492 1107 ἀλλοις
518 1025 674 1113 ὑπάρχει,
701 1027 784 1094 κατὰ
814 1028 922 1115 βραχὺ
945 1027 982 1094 di
1005 1033 1069 1114 ἔφη
1092 1031 1307 1116 μειωθῆναιο

133 1133 170 1202 τό
193 1161 228 1202 τε
251 1139 323 1222 φῶς
346 1131 426 1202 αι’πὸ
451 1135 545 1222 μέχρι
569 1136 629 1201 τοῦ
652 1133 735 1220 μηδὲ
760 1131 845 1212 ὅλως
863 1139 911 1201 ἔτι
933 1140 1117 1220 φαίνεσθαι
1140 1135 1194 1202 καὶ
1218 1133 1280 1222 τὴν

134 1238 272 1327 ὀπτικὴν
297 1243 302 1328 1
327 1251 488 1328 αἴσθησιν
510 1238 771 1328 ἀμαυρουμένην
799 1237 923 1327 ὁμοίως
945 1244 992 1318 εἰς
1014 1237 1182 1308 ἀπώλειαν
1204 1239 1347 1328 aiot-olo

133 1349 252 1415 κε’σθαι
275 1353 451 1428 παντελῶς.
496 1349 608 1416 λέουσι
638 1345 675 1413 δὲ
704 1346 759 1412 καὶ
786 1345 968 1434 παρδάλεσι
996 1347 1051 1413 καλ
1078 1350 1146 1416 τῶν
1169 1346 1280 1417 ἀλλων

134 1453 226 1546 ζῴων
258 1451 309 1534 οἷς
336 1452 514 1541 αύγοειάής
545 1455 635 1522 ἐστιν
665 1455 787 1531 [κανῶς
819 1449 837 1519 ό
862 1449 1054 1539 ὀφθαλμός,
1086 1459 1197 1523 ἔνεστί
1225 1476 1279 1523 σοι

133 1561 326 1629 θεάσασθαι
341 1561 483 1648 νύκτωρ,
503 1560 585 1628 όταν
603 1559 822 1646 ἐπιστρέψωσι
840 1555 902 1645 τὴν
920 1556 1025 1644 κόρην
1040 1559 1092 1626 ἐπὶ
1109 1558 1173 1647 τὴν
1190 1563 1279 1648 ῥῖνα,
1294 1583 1319 1622 ιο

133 1667 257 1736 κύκλον
282 1665 387 1755 αὐγῆς
411 1669 462 1735 ἐπὶ
491 1664 593 1753 αὐτῆς
620 1663 843 1752 φαινόμενον,
870 1663 915 1745 ῶς
938 1663 1203 1751 ἀναλογίσασθαι
1226 1693 1278 1736 το-

133 1778 256 1848 σοῦτον
280 1772 343 1842 ἀπὸ
372 1778 429 1861 τῆς
456 1774 557 1862 κόρης
580 1775 617 1841 ἐν
644 1775 689 1863 τῷ
717 1770 838 1857 μεταξύ
865 1771 925 1840 τὸν
952 1769 1090 1840 ὀπτικὸυ
1113 1769 1278 1860 ηὐξῆσθαι

133 1884 255 1966 κῶνον,
278 1878 393 1968 ἡλίκος
416 1877 459 1948 ἀν
482 1872 503 1970 ᾖ
526 1879 608 1948 κατά
630 1878 694 1965 τὴν
722 1875 907 1965 ἀναλογίαν
928 1882 990 1947 τοῦ
1017 1878 1238 1966 διαστήματος
1260 1876 1279 1947 ό

132 1985 252 2066 κύκλος
283 1984 394 2075 αὐτῆς.
443 2001 513 2066 τοῖς
542 1985 604 2074 μὲν
630 1984 694 2072 γὰρ
722 1990 856 2072 μείζονα
886 1989 1008 2054 τοῦτον
1040 1990 1152 2072 ἔχουσι
1180 1985 1279 2071 φύσει

132 2093 187 2160 καὶ
210 2090 228 2160 ὁ
251 2097 309 2180 τῆς
336 2090 441 2180 αὐγῆς
462 2091 583 2171 κύκλος
610 2097 730 2178 μείζων
757 2097 929 2177 φαίνεται,
958 2105 1028 2172 τοῖς
1056 2090 1091 2158 δὲ
1120 2091 1278 2160 ἐλάττονα
1295 2115 1319 2154 ιε

130 2203 295 2267 τοσούτου
317 2196 381 2266 ἀνά
404 2198 507 2285 λόγου
531 2200 690 2282 ἐλάττων,
723 2195 806 2265 ὅσον
829 2195 989 2276 κάκεῖνος.
1037 2197 1181 2286 πότερον
1204 2191 1277 2284 οὖν,

132 2303 241 2392 ὥσπερ
270 2305 322 2373 ἐπὶ
354 2305 434 2385 τοὺς
461 2301 661 2391 ὀφθαλμούς
690 2301 881 2390 ἀφικνεῖταί
904 2331 936 2371 τι
963 2307 1092 2392 πνεῦμα
1122 2301 1178 2372 aa&
1209 2309 1278 2373 τῶν

132 2444 344 2453 ...ψ-...ηο-

169 2511 181 2557 1
202 2497 347 2572 ἀδοκίμων
361 2501 397 2556 M.
418 2531 451 2541 -
470 2509 487 2555 3
507 2496 656 2573 φλεβάρων
670 2500 707 2556 Μ.
728 2531 760 2540 -
780 2506 797 2554 5
816 2494 956 2569 ύπάρχειν
975 2499 1053 2554 codd.
1072 2499 1135 2555 add.
1154 2494 1275 2570 ύπύρχει

131 2589 189 2628 οοε.
209 2603 242 2613 -—
263 2581 278 2628 6
297 2568 386 2658 αύΙτού
405 2572 484 2628 codd.
504 2571 565 2628 edd.
585 2567 736 2658 oo'pd'nos.
755 2601 789 2612 —
808 2577 824 2626 8
843 2571 971 2658 neustr}
982 2570 1019 2655 M.
1039 2600 1069 2656 3-
1094 2577 1126 2626 13
1145 2572 1276 2627 κακῶκον

132 2645 167 2700 M.
188 2675 221 2684 —
242 2650 275 2698 15
291 2639 432 2698 ἐλατιωνα
450 2643 486 2698 Μ.
508 2675 539 2683 -
562 2651 594 2698 16
613 2645 753 2711 αναλογον
772 2642 851 2697 codd.
871 2642 933 2697 edd.
952 2661 1009 2696 οινα
1028 2645 1113 2711 λογον
1132 2659 1191 2698 nos.
1211 2675 1244 2684 —

131 2844 235 2908 visum
259 2842 476 2927 spectantium
499 2845 626 2906 meatus
655 2842 841 2908 obstructos
869 2863 939 2906 esse
963 2863 983 2905 a
1006 2841 1118 2906 multis
1141 2842 1276 2908 medicis

133 2950 305 3034 praeclaris
334 2949 538 3014 dictumest.
587 2947 673 3014 Novi
703 2948 802 3012 etiam
830 2968 890 3032 ego
918 2947 1092 3031 quendam,
1119 2949 1174 3033 qui
1202 2971 1276 3013 eum

130 3057 192 3122 hoo
210 3057 296 3122 malo
317 3055 451 3121 affectus
471 3060 566 3138 esset,
587 3055 682 3121 nobis
701 3054 858 3119 narrabat
875 3075 918 3137 se,
939 3053 1129 3137 priusquam
1149 3055 1183 3118 in
1202 3077 1276 3120 eum

131 3163 281 3228 morbum
310 3162 490 3247 incidisset,
518 3163 552 3226 in
581 3161 703 3226 somdis
732 3160 904 3245 patefactis
932 3160 1099 3243 palpebris
1122 3181 1275 3246 magnam

131 3273 206 3334 ante
230 3269 342 3336 oeulos
365 3269 470 3335 luoem
495 3269 628 3335 solitum
652 3289 722 3332 esse
745 3267 863 3350 videre,
886 3267 972 3352 quod
996 3267 1121 3332 scilieet
1139 3272 1171 3331 et
1194 3268 1275 3334 mihi

131 3379 164 3440 et
187 3377 297 3441 multis
321 3376 395 3441 aliis
420 3377 536 3460 evenit,
558 3375 718 3459 paulatim
741 3377 852 3438 tamen
874 3374 979 3438 luoern
1003 3374 1109 3458 ipsam
1132 3374 1275 3439 deminu-

130 3487 199 3547 tam
223 3505 302 3566 esse,
325 3483 425 3548 donec
449 3481 581 3548 omuino
604 3481 687 3546 nihil
711 3481 777 3545 iam
801 3482 982 3564 appareret,
1005 3484 1101 3565 atque
1125 3481 1275 3546 aemendi

130 3607 260 3654 sensum
292 3589 443 3654 similiter
470 3589 679 3655 obscuratum
707 3586 771 3650 sibi
798 3587 927 3670 penitus
959 3587 1132 3652 interiisse.
1181 3587 1273 3653 Adde

130 3695 273 3779 quadiu
296 3694 445 3760 leonibus
469 3699 502 3759 et
524 3693 634 3778 pardis
658 3692 794 3777 aliisque
819 3693 1022 3775 animalibus,
1045 3693 1162 3778 quibus
1187 3695 1273 3759 oculi

130 3801 229 3866 lueidi
256 3801 429 3866 admodum
457 3804 544 3884 sunt,
571 3803 670 3867 noctu
698 3798 806 3864 videre
833 3800 924 3883 lieet,
953 3798 1010 3864 ubi
1041 3801 1202 3884 pupillam
1231 3801 1272 3865 ad

128 3929 224 3974 nares
248 3909 473 3992 emerserint,
497 3908 609 3972 orbem
632 3905 791 3991 quendam
815 3906 897 3970 lueis
919 3906 954 3969 in
978 3927 1016 3970 ea
1040 3928 1210 3990 apparere,
1238 3911 1275 3971 ut

130 4014 266 4099 colligas
293 4017 422 4079 tantum
451 4037 470 4080 a
497 4014 623 4098 pupilla
650 4015 684 4078 in
715 4013 822 4079 medio
853 4013 960 4097 spatio
989 4017 1119 4077 auctum
1147 4035 1274 4098 conum,

129 4142 226 4205 quem
249 4121 394 4204 optieum
423 4125 555 4201 vocant,
583 4124 722 4205 quantus
750 4142 809 4203 pro
833 4123 906 4183 rata
932 4119 1095 4184 intervalli
1122 4120 1273 4203 portione

128 4227 233 4311 ipsius
256 4227 345 4293 orbis
369 4229 539 4293 exstiterit.
576 4227 699 4304 Quibus
722 4227 808 4291 enirn
830 4225 884 4290 hie
907 4247 1006 4290 conus
1028 4231 1147 4294 natura
1170 4227 1274 4292 maior

130 4336 189 4416 est,
212 4334 246 4397 in
268 4333 310 4398 iis
329 4335 418 4399 orbis
438 4335 537 4399 etiarn
560 4335 642 4400 lueis
661 4333 767 4399 maior
785 4333 993 4416 conspicitur,
1016 4333 1133 4416 quibus
1158 4334 1273 4416 minor,

129 4440 164 4504 in
188 4441 228 4504 iis
252 4462 311 4523 pro
334 4441 498 4525 parvitate
521 4443 613 4506 tanto
636 4441 742 4507 minor
761 4441 860 4504 etiam
883 4439 972 4504 orbis
991 4443 1041 4504 est
1064 4443 1186 4524 quanto
1208 4439 1272 4506 ille.
