3444 5140
643 327 886 392 -lll—

195 487 308 552 ‘crisio
336 483 467 552 δοτέον·
499 482 554 550 καί
586 481 650 571 γὰρ
669 481 719 550 ’τὸ
752 486 901 570 ἔμφυτον
928 482 1059 570 θερμὸν
1088 485 1188 554 πολύ·
1216 491 1343 575 τροφῆς

195 582 271 659 ‘cdv
292 595 446 670 πλείονος
469 593 584 658 δεῖται.
620 601 760 677 σημεῖον
783 588 820 656 δὲ
842 593 880 658 αἱ
899 587 1023 678 ἡλικίαι
1046 592 1101 658 καὶ
1121 595 1157 659 oi
1176 589 1341 682 dolaret?

194 695 231 766 τὸ
265 701 414 784 ἔμφυτον
446 696 577 785 θερμὸν
615 701 677 784 ἔφη
710 702 865 764 πλεῖστον
901 694 988 765 εἶναι
1020 701 1197 786 χειμῶνος,
1229 689 1271 768 οὗ
1302 699 1340 769 τὸ

195 805 369 891 ἐπίκτητον
398 803 449 872 ἐπὶ
476 806 538 871 τοῦ
564 804 689 892 θέρους
715 803 896 884 πίεονάζει.
945 803 1106 891 μηκύνειν
1138 804 1175 872 δὲ
1203 801 1245 874 οὐ
1276 805 1339 904 χρὴ

192 911 268 999 περὶ
299 913 358 998 τῆς
387 909 523 998 γνώμης
554 906 659 978 αὐτοῦ
690 908 772 978 κατά
804 910 903 978 τόνδε
934 907 995 978 τὸν
1022 908 1140 997 λόγον,
1172 910 1252 992 τοὺς
1279 913 1366 1000 μὲντ

193 1014 403 1105 ἀφορισμοὺς
417 1018 670 1105 ἐξηγησαμένου
683 1044 749 1104 μου
764 1016 819 1085 διὰ
834 1015 1083 1105 ὑπομνημάτων
1098 1017 1188 1104 ἑπτά,
1207 1025 1340 1106 βιβλίον

193 1123 231 1192 δὲ
255 1122 335 1192 ἀλλο
364 1122 569 1212 γεγραφότος
595 1122 677 1213 πρὸς
704 1127 765 1192 τοῦ
788 1131 938 1192 Κοΐντου
964 1123 1121 1212 μαθητὴν
1144 1128 1275 1213 Λύκον,
1303 1123 1340 1208 ὃς

193 1230 235 1301 ού
267 1233 407 1318 νοήσας,
439 1227 559 1299 ὁποῖόν
590 1258 621 1298 τι
653 1230 690 1299 τὸ
729 1231 888 1320 ἔμφυῙτον
914 1228 1044 1318 θερμὸν
1076 1228 1095 1299 ό
1122 1229 1339 1321 Ἱπποκράτης
1350 1257 1405 1313 705

191 1339 363 1424 βούλεται,
391 1333 523 1404 ἀντεῖπε
546 1335 629 1423 πρὸς
651 1336 730 1417 τοὺς
757 1339 952 1425 εἰρημένους
979 1334 1100 1426 ἀρτίως
1122 1335 1339 1429 ἀφορισμούς.

192 1449 257 1514 νῦν
281 1437 345 1513 οὖν
368 1440 498 1530 ἀρκέσει
525 1441 584 1523 τὰς
611 1448 672 1512 τού
695 1443 879 1523 Πίάτωνος
904 1443 1118 1532 παραγράψαι
1142 1446 1269 1534 ῥήσεις,
1300 1444 1339 1528 ἃς
1354 1473 1379 1512 ιο

192 1555 229 1620 ἐν
252 1555 297 1643 τῷ
321 1551 395 1638 περὶ
418 1554 546 1638 τροφῆς
568 1547 760 1632 ἀναδόσεως
782 1553 869 1643 λόγω
892 1550 974 1618 κατὰ
998 1550 1058 1619 τὸν
1080 1557 1221 1640 Τίμαιον
1244 1559 1339 1641 ἔγρα-

192 1672 268 1739 ψεν·
293 1655 425 1746 ἀρχεται
449 1655 486 1726 δὲ
510 1653 622 1726 αὐτῶν
640 1649 718 1727 ὦδε·
748 1655 800 1726 ‘cd
826 1655 857 1726 δ’
883 1660 1042 1726 ἐντεῦθεν
1064 1657 1128 1746 ἤδη
1152 1659 1214 1748 τὴν
1240 1657 1337 1748 ύόρα-

192 1769 332 1852 εγωγίαν
363 1765 615 1853 παρεσκεύασαν
644 1764 755 1856 τρόπφ
788 1766 854 1834 τινὶ
884 1768 1018 1857 τοιῷδε,
1051 1761 1092 1833 όν
1122 1769 1338 1856 κατοψόμεθα

192 1873 288 1962 ’ῥᾷον
317 1873 706 1960 προδιομολογησάμενοι
734 1870 771 1940 τὸ
804 1870 954 1958 τοιόνδε,
986 1869 1037 1940 ότι
1064 1869 1187 1957 πάντα,
1215 1870 1277 1941 ὅσα
1306 1875 1339 1956 ἐξ

191 1976 391 2047 εἐλαττόνων
415 1978 619 2064 ξυνίσταται,
647 1979 753 2065 στέγει
780 1977 820 2046 τὰ
844 1984 957 2066 μείζω,
984 1976 1024 2045 τά
1053 1975 1084 2045 d’
1110 1978 1145 2046 ἐκ
1177 1977 1340 2066 μειζόνων
1353 2004 1378 2044 ιτ

227 2227 425 2351 κωοηάοἱορο
444 2227 516 2298 spat.
531 2244 590 2283 rac.
586 2230 742 2312 quattuor
758 2228 823 2296 litt,
843 2227 969 2298 sequitur
985 2223 1140 2298 diastasin
1154 2229 1337 2287 Μ.-κατά

191 2299 511 2457 i‘l'tis’liioisil.
498 2271 1053 2440 ³ll.‘lt’l.3t:.lllf⁰⁹⁰tl..·2
1065 2301 1228 2426 llll.
1177 2318 1230 2356 ⁰¹¹¹
1249 2301 1337 2429 lt]

189 2443 285 2498 verbis
304 2442 359 2496 νῦν
378 2432 431 2496 ούν
448 2440 533 2510 incip.
554 2445 675 2511 excerpt.
694 2442 837 2496 XXXVIII
857 2442 935 2496 codd.
954 2443 1063 2498 FP.-
1089 2449 1122 2496 12
1141 2437 1221 2498 τόδ’
1241 2438 1336 2498 ἐντεῦ-

189 2518 246 2569 θεν
265 2535 291 2568 α.
310 2535 333 2567 τ.
352 2516 375 2568 ί..
396 2511 467 2566 Tim.
487 2530 514 2582 p.
535 2518 568 2566 78
587 2514 678 2568 A.-
702 2507 731 2567 δ’
752 2531 807 2569 om.
826 2513 905 2568 codd.
925 2513 1046 2568 edd.—
1073 2520 1104 2568 13
1123 2534 1181 2584 παρ
1183 2513 1336 2572 εσκεύαΡ.

192 2585 355 2640 -τοιῶόε·
375 2578 439 2653 ἀχρι
458 2584 508 2637 τοῦ
527 2580 588 2637 οἷον
607 2579 688 2638 οῖ’
653 2603 750 2653 κνρτοι
768 2579 1058 2655 ξνννφηνάμενοςίμ.
1078 2590 1138 2654 712,
1157 2587 1185 2655 9)
1203 2585 1259 2641 FP.
1281 2617 1313 2626 -

189 2833 261 2903 His
285 2837 408 2923 igitur
426 2836 672 2921 temporibus
691 2833 887 2921 largiores
907 2837 985 2903 cibi
1003 2837 1229 2926 praebendi3
1251 2861 1338 2904 nam

190 2944 258 3009 et
248 2948 360 3009 runat
368 2966 411 3008 us
430 2943 537 3009 calor
556 2943 701 3008 multus
721 2947 791 3008 cst·
784 2944 986 3030 ,largiore
1005 2945 1130 3031 igitur
1149 2945 1336 3012 alimento

190 3074 285 3136 opus
308 3054 375 3116 est.
411 3051 652 3136 Argumento
677 3053 767 3115 suut
786 3054 871 3116 aeta
876 3054 969 3116 tese
975 3050 1135 3116 tatthle
1120 3049 1204 3116 tae?
1240 3051 1335 3118 Inna·

190 3163 261 3224 tum
293 3159 436 3224 calorem
476 3157 523 3222 ait
557 3158 735 3241 plurimum
765 3179 835 3222 esse
871 3156 991 3242 hieme,
1025 3179 1098 3223 cum
1136 3157 1263 3222 advent
1238 3157 1336 3223 t1cius

190 3267 316 3330 aestate
341 3265 492 3330 abundet.
539 3262 600 3328 Sed
623 3265 662 3329 de
686 3263 755 3329 eius
783 3263 945 3329 sententia
966 3287 1032 3330 non
1060 3287 1141 3350 opus
1170 3267 1220 3328 est
1241 3264 1337 3349 plura

188 3373 250 3439 hoo
269 3371 354 3437 libro
378 3373 493 3456 dicere,
516 3394 589 3437 cum
609 3372 814 3455 aphorismos
835 3375 960 3456 septem
978 3372 1072 3438 libris
1095 3372 1336 3457 explanaverim

189 3481 353 3563 aliumque
385 3479 507 3544 librum
539 3477 692 3543 adversus
719 3477 857 3564 Lycum,
885 3478 998 3557 Quinti
1025 3478 1234 3564 discipulum,
1261 3502 1335 3545 con-

189 3586 390 3671 scripserim,
423 3585 477 3670 qui
514 3607 581 3651 non
613 3582 819 3670 intellegens,
851 3587 979 3671 qualem
1016 3586 1164 3651 innatum
1179 3587 1335 3660 ‚calorem

189 3692 407 3777 Hippocrates
431 3691 529 3757 vellet
553 3713 636 3776 esse,
660 3691 870 3777 aphorismis,
893 3715 974 3779 quos
1003 3693 1099 3757 modo
1121 3692 1336 3778 laudavimus,

188 3820 370 3885 repugnare
399 3821 495 3864 ausus
524 3802 583 3862 est.
627 3797 722 3866 Nunc
751 3798 892 3864 sufficiet
919 3800 1018 3865 verba
1039 3799 1188 3864 Platonis
1217 3799 1335 3865 adscri-

188 3907 275 3990 bere,
297 3905 434 3992 quaein
451 3905 584 3970 Timaeo
603 3905 642 3970 de
662 3905 809 3972 alimenti
828 3906 1009 3991 digestione
1031 3904 1176 3990 tradidit,
1198 3926 1335 3990 quorum

189 4013 321 4078 initium
343 4012 409 4077 tale
433 4015 497 4078 est:
526 4011 641 4078 ‘Hinc
664 4013 740 4078 iam
759 4036 879 4100 aquae
898 4012 1051 4078 ductum
1075 4012 1336 4078 instituerunt

189 4120 262 4184 tali
295 4119 458 4204 quadam
490 4119 660 4204 ratione,
696 4142 807 4205 quam
844 4118 1006 4185 facilius
1038 4119 1335 4204 perspiciemus,

189 4226 222 4292 si
254 4226 369 4310 prius
395 4225 496 4292 illud
527 4225 632 4291 iuter
667 4249 737 4292 uos
770 4225 1013 4311 convenerit,
1043 4225 1183 4311 omnia,
1220 4247 1334 4310 quae·

189 4355 338 4419 cunque
371 4355 413 4399 ex
449 4332 666 4400 minoribus
699 4337 896 4419 constent,
935 4332 1136 4400 continere
1173 4331 1334 4420 maiora,
