3246 5148
640 401 860 466 ..55-

170 563 224 624 tus
249 563 300 624 est
323 558 503 625 Kuehniua
549 559 595 625 At
617 559 807 626 incohatam
830 561 1028 646 reliquerunt
1054 563 1119 628 laci
1144 565 1323 633 restitutio·
1353 593 1358 606 ·

169 689 261 750 nem,
284 666 478 751 praesertim
498 688 572 731 cum
587 689 660 732 eum
673 688 739 732 non
754 667 861 733 solum
875 669 1014 752 lacunis,
1039 669 1093 734 sed
1108 671 1207 737 ctiam
1220 673 1322 738 variis

170 774 297 838 mendis
324 773 474 839 laborare
497 774 695 859 ignorarent.
741 773 825 838 Mihi
852 774 982 858 quidem
1006 773 1122 840 Galeni
1149 781 1182 842 et
1204 779 1281 844 doct
1302 780 1322 833 '-

168 902 247 944 nam
271 880 309 944 de
333 879 466 944 orificiis
489 880 750 965 membranisque
774 885 807 945 et
830 903 924 946 usum
950 881 1102 967 loquendi
1131 885 1319 968 respicienti

167 986 262 1050 locus
285 985 320 1049 in
339 985 423 1050 hunc
442 987 575 1051 modum
593 987 812 1052 restituendus
826 986 966 1053 ridetur:
990 983 1097 1072 ἐξάγει
1113 983 1157 1072 δ’,
1172 984 1217 1066 ὦς’
1228 984 1320 1076 Ἐρα-

168 1088 345 1176 σίστρατός
363 1107 468 1174 φησιν
487 1087 706 1175 ἐξηγούμενος
723 1090 760 1158 τὸ
780 1090 1003 1178 φαινόμενον,
1022 1091 1179 1181 ἑκάτερον
1196 1094 1317 1183 (deleto

167 1196 245 1286 μίν)
267 1199 336 1264 τῶν
364 1194 552 1282 στομάτων,
580 1188 661 1282 αἷμα
688 1196 751 1283 μὲν
778 1203 826 1277 είς
851 1197 912 1266 τὸν
934 1198 1106 1286 πνεύμονα
1132 1200 1177 1268 τὸ
1205 1201 1319 1288 ἕτερον

167 1298 299 1386 αὐτῶν,
322 1305 452 1389 πνεῦμα
477 1297 508 1368 d’
534 1305 582 1380 είς
605 1300 686 1369 ὅλον
707 1299 745 1369 τὸ
771 1305 855 1393 ζῷον
876 1303 919 1372 τὸ
944 1305 1066 1392 ἕτερον.
1112 1303 1208 1374 ὥστε
1231 1306 1319 1375 τού-

166 1436 245 1476 των
267 1413 336 1477 των
358 1406 508 1495 ὑμένων,
532 1405 577 1486 ἀς
600 1409 715 1500 ἐκείνῳ
738 1413 845 1493 δοκεῖ,
867 1410 950 1497 πρὸς
968 1412 1121 1489 ἐναντίας
1137 1410 1319 1500 ὑπηρεσίας

166 1520 207 1603 τῇ
239 1519 360 1604 καρδίᾳ
392 1513 617 1601 γεγονότων
647 1511 802 1601 ἀμοιβαῖς
834 1515 999 1602 ἐγκαίροις
1029 1503 1319 1605 ύπαλλαττομίνας

166 1620 260 1704 τοὺς,
273 1621 335 1709 μὲν
358 1622 409 1689 ἐπὶ
437 1635 508 1700 τοῖς
530 1619 701 1706 εἰσάγουσι
724 1618 783 1699 τὰς
804 1617 886 1700 ύλας
909 1618 1054 1708 ἀγγείοις
1077 1623 1317 1710 ίπιπεφυκύτας

165 1729 295 1808 ἔξωθεν
321 1733 385 1796 ἔσω
412 1727 618 1816 φερομένους
645 1723 888 1814 ἀνατρέπεσθαι
916 1727 978 1816 μὲν
1003 1727 1068 1796 ὑπὸ
1096 1734 1154 1817 τῆς
1181 1723 1340 1799 είσόδου’

165 1837 234 1902 τῶν
260 1833 367 1920 ύλοῑν,
394 1831 640 1912 ἀναπίπτοντος
668 1829 698 1900 δ’
723 1838 769 1912 είς
796 1833 855 1913 τὰς
879 1834 1071 1923 κοιλότητας
1093 1840 1151 1923 τῆς
1178 1841 1317 1924 καρδίας

165 1936 389 2027 ἀνοιγνύντας
410 1939 450 2008 τὰ
473 1940 618 2029 στόματα
641 1940 797 2026 παρέχειν
824 1937 996 2009 ἀκώλυτον
1022 1941 1085 2029 τὴν
1111 1942 1225 2032 φορὰν
1246 1959 1316 2024 τοῖς

164 2051 213 2126 είς
234 2044 342 2134 αὐτὴν
364 2047 438 2137 (del.
460 2045 524 2134 τὴν
546 2053 621 2114 ante
645 2043 765 2137 αὐτήν)
790 2047 987 2135 ἑλκομένοις.
1038 2051 1205 2135 Utrumque
1228 2055 1312 2136 orifi-

164 2158 247 2220 cium
275 2149 390 2244 (venae
418 2157 596 2221 arteriosae
624 2159 657 2221 et
684 2154 808 2243 nortae)
840 2157 920 2222 dicit
946 2158 1167 2223 Erasistratus
1195 2161 1316 2225 educere

163 2265 286 2346 aliquid
306 2265 453 2328 nectarae
479 2269 508 2329 ct
533 2264 664 2328 atterunt
691 2266 812 2346 attidem
835 2261 950 2350 (venae
974 2263 1165 2352 arteriasue)
1188 2267 1313 2349 sanaui-

163 2393 234 2435 nern
256 2372 291 2435 in
308 2371 499 2453 pulmonem,
529 2371 660 2435 μίλτινον
683 2367 823 2457 (coriae)
850 2373 996 2452 spiritum
1022 2373 1058 2435 in
1080 2375 1176 2435 toturn
1198 2392 1314 2454 αονγιιε.

163 2477 235 2542 Iam
259 2477 453 2562 sjngittatim
477 2478 740 2542 membranarum
767 2468 874 2542 fornia
901 2478 1065 2561 descripta
1093 2479 1125 2540 et
1152 2500 1314 2564 vasorum,

162 2607 301 2668 quorum
330 2606 430 2648 unum
462 2605 522 2668 par
552 2583 591 2646 ad
622 2583 849 2666 inducendam,
879 2583 1017 2647 alterum
1048 2584 1088 2647 ad
1116 2582 1312 2650 educendam

162 2691 336 2755 materiam
363 2690 485 2774 valeat,
512 2690 676 2754 mentione
705 2690 826 2755 iniecta
844 2690 933 2755 ‘haec
962 2687 1104 2754 Galenus
1135 2692 1312 2757 concludit:

163 2797 247 2878 ‘Quo
270 2799 319 2880 fit,
341 2802 388 2876 ut,
410 2817 480 2862 cum
501 2797 574 2862 ittae
596 2797 802 2875 ιιιοικίααιιαο,
829 2802 864 2861 ut
885 2796 935 2860 itti
951 2796 1064 2879 placet,
1087 2797 1131 2861 ad
1151 2800 1309 2863 contraria

161 2907 247 2970 cardi
269 2905 397 2970 alternis
419 2903 534 2968 vicibus
556 2889 791 2986 ομγονίιιιιιεριιτ
813 2904 986 2968 ministeria
1002 2903 1195 2986 moestanda
1216 2909 1310 2970 παίειν

161 3013 236 3088 sint,
258 3031 323 3093 eae,
345 3031 423 3092 qrrae
445 3009 714 3075 intromittentem
736 3011 899 3074 ιαοίειάιια
916 3011 1000 3074 rans
1017 3009 1178 3074 inhaerent
1194 3013 1311 3075 cetrin-

160 3139 245 3182 secus
267 3119 438 3181 introrsrnn
460 3121 624 3199 verantes,
650 3117 798 3180 matutae
819 3117 1003 3201 introeuntis
1024 3117 1139 3199 impetu
1160 3117 1312 3199 imputsae

161 3225 346 3289 reclinentur
367 3227 458 3304 atque
479 3222 675 3303 resupinatae
697 3223 732 3285 in
754 3223 854 3288 cordis
875 3225 964 3288 sinus
990 3244 1046 3287 ora
1073 3224 1144 3306 ipsa
1166 3225 1310 3305 annunt

159 3332 388 3413 (ογοάίίααιρατ
400 3330 521 3394 aditum
534 3329 694 3407 mater-iae,
711 3349 789 3410 quae
802 3329 982 3407 attrahitur,
995 3328 1207 3412 patefaciant?
1231 3328 1309 3395 For-

160 3461 247 3502 mam
273 3435 505 3500 enuntiationis
524 3435 749 3500 consecutivae
769 3434 903 3499 eandcm
922 3435 1066 3499 invenies
1084 3436 1123 3498 de
1138 3434 1207 3498 Usu
1222 3435 1309 3500 Part.

160 3541 417 3625 v01.111,479.
441 3541 515 3606 480.
560 3540 610 3606 De
637 3541 749 3606 eadem
780 3562 814 3604 re
839 3539 980 3606 Galenus
1007 3541 1106 3624 paulo
1132 3541 1218 3605 infra
1245 3541 1308 3606 dis-

160 3651 240 3714 serit
263 3673 294 3733 p.
317 3649 379 3712 551
407 3651 481 3712 ante
505 3646 599 3729 med,
627 3647 683 3711 ubi
706 3647 813 3711 locum
836 3646 871 3710 in
894 3643 1025 3732 Muffl)
1052 3667 1118 3711 non
1145 3647 1308 3732 integrum

159 3756 310 3820 relictum
338 3751 527 3818 Charterius
553 3775 619 3818 non
649 3753 697 3818 ita
728 3753 886 3836 restituit,
916 3756 953 3816 ut
981 3752 1015 3817 in
1046 3775 1083 3817 eo
1112 3753 1308 3838 acquiescas.

159 3861 250 3926 Haec
274 3861 360 3925 enim
384 3860 528 3925 ediderat
551 3859 593 3925 A:
625 3854 665 3923 τὰ
693 3855 867 3942 σύμπαντα
893 3854 1030 3944 τέτταρά
1059 3857 1127 3923 ἐστι
1151 3855 1308 3943 στόματα,

160 3965 223 4033 δύο
247 3961 325 4032 καθ’
347 3963 504 4050 ἑκατέραν
530 3969 676 4045 κοιλίαν,
704 3965 741 4030 ἓν
768 3961 829 4050 μὲν
856 3964 892 4029 ἐκ
918 3965 979 4031 τοῦ
1006 3962 1195 4050 πνεύμονος
1220 3962 1307 4030 είσύ-

159 4099 222 4158 γον
243 4071 281 4139 τὸ
306 4074 450 4157 πνεῦμα,
477 4068 514 4136 τὸ
539 4066 570 4136 d'
591 4070 705 4155 ἕτερον
733 4068 851 4155 ἐξάγον
877 4069 939 4155 μὲν
966 4067 1065 4157 ἄμφω
1092 4072 1196 4136 ταῦτα
1224 4067 1306 4135 κατὰ

159 4177 221 4265 τὴν
248 4174 427 4264 ἀριστερὰν
453 4181 599 4260 κοιλίαν,
627 4172 793 4243 ὑπόλοιπα
822 4175 858 4243 dt
886 4175 949 4244 δύο
977 4175 1059 4242 κατὰ
1088 4175 1152 4261 τὴν
1182 4173 1306 4259 δεξιὰν,

160 4289 208 4363 είς
229 4282 291 4370 μὲν
314 4281 375 4350 τὸν
397 4280 568 4368 πνεύμονα
591 4281 628 4350 τὸ
653 4283 767 4368 ἕτερον
789 4276 885 4369 αἷμα,
908 4289 984 4370 post
1006 4306 1087 4369 quae
1111 4284 1210 4348 verba
1233 4307 1306 4368 spa-

160 4393 242 4458 tium
266 4393 385 4479 viginti
409 4392 476 4456 fere
500 4396 639 4475 quatuor
661 4392 845 4457 litterarum
863 4387 1014 4477 (triginta
1031 4391 1053 4455 f.
1066 4391 1088 4455 l.
1102 4387 1150 4479 M)
1168 4413 1306 4457 vacuum
