3376 5144
820 355 1057 417 —808-

367 513 571 600 σκληρότητα
596 510 765 597 διαφορὰν
791 514 859 578 τῶν
882 517 1019 596 μορίων.
1076 505 1117 576 οὐ
1139 505 1207 595 μὴν
1235 505 1313 576 οὐδὲ
1341 511 1409 576 τῶν
1436 505 1513 596 ὑμέ-

366 649 436 690 νων
464 646 498 687 τε
530 620 585 686 καὶ
618 617 768 705 χιτώνων
801 614 911 695 οὐδεὶς
945 615 1061 703 ἑτέρως
1096 621 1180 702 ἔχων
1214 617 1250 682 ἐν
1279 615 1418 705 ἑκατέρῳ
1445 618 1514 682 τῶν

366 725 554 815 ὀφθαλμῶν
578 727 685 808 ἐστιν,
709 720 792 790 ἀλλὰ
816 720 960 810 ἀκριβῶς
984 732 1055 802 ἴσος
1078 720 1140 809 μὲν
1169 721 1205 788 τὸ
1230 724 1348 807 μῆκος,
1377 730 1449 800 ἴσος
1478 722 1514 788 di

366 832 402 901 τὸ
427 832 530 920 πάχος
558 827 577 918 ἢ
607 830 668 918 τήν
695 829 889 916 λεπτότητα,
917 827 1069 916 καθάπερ
1098 855 1135 915 γε
1158 828 1212 895 καὶ
1240 825 1304 913 τὴν
1331 827 1436 914 χρόαν
1459 830 1514 895 καὶ

340 939 429 1028 origo
452 939 613 1006 σύστασιν
638 934 716 1005 οὐδὲ
741 935 847 1023 βραχὺ
870 935 1122 1020 παραλλάττων·
1153 933 1242 1003 οὕτω
1267 933 1303 1000 di
1327 933 1381 1002 καὶ
1405 931 1423 1002 ὁ
1446 939 1515 1002 τῶν

365 1051 460 1133 μυῶν
484 1043 629 1132 ἀριθμὸς
653 1053 723 1122 ἴσος
747 1041 821 1110 ὅτε
845 1039 924 1108 καθ’
951 1043 1091 1109 ἕκαστον
1115 1039 1226 1110 αὐτῶν
1250 1039 1347 1126 ὄγκος
1369 1044 1431 1108 τοῦ
1453 1045 1515 1110 σοι’-

366 1181 468 1241 ματος
491 1149 557 1239 ἅμα
585 1154 630 1241 τῷ
663 1149 802 1237 σχήματι
830 1148 884 1216 καὶ
915 1151 957 1236 τή
980 1146 1064 1236 χρόᾳ
1092 1147 1146 1214 καὶ
1174 1151 1213 1237 τή
1243 1145 1409 1215 συστάσει.
1453 1149 1516 1236 τήν

367 1260 403 1328 di
428 1256 533 1346 αὐτὴν
557 1254 707 1343 εὑρήσεις
727 1253 947 1342 δικαιοσύνην
967 1255 1004 1322 ἐν
1027 1252 1130 1322 ἅπασι
1150 1269 1219 1333 τοῖς
1242 1251 1433 1340 ὀργανικοϊς
1455 1261 1516 1323 τοῦ

302 1365 518 1453 789σιόματος
545 1370 685 1451 μορίοις.
740 1358 780 1428 οὐ
813 1360 876 1449 γὰρ
905 1363 1012 1447 μόνον
1041 1360 1102 1429 ὅσα
1137 1361 1240 1446 διττά,
1270 1361 1274 1450 Ι
1303 1361 1455 1450 καθάπερ
1484 1368 1520 1431 oi

327 1496 352 1534 ιο
367 1470 537 1560 ὀφθαλμοὶ
570 1469 624 1536 καὶ
657 1469 696 1536 τὰ
730 1459 796 1536 ὦτα
829 1469 883 1534 καὶ
915 1472 952 1534 αλ
982 1469 1096 1554 γε’νυες
1128 1472 1222 1536 οἵτε
1255 1469 1373 1556 νεφροὶ
1400 1471 1454 1536 καὶ
1484 1475 1519 1537 oi

367 1578 475 1665 ὄρχεις
497 1576 551 1643 καὶ
576 1579 613 1643 ai
633 1591 739 1663 χεῖρες
762 1573 834 1642 ὅλαι
860 1573 972 1641 καὶτὰ
997 1576 1095 1661 σκέλη
1115 1571 1176 1660 τήν
1195 1574 1402 1661 κατασκευήν
1424 1571 1516 1662 ἄκρι-

368 1689 434 1772 βως
458 1689 521 1771 ἔχει
545 1682 607 1784 τήν
631 1679 737 1768 αὐτήν
759 1679 799 1748 τὰ
823 1680 914 1760 deieci
938 1696 1009 1760 τοῖς
1032 1677 1232 1767 ἀριστεροῖς,
1261 1677 1343 1748 ἀλλὰ
1372 1681 1424 1748 καὶ
1448 1685 1519 1749 τῶν

369 1795 552 1881 μονοφυῶν
577 1787 659 1858 εἶναι
687 1787 881 1856 δοκούντων
905 1786 969 1854 ὅσα
994 1791 1098 1875 διφυῆ
1126 1786 1208 1855 κατὰ
1231 1784 1396 1874 ἀλήθειάν
1419 1793 1518 1864 εἰσιν,

370 1896 444 1968 οἷον
469 1898 659 1984 ἐγκέφαλος,
682 1899 808 1982 γλῶττα
834 1896 970 1980 [γε’νυς],
994 1893 1169 1981 πνεύμων,
1192 1893 1308 1982 θώραξ
1331 1895 1384 1962 καὶ
1409 1895 1518 1983 μήτρα

332 2009 437 2073 σιῶν
465 2007 634 2090 γυναικῶν
662 2000 755 2087 ἕτεροί
784 2028 818 2068 τε
845 2005 992 2069 τοιαῦτα.
1037 1998 1116 2068 καθ’
1147 2002 1287 2069 ἕκαστον
1313 1999 1377 2088 γὰρ
1406 1998 1519 2070 αὐτῶν

368 2110 408 2178 τὰ
434 2109 524 2191 δεξιὰ
547 2123 618 2188 τοῖς
641 2105 826 2197 ἀριστεροῖς
848 2107 908 2177 τὸν
932 2105 1083 2195 ἀριθμὸν
1107 2117 1182 2175 ἶσον
1210 2113 1274 2194 ἔχει
1297 2110 1366 2175 τῶν
1388 2113 1519 2194 μορίων

369 2217 436 2306 ἅμα
459 2219 503 2308 τῷ
528 2217 661 2303 μεγέθει
685 2216 807 2306 καὶτῷ
831 2215 926 2300 πάχει
949 2214 1003 2281 καὶ
1032 2217 1071 2302 τῇ
1095 2213 1266 2301 λεπτότητι
1293 2214 1410 2304 καλιῇ
1434 2217 1518 2303 χρόᾳ

406 2438 421 2484 3
443 2432 502 2484 ἴσον
521 2425 573 2499 μὲν
593 2459 625 2468 -
650 2425 707 2490 ἶσος
727 2427 758 2483 δὲ
779 2429 806 2482 Μ
831 2431 848 2482 i.
868 2449 895 2498 μ.
916 2461 948 2468 -
975 2429 1034 2482 ἴσον
1054 2425 1085 2482 δὲ
1106 2427 1234 2482 ABChK
1259 2429 1316 2490 froc
1335 2425 1387 2496 niv
1407 2459 1439 2468 -
1460 2429 1519 2491 λοος

372 2500 403 2556 di
424 2519 479 2556 nos.
500 2531 532 2540 —
558 2496 687 2567 θὸγκων
705 2500 741 2552 Μ.
768 2531 800 2539 -
827 2509 859 2553 10
878 2499 1005 2568 γενέσεις
1023 2498 1051 2552 Μ
1071 2498 1154 2567 γένυς
1172 2499 1300 2554 ABChK
1319 2499 1417 2567 γένυες
1437 2499 1517 2554 Corn.

372 2605 403 2614 -
428 2580 458 2626 14
474 2571 557 2640 γένος
572 2572 649 2624 uncia
664 2571 836 2625 seclusimus.
854 2602 886 2612 —
905 2572 1009 2640 μῆτραι
1024 2571 1103 2624 codd.
1119 2570 1180 2625 edd.
1196 2565 1286 2640 μήτρα
1302 2588 1363 2637 nos;
1383 2570 1416 2626 os.
1431 2571 1518 2628 Proll.

372 2663 399 2714 p.
420 2651 462 2698 83.
482 2673 514 2682 —
537 2649 567 2695 17
589 2640 679 2696 πάθει
699 2642 734 2697 Μ.
756 2673 787 2684 -

372 2858 603 2923 diversitatem.
642 2856 748 2941 Atque
772 2859 872 2922 etiam
895 2859 1018 2923 nullam
1042 2880 1144 2942 neque
1169 2857 1392 2923 membranam
1414 2881 1519 2945 neque

372 2964 516 3030 tunicam
554 2965 587 3028 in
616 2965 719 3028 altero
753 2965 846 3032 oculo
884 2965 980 3029 aliter
1008 2968 1103 3049 atque
1131 2965 1163 3028 iu
1198 2965 1301 3030 altero
1337 2988 1372 3030 se
1399 2965 1520 3032 habere

371 3072 578 3157 perspicuum
603 3076 660 3151 est,
684 3070 739 3135 sed
763 3072 892 3156 penitus
917 3072 1082 3156 aequalem
1108 3094 1178 3135 esse
1194 3072 1410 3157 longitudine,
1434 3094 1519 3138 cras-

374 3178 528 3260 situdine,
559 3178 733 3260 tenuitate,
766 3177 850 3243 siout
880 3183 911 3242 et
941 3180 1047 3244 colore
1079 3183 1110 3243 et
1139 3179 1343 3244 concretione
1370 3200 1411 3244 ne
1439 3203 1518 3265 pau-

373 3285 476 3349 lulum
500 3284 629 3368 quidem
653 3283 829 3370 diversum3
853 3285 925 3369 pari
949 3285 1044 3350 modo
1069 3289 1102 3349 et
1124 3285 1343 3351 musculorum
1367 3309 1519 3355 numerus

375 3391 582 3476 corporisque
607 3391 808 3475 singulorum
833 3393 934 3457 moles
958 3415 1118 3456 unacum
1143 3393 1257 3476 figura,
1290 3392 1412 3476 coloro,
1445 3416 1519 3460 con-

374 3498 526 3563 cretione.
572 3496 718 3563 Eandem
746 3498 904 3562 iustitiam
932 3499 967 3562 in
995 3499 1145 3564 omnibus
1180 3498 1343 3583 organicis
1372 3501 1519 3584 corporis

374 3604 522 3689 partibus
551 3604 704 3669 invenies.
754 3604 829 3671 Non
857 3605 942 3669 enim
971 3605 1005 3670 in
1033 3606 1073 3670 iis
1102 3608 1242 3690 tuntum,
1275 3627 1356 3689 quac
1389 3605 1520 3691 gemina

375 3715 459 3793 sunt,
481 3715 519 3774 ut
542 3710 654 3793 oculis,
678 3711 820 3794 auribus,
844 3712 999 3796 maxillis,
1022 3712 1165 3795 renibus,
1188 3712 1341 3795 testibus,
1369 3713 1519 3778 manibus

375 3818 470 3900 totis,
497 3817 658 3901 eruribus,
686 3817 815 3882 dextrae
843 3821 952 3903 partes
980 3841 1112 3902 prorsus
1141 3818 1273 3883 eandem
1302 3841 1339 3883 ac
1368 3819 1520 3884 sinistrae

375 3924 535 3989 fabricam
571 3923 708 4006 habent,
745 3947 855 3989 verum
899 3925 997 3990 etium
1036 3947 1087 4010 ea,
1128 3948 1209 4009 queo
1247 3925 1409 4010 simplicia
1450 3948 1521 3990 esse

375 4031 537 4115 videntur,
572 4031 728 4116 bipartita
760 4035 870 4096 tamen
898 4054 1009 4096 revera
1033 4035 1121 4115 suut,
1143 4032 1233 4095 velut
1256 4032 1435 4116 cerebrum,
1458 4032 1520 4097 lin·

376 4159 454 4223 gua,
481 4138 606 4222 pulmo,
635 4138 764 4221 thorax,
792 4144 902 4204 uterus
927 4138 1120 4204 feminarum
1144 4142 1240 4223 atque
1263 4139 1296 4203 id
1319 4160 1421 4224 genus
1445 4139 1518 4204 reli-

376 4267 448 4328 qua.
493 4243 532 4310 In
560 4244 610 4308 his
636 4244 720 4308 enim
749 4245 886 4330 singulis
915 4246 1028 4311 dextra
1052 4245 1192 4309 sinistris
1214 4267 1326 4330 parem
1348 4267 1516 4310 numerum

377 4351 517 4433 partium
538 4374 602 4414 una
617 4374 689 4416 cum
709 4351 940 4436 magnitudine,
964 4352 1186 4435 crassitudine,
1209 4351 1377 4436 tenuitate,
1401 4351 1518 4436 colore,
