3300 5146
639 414 882 480 -265-

228 565 288 652 ‘cie
310 568 388 658 φάτ’
413 571 464 638 ἐνί
487 569 647 658 στήθεσσι
670 569 924 660 καθαπτόμενος
945 577 1048 660 φίλον
1070 564 1166 662 ήτορ·

228 679 288 769 ’τῷ
312 676 350 745 δὲ
371 674 451 765 μάλ’
478 679 515 746 ἐν
537 683 632 768 πείσῃ
656 683 776 767 ιιραδίη
799 679 878 767 μίνε
899 681 1075 767 τετληυῖα]

182 783 290 852 πάντα
317 783 379 872 μὲν
410 781 475 871 γὰρ
501 788 604 852 ταῦτα
632 783 672 853 τὰ
701 791 761 873 ἔπη
791 785 846 853 καὶ
873 784 957 874 πρὸς
978 785 1110 868 τούτοις
1136 793 1184 857 ἔτι
1206 791 1331 880 μυρία.

182 893 277 978 ἕτερα
304 889 342 959 τὸ
374 893 504 976 πλῆθος
531 881 581 958 civ
613 891 807 980 Χρύσιππος
834 899 1052 981 παρατίθεται
1085 892 1123 962 τὸ
1151 895 1401 982 θυμοειδὲςθθθ

184 999 221 1064 ἐν
247 1001 287 1086 τῇ
309 1001 430 1087 καρδία
458 998 563 1084 φησὶν
590 994 761 1086 ὑπάρχειν.
810 998 874 1086 ἐγὼ
904 999 941 1068 δὲ
974 1005 1005 1068 εί
1029 999 1137 1068 πάντα
1163 1001 1366 1090 eucarpi-⁵

183 1130 296 1192 φοιμι,
325 1103 489 1190 πληρώσαι
513 1103 550 1172 τὸ
578 1110 728 1194 βιβλίον,
755 1104 866 1196 ὥσπερ
894 1107 949 1176 καὶ
976 1105 995 1177 ὁ
1020 1107 1214 1195 Χρύσιππος
1237 1108 1333 1198 ἐπλή-

183 1231 300 1299 ρωσεν.
354 1206 437 1279 ἄλλα
466 1211 499 1291 ἐξ
518 1207 663 1299 Ὁμήρου
689 1212 752 1300 μὲν
784 1212 882 1281 ίιιανὰ
908 1215 964 1283 καὶ
991 1217 1110 1284 ταῦτα·
1137 1219 1205 1284 τῶν
1233 1216 1270 1284 δὲ
1299 1219 1333 1300 ἐξ

178 1315 339 1388 Ἡσιόδου
374 1318 662 1405 παραγραφίντων
697 1317 762 1389 ὑπὸ
800 1327 998 1408 Χρυσίππου
1038 1322 1241 1409 παμπόλλων
1278 1322 1333 1391 καὶ

183 1422 296 1493 αὐτην
323 1423 432 1492 ὄντων
456 1419 586 1512 ἀρκέσει
614 1451 670 1512 μοι
701 1431 800 1496 δυοῖν
827 1422 974 1515 ήτριῶν
1001 1430 1249 1517 ἐπιμνησθῆναι
1273 1455 1333 1497 πα-

183 1535 402 1620 ραδείγματος
424 1532 532 1599 ἕνεκα·
1347 1555 1371 1594 ιο

230 1639 306 1706 ’τοῦ
329 1636 393 1725 γὰρ
416 1634 526 1720 ἀέξετο
549 1638 660 1727 θυμὸς
683 1641 732 1708 ἐνὶ
758 1640 917 1729 στήθεσσι
940 1645 1092 1730 φίλοισι.’

184 1751 242 1814 καί

229 1845 316 1921 ὀἷον
339 1852 390 1920 ίνὶ
414 1853 572 1942 στήθεσσι
596 1853 698 1942 χόλον
720 1853 884 1944 θυμαλγέ’
910 1858 1052 1945 ἔχουσαί

184 1965 243 2027 καί

229 2064 381 2135 ’πάντων
404 2068 441 2135 ἐν
464 2067 645 2156 στήθεσσιν
668 2066 778 2152 ἇίξετο
801 2070 912 2159 θυμὸς
934 2067 1091 2160 ἀγήνωρ]
1347 2089 1371 2130 ¹⁵

185 2174 222 2242 ἐν
245 2167 295 2253 οἷς
319 2171 382 2261 ἐγὼ
406 2174 468 2262 μὲν
491 2173 708 2264 ίιιπλήττομαι
730 2181 771 2267 τή
785 2163 1020 2269 μεγαλοψυχίᾳ
1041 2182 1103 2247 τοῦ
1125 2183 1332 2294 Χρυσίππου.

221 2399 234 2446 1
257 2391 355 2462 ocyus.
375 2391 439 2460 XX,
459 2397 501 2446 22.
521 2397 555 2446 2³
575 2385 652 2459 φᾶθ’
676 2392 707 2446 L.
723 2422 756 2432 -
776 2387 808 2447 ἐν
827 2410 867 2447 cr.
885 2393 916 2448 L.
936 2424 968 2432 -
994 2395 1081 2448 λιταί
1100 2393 1174 2449 inter
1191 2392 1262 2447 duce
1280 2391 1331 2447 hoe

186 2481 281 2518 versus
308 2462 337 2518 in
364 2462 444 2517 codd.
473 2463 536 2517 edd.
563 2461 734 2518 inculcatum
762 2464 901 2520 eiecimus.
928 2495 964 2504 —
995 2460 1027 2519 ἐν
1055 2460 1137 2534 ίπίσῃ
1166 2461 1331 2519 MABchK

184 2535 254 2598 inis
273 2533 461 2590 obliteratum.
487 2529 519 2589 iv
538 2536 602 2588 πείσ
639 2551 698 2590 noe.
718 2567 751 2575 -
777 2537 881 2606 καρδία
901 2537 929 2590 Μ
953 2536 1057 2605 κραδία
1076 2533 1205 2590 ABchK
1228 2535 1331 2604 κραδίη

186 2607 217 2664 L.
237 2636 270 2646 -
290 2607 457 2676 oppeterem
475 2609 574 2674 τληνῖα
592 2553 758 2661 iiABchK
781 2609 898 2677 σημαίνε
922 2609 1053 2676 τετληοία
1071 2606 1093 2661 L
1113 2604 1181 2677 με’νε
1200 2609 1331 2674 τετληυῖα

185 2677 366 2733 restituimus.
395 2708 428 2716 —
453 2683 469 2730 3
497 2673 590 2760 πάντμ
619 2677 709 2732 ταῦτα
732 2675 785 2762 μὲν
809 2673 864 2748 γὰρ
883 2678 918 2745 Ιι;
943 2678 978 2733 cf.
996 2677 1082 2734 Proll.
1106 2695 1133 2804 p.
1159 2683 1219 2733 118.
1240 2707 1272 2716 —-
1296 2672 1331 2731 rei

184 2743 274 2803 ταντᾶ
298 2745 352 2816 ἔπη
375 2747 411 2803 Μ,
437 2779 469 2787 -
504 2753 520 2801 4
545 2767 577 2801 το
601 2751 667 2804 ente
689 2753 800 2817 πληθος
822 2765 876 2804 om.
903 2749 934 2804 L.
958 2779 991 2790 -
1016 2756 1138 2820 δφησν
1157 2749 1331 2819 suspectum

185 2821 303 2875 fortasse
331 2821 483 2874 δείκνυσιν.
512 2849 545 2859 -
576 2825 592 2872 8
624 2815 780 2888 παμπόλοιν
805 2821 842 2881 Μ.
873 2851 905 2860 -
935 2827 951 2874 9
979 2814 1218 2891 παραδειγμάτων
1251 2819 1331 2874 codd.

186 2891 246 2944 edd.
267 2892 495 2960 παραδείγματος
513 2907 572 2946 noe.
592 2923 624 2930 -
653 2898 686 2945 10
708 2889 792 2946 ἕνεκα
815 2911 828 2946 ε
849 2895 886 2946 at.
906 2909 966 2948 vac.
985 2899 1002 2946 4
1024 2892 1182 2947 litterarum
1206 2891 1333 2960 requitur

188 2966 272 3018 τοθυ
295 2958 438 3024 ὀςΜποῦ
454 2959 486 3016 δὲ
506 2957 560 3031 γὰρ
575 2962 626 3016 ΑΒ
645 2963 729 3018 τοῦδε
744 2963 804 3031 μθ
842 2979 900 3016 orn.
921 2963 969 3018 τοῦ
984 2958 1038 3032 γὰρ
1053 2981 1111 3018 noe.
1127 2993 1159 3002 -
1181 2969 1213 3017 13
1230 2960 1333 3031 ἔχοντα

188 3033 246 3089 ΜΛ
266 3051 361 3102 εχουτι
376 3033 407 3086 L.
424 3063 457 3072 -
478 3039 511 3087 16
524 3033 589 3088 Her.
604 3033 710 3104 Theog.
729 3053 755 3088 v.
770 3041 830 3089 642.
851 3029 893 3088 ἐνί
908 3034 938 3090 L.
959 3065 991 3073 -
1013 3042 1045 3089 16
1059 3035 1109 3102 τῆς
1122 3033 1333 3158 μεγαλοψυχίας

188 3105 265 3230 cpdd.
286 3104 347 3231 ειῗί.
367 3104 399 3176 τῇ
419 3106 615 3178 μεγαλοψυχίᾳ
629 3121 688 3159 nos.
708 3137 740 3146 —
760 3101 810 3159 τὸν
829 3100 996 3171 Χρύσιππον
1010 3105 1122 3160 ΜΑΒΟ
1149 3104 1241 3159 1(ποῦ
1259 3107 1332 3172 Χρυ-

185 3193 290 3232 σππου
335 3206 394 3230 .—

187 3362 220 3425 et
265 3358 328 3424 ‘sic
352 3358 400 3423 cit
422 3354 474 3421 his
499 3377 555 3421 cor
578 3355 743 3442 castigans
767 3357 827 3421 sub
850 3359 983 3441 pectore
1006 3356 1102 3423 dictis

267 3487 385 3550 corque
407 3463 457 3530 illi
480 3466 575 3547 peret
596 3463 740 3528 tolerans
764 3485 802 3528 cc
825 3462 1014 3548 comprimit
1037 3462 1184 3529 aestum!

187 3573 232 3640 Hi
254 3576 352 3659 etque
376 3571 432 3638 elii
456 3591 591 3635 numero
614 3569 734 3634 infiniti
757 3591 879 3654 versus,
901 3592 982 3653 quos
1002 3567 1205 3654 Chrysippus
1229 3569 1332 3652 affert,

186 3680 387 3746 iracundiam
415 3677 450 3742 in
473 3677 567 3742 corde
596 3697 666 3740 esee
694 3677 896 3741 confirment
948 3677 1020 3764 Ego
1049 3699 1140 3760 vero,
1166 3675 1194 3740 si
1218 3697 1331 3742 omnes

186 3787 369 3855 adscribere
392 3783 500 3868 velim,
522 3784 642 3850 librum
665 3783 746 3867 ipse,
768 3785 806 3846 ut
829 3781 1048 3868 Chrysippus,
1070 3783 1223 3868 repleam.
1269 3781 1331 3849 Sed

186 3895 267 3961 eatis
301 3912 458 3978 superque
496 3913 534 3956 ex
567 3889 713 3956 Homero
750 3911 861 3954 versus
898 3889 1007 3954 additi.
1063 3889 1222 3966 Quoniam
1254 3911 1330 3954 vero

187 4023 285 4086 quam
312 3998 445 4085 plurimi
473 3997 573 4064 etiem
597 4019 635 4062 ex
657 3994 801 4062 Hesiodo
826 3996 981 4081 adscripti
1008 3997 1050 4062 ab
1072 4018 1112 4064 eo
1136 3999 1224 4078 sunt,
1251 3997 1331 4061 duos

186 4111 293 4174 tresve
317 4129 355 4172 ex
379 4105 420 4172 iis
445 4126 698 4170 commemorare
722 4103 860 4187 exempli
883 4103 992 4188 gretie
1015 4102 1168 4168 sufficiet:

183 4271 191 4282 ,
309 4213 411 4280 ‘Huic
433 4211 523 4277 furor
546 4214 643 4297 etque
667 4209 793 4276 enimus
816 4231 891 4274 coro
915 4209 975 4273 sub
997 4211 1128 4292 pectore
1151 4207 1272 4274 crevit’

151 4335 155 4344 '
186 4323 266 4388 item
312 4319 362 4384 ‘et
380 4317 472 4403 quasi
487 4318 612 4384 hebens
626 4317 824 4383 cruciantem
839 4315 983 4380 animum
1002 4315 1062 4379 sub
1076 4318 1208 4399 pectore
1222 4316 1330 4381 bilem.

231 4431 264 4497 et
310 4427 374 4504 ‘iro
397 4424 527 4524 quidem
551 4423 673 4493 exarsit
695 4443 852 4516 generoso
874 4421 910 4486 in
932 4423 1063 4511 pectore
1086 4420 1232 4494 eunctis:
