3168 5136
770 391 1012 456 -818-

317 544 445 632 μᾶλλόν
463 571 498 613 τε
516 544 571 613 καὶ
586 537 695 633 ἦττον,
715 555 794 626 ίσως
811 574 846 615 τε
864 549 918 615 καὶ
933 545 1056 636 ὁμοίως
1074 550 1130 616 καὶ
1144 546 1313 634 ἀνάλογόν
1331 551 1425 617 ἐστιν
1445 547 1467 636 ἦ

317 679 351 721 τε
373 650 498 721 ταύτοῦ
520 653 576 720 rial
599 652 619 741 ἡ
643 655 757 742 ἕτέρον
780 658 917 741 γνῶσις,
947 649 998 733 οἷς
1020 653 1121 722 ἅπασι
1144 655 1241 724 κοινὰ
1265 659 1469 743 συμβέβηκε,

317 761 392 846 περὶ
425 755 446 827 ἃ
483 759 715 847 γεγυμνάσθαι
738 761 817 849 χρή,
847 761 885 830 τὸ
914 761 1062 830 δυνατὸν
1090 743 1146 830 nol
1174 759 1358 850 ἀναγκαῖον
1382 762 1404 850 ἦ
1431 791 1467 832 τε

319 867 356 933 ἐν
378 864 510 945 τούτοις
533 864 689 955 ὁμοιότης
711 894 746 935 τε
769 869 823 936 καλ
852 865 1061 956 ἀνομοιότης.
1106 873 1143 937 οί
1162 870 1224 956 μὲν
1247 861 1311 938 οὖν
1334 877 1467 956 σκοποί,

291 970 396 1042 ικαθ’
424 969 483 1053 οὓς
506 975 625 1042 ἕκαστα
648 973 778 1044 τούτων
807 971 919 1063 ὀρθῶς
941 974 985 1044 ἄν
1012 1003 1060 1056 τις
1087 983 1356 1064 μεταχειρίζοιτο,
1385 1005 1466 1046 παν-

317 1079 460 1149 τάπασιν
488 1077 612 1168 ὀλίγοι,
640 1082 678 1150 τὸ
712 1081 750 1152 dl
777 1081 859 1151 κατὰ
893 1079 1016 1163 αὐτοὺς
1042 1083 1232 1171 γυμνάσιον
1260 1081 1321 1152 οὖν
1348 1081 1467 1171 ὀλίγον

318 1187 444 1275 χρόνον
473 1186 645 1275 δεόμενον.
690 1191 898 1258 ἐνδείκνυται
936 1189 972 1257 di
1008 1194 1107 1258 τοῦτο
1140 1191 1196 1260 καλ
1232 1191 1314 1259 κατὰ
1350 1191 1388 1260 τὸ
1415 1195 1466 1260 ιε’-

316 1321 439 1380 ταρτον
462 1299 520 1383 τῆς
543 1302 719 1374 Πολιτείας
743 1293 760 1363 ὁ
785 1295 946 1382 Πλάτων,
974 1303 1059 1365 ἔνθα
1086 1297 1243 1384 βούλεται
1272 1301 1374 1380 δεῖξαι
1403 1299 1467 1386 τὴν

316 1401 428 1491 ψυχὴν
451 1399 547 1490 ἡμῶν
575 1399 636 1490 οὐχ
666 1400 775 1490 ἁπλῆν
812 1400 890 1472 οὐδὲ
918 1408 1078 1491 μονοειδῆ
1115 1405 1198 1472 κατὰ
1235 1403 1297 1492 τὴν
1333 1403 1465 1491 οὐσίαν,

277 1527 302 1567 1⁰
317 1505 400 1578 ἀλλὰ
433 1509 602 1578 σύνθετον
639 1512 675 1577 ἐκ
700 1513 813 1597 ,τριῶν
847 1513 976 1598 μερῶν,
1012 1501 1061 1578 ῶν
1098 1513 1240 1580 ἕκαστον
1276 1512 1338 1599 μὲν
1374 1519 1465 1584 ίόιον

318 1622 383 1704 ἔχει
410 1616 447 1685 τὸ
472 1615 578 1703 εἶδος,
602 1614 643 1687 οὐ
666 1623 747 1706 μίαν
775 1616 811 1685 dl
836 1616 999 1706 δύναμιν,
1032 1614 1115 1685 ἀλλὰ
1139 1627 1283 1698 τελείους.
1329 1625 1376 1700 είς
1398 1621 1462 1708 γὰρ

316 1722 378 1810 τὴν
402 1721 572 1807 ἀπόδειξιν
597 1722 701 1794 αὐτοῦ
724 1729 845 1812 χρῆταί
868 1752 935 1793 τινι
959 1729 1027 1794 τῶν
1054 1725 1137 1813 πρὸς
1163 1725 1286 1814 νόησιν
1312 1729 1465 1817 ἐναργῶν

316 1829 404 1922 λόγῳ
427 1836 561 1924 τοιῶδε·
600 1829 739 1900 ‘teritio
767 1831 925 1919 δηλονότι
952 1828 1112 1900 τάναντία
1135 1849 1245 1902 ποιεῖν
1278 1830 1297 1922 ἢ
1325 1835 1465 1923 πάσχειν

277 1959 301 1998 1⁴
317 1937 409 2005 ‘uari
432 1936 555 2008 ταύτόν
578 1967 612 2008 τε
635 1940 691 2008 καί
714 1939 796 2027 πρὸς
818 1935 942 2007 ταύτὸν
971 1938 1032 2008 οὐκ
1055 1939 1206 2026 ἐθελήσει
1230 1939 1320 2028 ἅμα]
1363 1947 1463 2010 τοῦτο

251 2043 378 2132 λθὸμέν
402 2035 524 2114 οὖντὸ
549 2043 695 2135 ἀξίωμα,
722 2042 801 2114 καθ’
832 2041 850 2113 ii
882 2043 945 2133 τὴν
974 2047 978 2134 l
1013 2043 1184 2128 ἀπόδειξιν
1211 2049 1352 2135 ἐγχειρεῖ
1370 2047 1463 2136 ποιή-

316 2160 451 2221 σασθαι.
496 2153 671 2239 γινώσκων
698 2153 735 2221 δὲ
758 2151 802 2240 μὴ
827 2153 925 2220 παντὶ
952 2153 1014 2221 τὸν
1041 2153 1219 2241 είρημένον
1246 2151 1332 2222 εἶναι
1359 2155 1464 2242 λόγον

352 2409 367 2458 5
387 2398 458 2458 καθ’
479 2399 514 2466 ἃς
529 2404 624 2458 ΜΑΒ.
645 2435 676 2443 -
698 2411 713 2459 6
732 2373 819 2472 ὀλίγοι
834 2400 876 2466 τὸ,
895 2398 960 2458 κατ’
981 2398 1087 2466 αὖτοὺς
1101 2403 1130 2458 Μ
1149 2397 1250 2474 όλίγοι.
1271 2401 1302 2459 τό
1318 2401 1381 2459 κατ’
1397 2401 1461 2461 asir.

315 2474 367 2528 AB
387 2470 425 2528 ti
447 2477 493 2529 ιιαλ
513 2497 536 2531 τ.
556 2495 580 2530 ιι.
601 2471 663 2530 orit.
683 2474 754 2530 ChK
777 2469 831 2542 tr,
851 2471 882 2530 τὸ
903 2473 935 2530 δέ
955 2497 980 2530 ιι.
1001 2469 1064 2530 urit.
1085 2475 1163 2530 Corn.
1191 2507 1222 2514 —-
1250 2484 1281 2530 13
1300 2477 1372 2532 Plat.
1391 2477 1463 2547 Rep·

315 2561 342 2615 p.
358 2553 410 2601 436
426 2547 447 2599 B
466 2551 495 2602 et
514 2564 598 2617 supra
611 2564 637 2616 p.
654 2553 714 2616 463,
732 2554 772 2602 11.
787 2577 820 2586 -
840 2543 971 2615 δηλονότι
985 2541 1090 2602 tortitiis
1104 2543 1242 2602 τάναντία
1256 2547 1335 2602 codd.
1350 2548 1412 2606 ed&
1428 2581 1463 2589 -

304 2799 421 2884 ¹magis
445 2805 478 2866 et
501 2798 621 2883 minus,
649 2799 689 2865 ad
718 2798 850 2884 aequale
876 2803 908 2864 et
931 2799 1037 2864 simile
1061 2800 1193 2884 attinet,
1221 2801 1463 2886 respondetque

315 2907 458 2972 eiusdem
482 2913 516 2973 et
538 2907 659 2973 diversi
682 2907 839 2992 cognitio,
867 2907 985 2990 quibus
1014 2907 1163 2972 omnibus
1197 2909 1380 2973 eommunia
1410 2931 1464 2974 ao·

314 3011 433 3096 cidunt,
457 3014 491 3079 in
519 3016 636 3100 quibus
670 3013 811 3078 exerceri
835 3017 974 3096 oportet,
997 3013 1153 3097 possibile
1181 3017 1214 3078 et
1239 3017 1463 3080 necessarium

314 3123 347 3183 et
370 3120 549 3186 similitudo
574 3125 607 3186 et
634 3119 879 3202 dissimilitudo,
903 3141 985 3204 quae
1004 3120 1039 3183 in
1061 3119 1114 3184 his
1138 3125 1196 3186 est.
1241 3123 1291 3184 Ac
1319 3121 1463 3188 rationes

313 3228 456 3312 quidem,
485 3229 600 3314 quibus
624 3227 803 3312 propositis
832 3226 962 3311 singula
985 3224 1065 3291 haec
1096 3231 1184 3292 recte
1215 3227 1288 3311 quis
1317 3233 1462 3294 omme

313 3335 428 3419 possit,
464 3357 595 3420 prorsus
631 3357 753 3419 paucae
790 3337 880 3416 sunt,
917 3333 973 3398 sed
1010 3334 1201 3400 exercitatio
1238 3334 1274 3398 in
1311 3333 1363 3401 his
1397 3357 1464 3400 nou

313 3442 431 3526 exiguo
454 3446 600 3527 tempore
623 3441 758 3525 indiget.
804 3438 894 3515 Quod
919 3439 1020 3505 etiam
1049 3441 1083 3506 in
1106 3445 1223 3526 quarto
1245 3439 1465 3527 Reipublicae

313 3546 410 3612 Plato
447 3549 661 3632 demonstrat,
703 3546 759 3613 ubi
801 3547 946 3611 animum
986 3551 1136 3612 nostrum
1172 3569 1237 3613 non
1279 3549 1463 3632 simplicem

313 3675 417 3738 neque
439 3653 634 3720 uniformem
659 3641 843 3720 substantia
867 3676 938 3718 esse
960 3653 1098 3738 probare
1123 3653 1202 3738 vult,
1226 3653 1282 3719 sed
1301 3677 1340 3720 cx
1355 3655 1463 3720 tribus

314 3766 463 3827 constare
487 3763 648 3846 partibus,
676 3783 812 3847 quarum
841 3760 990 3844 singulae
1018 3761 1186 3846 propriam
1215 3761 1370 3846 speciem,
1396 3781 1464 3826 non

313 3874 423 3934 tamen
446 3890 544 3933 unam
567 3868 771 3949 facultatem,
801 3867 856 3931 sed
882 3867 993 3952 plures
1021 3867 1174 3933 habeant
1220 3867 1272 3932 Ad
1300 3868 1390 3933 cuius
1413 3867 1463 3932 rei

313 3975 622 4040 demonstrationem
645 3973 867 4058 propositione
891 3973 1030 4059 quedam
1059 3975 1100 4041 ad
1127 3975 1332 4040 intellectum
1360 3975 1464 4039 mani·

312 4080 397 4146 festa
420 4081 472 4146 his
495 4081 604 4146 verbis
627 4082 747 4145 utitur:
793 4079 914 4145 ‘Idem
944 4081 1026 4146 sine
1059 4081 1173 4146 dubio
1200 4081 1313 4146 uolet
1341 4081 1462 4146 simul

314 4187 521 4252 contraria
547 4188 611 4252 vel
639 4187 768 4252 facere
796 4187 857 4252 vel
885 4187 969 4271 pati
1000 4187 1208 4252 secundum
1230 4187 1331 4252 idem
1353 4193 1390 4252 et
1414 4187 1463 4252 ad

313 4289 434 4357 idem?
480 4293 551 4359 Ηοο
579 4297 629 4358 est
655 4293 904 4378 pronuntiatum
932 4294 1028 4378 illud,
1054 4295 1141 4378 quod
1170 4294 1462 4359 demonstrationis

312 4393 557 4465 fundamentum
580 4423 649 4466 esse
673 4400 752 4466 vult.
800 4399 862 4466 Sed
885 4401 961 4486 quia
988 4401 1050 4467 hoc
1073 4401 1195 4466 dictum
1216 4422 1285 4466 non
1308 4399 1462 4466 omnibus
