<?xml version="1.0" encoding="UTF-8"?>
<!DOCTYPE html PUBLIC "-//W3C//DTD XHTML 1.0 Transitional//EN"
    "http://www.w3.org/TR/xhtml1/DTD/xhtml1-transitional.dtd">
<html xmlns="http://www.w3.org/1999/xhtml" xml:lang="en" lang="en">
 <head>
  <title>
</title>
<meta http-equiv="Content-Type" content="text/html;charset=utf-8" />
  <meta name='ocr-system' content='tesseract 3.04.00' />
  <meta name='ocr-capabilities' content='ocr_page ocr_carea ocr_par ocr_line ocrx_word'/>
</head>
<body>
  <div class='ocr_page' id='page_1' title='image "./claudiigalenide02mlgoog/claudiigalenide02mlgoog_0352.png"; bbox 0 0 3300 5146; ppageno 0'>
   <div class='ocr_carea' id='block_1_1' title="bbox 645 443 890 508">
    <p class='ocr_par' dir='ltr' id='par_1_1' title="bbox 645 443 890 508">
     <span class='ocr_line' id='line_1_1' title="bbox 645 443 890 508; baseline 0 0"><span class='ocrx_word' id='word_1_1' title='bbox 645 443 890 508; x_wconf 77' lang='lat'><strong>-335-</strong></span> 
     </span>
    </p>
   </div>
   <div class='ocr_carea' id='block_1_2' title="bbox 189 595 1402 2294">
    <p class='ocr_par' dir='ltr' id='par_1_2' title="bbox 189 595 1402 2294">
     <span class='ocr_line' id='line_1_2' title="bbox 190 595 1402 690; baseline 0.006 -22"><span class='ocrx_word' id='word_1_2' title='bbox 190 595 208 668; x_wconf 86' lang='lat'><strong>6</strong></span> <span class='ocrx_word' id='word_1_3' title='bbox 233 598 275 688; x_wconf 80' lang='grc' dir='ltr'><strong><em>δη</em></strong></span> <span class='ocrx_word' id='word_1_4' title='bbox 299 601 354 668; x_wconf 82' lang='grc' dir='ltr'><strong>καὶ</strong></span> <span class='ocrx_word' id='word_1_5' title='bbox 378 599 502 688; x_wconf 81' lang='grc' dir='ltr'><strong><em>ἠθικον</em></strong></span> <span class='ocrx_word' id='word_1_6' title='bbox 520 601 765 690; x_wconf 82' lang='grc' dir='ltr'><strong><em>ἐπιγράφουσίΙ</em></strong></span> <span class='ocrx_word' id='word_1_7' title='bbox 785 626 883 686; x_wconf 86' lang='grc' dir='ltr'><strong><em>τινες,</em></strong></span> <span class='ocrx_word' id='word_1_8' title='bbox 906 597 1021 669; x_wconf 77' lang='grc' dir='ltr'><strong><em>οὐκέθ’</em></strong></span> <span class='ocrx_word' id='word_1_9' title='bbox 1047 598 1171 688; x_wconf 84' lang='grc' dir='ltr'><strong><em>ὁμοίως</em></strong></span> <span class='ocrx_word' id='word_1_10' title='bbox 1193 598 1402 689; x_wconf 67' lang='grc' dir='ltr'><strong><em>εὑρίσκεθθί</em></strong></span> 
     </span>
     <span class='ocr_line' id='line_1_3' title="bbox 190 705 1337 796; baseline 0.004 -21"><span class='ocrx_word' id='word_1_11' title='bbox 190 733 243 775; x_wconf 90' lang='grc' dir='ltr'><strong>ται</strong></span> <span class='ocrx_word' id='word_1_12' title='bbox 267 706 454 794; x_wconf 73' lang='grc' dir='ltr'><em>γινώσκων,</em></span> <span class='ocrx_word' id='word_1_13' title='bbox 477 706 560 776; x_wconf 80' lang='grc' dir='ltr'><strong><em>ἀλλὰ</em></strong></span> <span class='ocrx_word' id='word_1_14' title='bbox 583 706 623 775; x_wconf 82' lang='grc' dir='ltr'><strong>τὰ</strong></span> <span class='ocrx_word' id='word_1_15' title='bbox 647 707 709 796; x_wconf 73' lang='grc' dir='ltr'><strong>μὲν</strong></span> <span class='ocrx_word' id='word_1_16' title='bbox 726 705 772 788; x_wconf 80' lang='grc' dir='ltr'><strong><em>ὦς</em></strong></span> <span class='ocrx_word' id='word_1_17' title='bbox 791 711 1059 796; x_wconf 79' lang='grc' dir='ltr'><strong><em>ἐπαμφοτερίζον</em></strong></span> <span class='ocrx_word' id='word_1_18' title='bbox 1082 707 1214 795; x_wconf 81' lang='grc' dir='ltr'><strong><em>γράφει,</em></strong></span> <span class='ocrx_word' id='word_1_19' title='bbox 1236 709 1276 778; x_wconf 83' lang='grc' dir='ltr'><strong>τὰ</strong></span> <span class='ocrx_word' id='word_1_20' title='bbox 1300 709 1337 782; x_wconf 73' lang='grc' dir='ltr'><strong><em>δὲ</em></strong></span> 
     </span>
     <span class='ocr_line' id='line_1_4' title="bbox 190 811 1338 903; baseline 0.003 -22"><span class='ocrx_word' id='word_1_21' title='bbox 190 811 235 893; x_wconf 79' lang='grc' dir='ltr'><strong><em>ὦς</em></strong></span> <span class='ocrx_word' id='word_1_22' title='bbox 257 817 424 901; x_wconf 80' lang='grc' dir='ltr'><strong><em>μηδεμίαν</em></strong></span> <span class='ocrx_word' id='word_1_23' title='bbox 451 812 638 901; x_wconf 82' lang='grc' dir='ltr'><strong><em>ἡγούμενος</em></strong></span> <span class='ocrx_word' id='word_1_24' title='bbox 665 813 751 884; x_wconf 80' lang='grc' dir='ltr'><strong><em>εἶναι</em></strong></span> <span class='ocrx_word' id='word_1_25' title='bbox 780 815 927 902; x_wconf 85' lang='grc' dir='ltr'><strong><em>δύναμιν</em></strong></span> <span class='ocrx_word' id='word_1_26' title='bbox 949 820 1007 902; x_wconf 82' lang='grc' dir='ltr'><strong><em>τῆς</em></strong></span> <span class='ocrx_word' id='word_1_27' title='bbox 1034 818 1140 902; x_wconf 71' lang='grc' dir='ltr'><strong><em>ψυχῆς</em></strong></span> <span class='ocrx_word' id='word_1_28' title='bbox 1166 815 1247 903; x_wconf 82' lang='grc' dir='ltr'><strong><em>μήτε</em></strong></span> <span class='ocrx_word' id='word_1_29' title='bbox 1270 819 1338 886; x_wconf 84' lang='grc' dir='ltr'><strong><em>ἐπι-</em></strong></span> 
     </span>
     <span class='ocr_line' id='line_1_5' title="bbox 189 919 1338 1010; baseline 0.005 -22"><span class='ocrx_word' id='word_1_30' title='bbox 189 919 381 1010; x_wconf 82' lang='grc' dir='ltr'><strong><em>θυμητικὴν</em></strong></span> <span class='ocrx_word' id='word_1_31' title='bbox 403 921 483 1009; x_wconf 79' lang='grc' dir='ltr'><strong><em>μήτε</em></strong></span> <span class='ocrx_word' id='word_1_32' title='bbox 507 925 683 1009; x_wconf 75' lang='grc' dir='ltr'><strong><em>θυμοειδῆ.</em></strong></span> <span class='ocrx_word' id='word_1_33' title='bbox 727 921 809 990; x_wconf 82' lang='grc' dir='ltr'><strong><em>κατὰ</em></strong></span> <span class='ocrx_word' id='word_1_34' title='bbox 832 921 894 1010; x_wconf 73' lang='grc' dir='ltr'><strong>μὲν</strong></span> <span class='ocrx_word' id='word_1_35' title='bbox 921 919 985 1006; x_wconf 79' lang='grc' dir='ltr'><strong><em>γὰρ</em></strong></span> <span class='ocrx_word' id='word_1_36' title='bbox 1007 920 1070 1008; x_wconf 82' lang='grc' dir='ltr'><strong>τὴν</strong></span> <span class='ocrx_word' id='word_1_37' title='bbox 1093 922 1248 1010; x_wconf 74' lang='grc' dir='ltr'><strong>ἐξήγησιν</strong></span> <span class='ocrx_word' id='word_1_38' title='bbox 1270 929 1338 994; x_wconf 79' lang='grc' dir='ltr'><strong>τῶν</strong></span> 
     </span>
     <span class='ocr_line' id='line_1_6' title="bbox 191 1024 1364 1125; baseline 0.004 -30"><span class='ocrx_word' id='word_1_39' title='bbox 191 1024 342 1114; x_wconf 83' lang='grc' dir='ltr'><strong><em>ὁρισμῶν</em></strong></span> <span class='ocrx_word' id='word_1_40' title='bbox 369 1031 430 1096; x_wconf 86' lang='grc' dir='ltr'><strong>τοῦ</strong></span> <span class='ocrx_word' id='word_1_41' title='bbox 457 1028 591 1108; x_wconf 79' lang='grc' dir='ltr'><em>πάθους</em></span> <span class='ocrx_word' id='word_1_42' title='bbox 618 1030 770 1116; x_wconf 78' lang='grc' dir='ltr'><strong><em>ἐμφαίνει</em></strong></span> <span class='ocrx_word' id='word_1_43' title='bbox 797 1028 874 1125; x_wconf 78' lang='grc' dir='ltr'><strong><em>τινδι</em></strong></span> <span class='ocrx_word' id='word_1_44' title='bbox 907 1027 1054 1116; x_wconf 88' lang='grc' dir='ltr'><strong><em>δύναμιν</em></strong></span> <span class='ocrx_word' id='word_1_45' title='bbox 1080 1025 1207 1115; x_wconf 75' lang='grc' dir='ltr'><strong><em>ἄλογον</em></strong></span> <span class='ocrx_word' id='word_1_46' title='bbox 1234 1033 1271 1100; x_wconf 91' lang='grc' dir='ltr'><strong>ἐν</strong></span> <span class='ocrx_word' id='word_1_47' title='bbox 1297 1037 1364 1122; x_wconf 69' lang='grc' dir='ltr'><strong>τῇῠ</strong></span> 
     </span>
     <span class='ocr_line' id='line_1_7' title="bbox 191 1132 1338 1226; baseline 0.005 -24"><span class='ocrx_word' id='word_1_48' title='bbox 191 1139 280 1223; x_wconf 70' lang='grc' dir='ltr'><strong><em>ψυχῇ</em></strong></span> <span class='ocrx_word' id='word_1_49' title='bbox 307 1139 375 1203; x_wconf 74' lang='grc' dir='ltr'><strong>τῶν</strong></span> <span class='ocrx_word' id='word_1_50' title='bbox 397 1138 519 1203; x_wconf 80' lang='grc' dir='ltr'><strong><em>παθῶν</em></strong></span> <span class='ocrx_word' id='word_1_51' title='bbox 542 1139 653 1204; x_wconf 78' lang='grc' dir='ltr'><strong><em>αἰτίαν</em></strong></span> <span class='ocrx_word' id='word_1_52' title='bbox 680 1133 856 1224; x_wconf 81' lang='grc' dir='ltr'><strong><em>ὑπάρχειν,</em></strong></span> <span class='ocrx_word' id='word_1_53' title='bbox 884 1132 929 1215; x_wconf 82' lang='grc' dir='ltr'><strong><em>ὦς</em></strong></span> <span class='ocrx_word' id='word_1_54' title='bbox 958 1132 1075 1222; x_wconf 81' lang='grc' dir='ltr'><strong><em>ὀλίγον</em></strong></span> <span class='ocrx_word' id='word_1_55' title='bbox 1101 1133 1243 1226; x_wconf 82' lang='grc' dir='ltr'><strong><em>ὕστερον</em></strong></span> <span class='ocrx_word' id='word_1_56' title='bbox 1271 1141 1338 1208; x_wconf 92' lang='grc' dir='ltr'><strong><em>ἐπι-</em></strong></span> 
     </span>
     <span class='ocr_line' id='line_1_8' title="bbox 192 1238 1337 1334; baseline 0.004 -26"><span class='ocrx_word' id='word_1_57' title='bbox 192 1243 288 1322; x_wconf 79' lang='grc' dir='ltr'><strong><em>δείξω</em></strong></span> <span class='ocrx_word' id='word_1_58' title='bbox 319 1241 382 1330; x_wconf 80' lang='grc' dir='ltr'><strong>τὴν</strong></span> <span class='ocrx_word' id='word_1_59' title='bbox 414 1243 513 1329; x_wconf 79' lang='grc' dir='ltr'><strong><em>ῥῆσιν</em></strong></span> <span class='ocrx_word' id='word_1_60' title='bbox 546 1242 789 1330; x_wconf 79' lang='grc' dir='ltr'><strong><em>ἐξηγησάμενος</em></strong></span> <span class='ocrx_word' id='word_1_61' title='bbox 820 1238 937 1310; x_wconf 79' lang='grc' dir='ltr'><strong><em>αὐτοῦ·</em></strong></span> <span class='ocrx_word' id='word_1_62' title='bbox 971 1243 1008 1310; x_wconf 87' lang='grc' dir='ltr'><strong>ἐν</strong></span> <span class='ocrx_word' id='word_1_63' title='bbox 1042 1243 1078 1310; x_wconf 82' lang='grc' dir='ltr'><strong><em>δέ</em></strong></span> <span class='ocrx_word' id='word_1_64' title='bbox 1109 1259 1179 1326; x_wconf 79' lang='grc' dir='ltr'><strong><em>τοῖς</em></strong></span> <span class='ocrx_word' id='word_1_65' title='bbox 1211 1247 1337 1334; x_wconf 80' lang='grc' dir='ltr'><strong><em>ἐφεξῆς,</em></strong></span> 
     </span>
     <span class='ocr_line' id='line_1_9' title="bbox 192 1345 1338 1438; baseline 0.005 -23"><span class='ocrx_word' id='word_1_66' title='bbox 192 1353 277 1416; x_wconf 81' lang='grc' dir='ltr'><strong><em>ἔνθα</em></strong></span> <span class='ocrx_word' id='word_1_67' title='bbox 306 1355 404 1436; x_wconf 80' lang='grc' dir='ltr'><strong><em>ζητεῖ,</em></strong></span> <span class='ocrx_word' id='word_1_68' title='bbox 433 1349 556 1436; x_wconf 84' lang='grc' dir='ltr'><strong><em>πότερα</em></strong></span> <span class='ocrx_word' id='word_1_69' title='bbox 583 1357 706 1435; x_wconf 83' lang='grc' dir='ltr'><strong><em>κρίσεις</em></strong></span> <span class='ocrx_word' id='word_1_70' title='bbox 739 1349 829 1416; x_wconf 74' lang='grc' dir='ltr'><strong><em>ἐστὶν</em></strong></span> <span class='ocrx_word' id='word_1_71' title='bbox 860 1345 881 1436; x_wconf 80' lang='grc' dir='ltr'><strong><em>ἢ</em></strong></span> <span class='ocrx_word' id='word_1_72' title='bbox 913 1355 1063 1438; x_wconf 85' lang='grc' dir='ltr'><strong><em>κρίσεσιν</em></strong></span> <span class='ocrx_word' id='word_1_73' title='bbox 1089 1352 1270 1437; x_wconf 87' lang='grc' dir='ltr'><strong><em>ἐπιγίνεται</em></strong></span> <span class='ocrx_word' id='word_1_74' title='bbox 1297 1352 1338 1421; x_wconf 82' lang='grc' dir='ltr'><strong>τὰ</strong></span> 
     </span>
     <span class='ocr_line' id='line_1_10' title="bbox 191 1452 1338 1545; baseline 0.005 -23"><span class='ocrx_word' id='word_1_75' title='bbox 191 1454 296 1542; x_wconf 82' lang='grc' dir='ltr'><strong><em>πάθη,</em></strong></span> <span class='ocrx_word' id='word_1_76' title='bbox 319 1459 501 1543; x_wconf 79' lang='grc' dir='ltr'><strong><em>προφανῶς</em></strong></span> <span class='ocrx_word' id='word_1_77' title='bbox 524 1452 691 1544; x_wconf 80' lang='grc' dir='ltr'><strong><em>ἀποχωρεῖ</em></strong></span> <span class='ocrx_word' id='word_1_78' title='bbox 711 1459 768 1542; x_wconf 82' lang='grc' dir='ltr'><strong><em>τῆς</em></strong></span> <span class='ocrx_word' id='word_1_79' title='bbox 791 1455 973 1536; x_wconf 81' lang='grc' dir='ltr'><strong><em>Πλάτωνος</em></strong></span> <span class='ocrx_word' id='word_1_80' title='bbox 996 1457 1110 1544; x_wconf 82' lang='grc' dir='ltr'><strong><em>δόξης,</em></strong></span> <span class='ocrx_word' id='word_1_81' title='bbox 1137 1456 1175 1538; x_wconf 84' lang='grc' dir='ltr'><strong><em>ὅς</em></strong></span> <span class='ocrx_word' id='word_1_82' title='bbox 1197 1486 1234 1545; x_wconf 89' lang='grc' dir='ltr'><strong>γε</strong></span> <span class='ocrx_word' id='word_1_83' title='bbox 1258 1457 1338 1530; x_wconf 73' lang='grc' dir='ltr'><strong><em>οὐδὲ</em></strong></span> 
     </span>
     <span class='ocr_line' id='line_1_11' title="bbox 190 1559 1378 1652; baseline 0.005 -23"><span class='ocrx_word' id='word_1_84' title='bbox 190 1561 253 1649; x_wconf 77' lang='grc' dir='ltr'><strong>τὴν</strong></span> <span class='ocrx_word' id='word_1_85' title='bbox 276 1559 383 1648; x_wconf 78' lang='grc' dir='ltr'><strong><em>ἀρχὴν</em></strong></span> <span class='ocrx_word' id='word_1_86' title='bbox 405 1565 442 1630; x_wconf 93' lang='grc' dir='ltr'><strong>ἐν</strong></span> <span class='ocrx_word' id='word_1_87' title='bbox 464 1567 504 1652; x_wconf 79' lang='grc' dir='ltr'><strong>τῇ</strong></span> <span class='ocrx_word' id='word_1_88' title='bbox 528 1563 686 1651; x_wconf 76' lang='grc' dir='ltr'><strong><em>διαιρέσει</em></strong></span> <span class='ocrx_word' id='word_1_89' title='bbox 709 1566 770 1631; x_wconf 88' lang='grc' dir='ltr'><strong>τοῦ</strong></span> <span class='ocrx_word' id='word_1_90' title='bbox 788 1562 1020 1650; x_wconf 78' lang='grc' dir='ltr'><strong><em>προβλήματος</em></strong></span> <span class='ocrx_word' id='word_1_91' title='bbox 1042 1560 1161 1650; x_wconf 82' lang='grc' dir='ltr'><strong><em>ἠξίωσε</em></strong></span> <span class='ocrx_word' id='word_1_92' title='bbox 1183 1567 1238 1633; x_wconf 80' lang='grc' dir='ltr'><strong>καὶ</strong></span> <span class='ocrx_word' id='word_1_93' title='bbox 1260 1567 1338 1636; x_wconf 84' lang='grc' dir='ltr'><strong><em>ταύ-</em></strong></span> <span class='ocrx_word' id='word_1_94' title='bbox 1353 1587 1378 1624; x_wconf 88' lang='lat'><strong>¹⁰</strong></span> 
     </span>
     <span class='ocr_line' id='line_1_12' title="bbox 191 1666 1338 1758; baseline 0.005 -22"><span class='ocrx_word' id='word_1_95' title='bbox 191 1695 249 1755; x_wconf 90' lang='grc' dir='ltr'><strong><em>της</em></strong></span> <span class='ocrx_word' id='word_1_96' title='bbox 277 1670 533 1757; x_wconf 74' lang='grc' dir='ltr'><strong><em>ἐπιμνησθῆναι.</em></strong></span> <span class='ocrx_word' id='word_1_97' title='bbox 578 1676 686 1738; x_wconf 91' lang='grc' dir='ltr'><strong><em>καίτοι</em></strong></span> <span class='ocrx_word' id='word_1_98' title='bbox 712 1673 811 1738; x_wconf 83' lang='grc' dir='ltr'><strong><em>τοῦτο</em></strong></span> <span class='ocrx_word' id='word_1_99' title='bbox 841 1673 974 1757; x_wconf 76' lang='grc' dir='ltr'><strong><em>πρῶτον</em></strong></span> <span class='ocrx_word' id='word_1_100' title='bbox 1001 1666 1106 1750; x_wconf 78' lang='grc' dir='ltr'><strong><em>εὐθὺς</em></strong></span> <span class='ocrx_word' id='word_1_101' title='bbox 1133 1673 1338 1758; x_wconf 78' lang='grc' dir='ltr'><strong><em>ἐγκαλέσειεν</em></strong></span> 
     </span>
     <span class='ocr_line' id='line_1_13' title="bbox 193 1772 1337 1905; baseline 0.006 -62"><span class='ocrx_word' id='word_1_102' title='bbox 193 1773 237 1843; x_wconf 73' lang='grc' dir='ltr'><strong>ἄν</strong></span> <span class='ocrx_word' id='word_1_103' title='bbox 260 1803 310 1855; x_wconf 90' lang='grc' dir='ltr'><strong><em>τις</em></strong></span> <span class='ocrx_word' id='word_1_104' title='bbox 333 1772 422 1867; x_wconf 77' lang='grc' dir='ltr'><strong><em>αὐτῷ</em></strong></span> <span class='ocrx_word' id='word_1_105' title='bbox 445 1775 528 1844; x_wconf 80' lang='grc' dir='ltr'><strong><em>κατὰ</em></strong></span> <span class='ocrx_word' id='word_1_106' title='bbox 550 1776 588 1844; x_wconf 91' lang='grc' dir='ltr'><strong>τὸ</strong></span> <span class='ocrx_word' id='word_1_107' title='bbox 612 1779 670 1864; x_wconf 77' lang='grc' dir='ltr'><strong><em>τῆς</em></strong></span> <span class='ocrx_word' id='word_1_108' title='bbox 693 1778 884 1905; x_wconf 81' lang='grc' dir='ltr'><strong><em>διαιρέσεως</em></strong></span> <span class='ocrx_word' id='word_1_109' title='bbox 907 1776 1034 1858; x_wconf 71' lang='grc' dir='ltr'><strong><em>ἐλλιπὲς</em></strong></span> <span class='ocrx_word' id='word_1_110' title='bbox 1056 1780 1259 1873; x_wconf 79' lang='grc' dir='ltr'><strong><em>ἐσφαλμένφ.</em></strong></span> <span class='ocrx_word' id='word_1_111' title='bbox 1300 1781 1337 1850; x_wconf 89' lang='grc' dir='ltr'><strong>τὸ</strong></span> 
     </span>
     <span class='ocr_line' id='line_1_14' title="bbox 194 1877 1336 1976; baseline 0.006 -27"><span class='ocrx_word' id='word_1_112' title='bbox 194 1881 333 1970; x_wconf 79' lang='grc' dir='ltr'><strong><em>γάρτοι</em></strong></span> <span class='ocrx_word' id='word_1_113' title='bbox 356 1882 475 1969; x_wconf 81' lang='grc' dir='ltr'><strong><em>πάθος,</em></strong></span> <span class='ocrx_word' id='word_1_114' title='bbox 499 1877 574 1951; x_wconf 85' lang='grc' dir='ltr'><strong><em>οἷον</em></strong></span> <span class='ocrx_word' id='word_1_115' title='bbox 597 1880 615 1950; x_wconf 92' lang='lat'><strong>6</strong></span> <span class='ocrx_word' id='word_1_116' title='bbox 640 1889 737 1969; x_wconf 78' lang='grc' dir='ltr'><strong><em>ἔρως,</em></strong></span> <span class='ocrx_word' id='word_1_117' title='bbox 765 1881 838 1970; x_wconf 77' lang='grc' dir='ltr'><strong><em>ἤτοι</em></strong></span> <span class='ocrx_word' id='word_1_118' title='bbox 861 1889 968 1972; x_wconf 86' lang='grc' dir='ltr'><strong><em>κρίσις</em></strong></span> <span class='ocrx_word' id='word_1_119' title='bbox 994 1891 1044 1964; x_wconf 90' lang='grc' dir='ltr'><strong><em>τίς</em></strong></span> <span class='ocrx_word' id='word_1_120' title='bbox 1071 1883 1208 1954; x_wconf 75' lang='grc' dir='ltr'><strong><em>ἐστιν”</em></strong></span> <span class='ocrx_word' id='word_1_121' title='bbox 1188 1915 1209 1974; x_wconf 90' lang='grc' dir='ltr'><strong><em>η</em></strong></span> <span class='ocrx_word' id='word_1_122' title='bbox 1232 1895 1336 1976; x_wconf 89' lang='grc' dir='ltr'><strong><em>κρίσει</em></strong></span> 
     </span>
     <span class='ocr_line' id='line_1_15' title="bbox 193 1985 1338 2120; baseline 0.004 -63"><span class='ocrx_word' id='word_1_123' title='bbox 193 1985 471 2077; x_wconf 89' lang='grc' dir='ltr'><strong><em>ἐπιγινόμενον</em></strong></span> <span class='ocrx_word' id='word_1_124' title='bbox 451 2017 471 2077; x_wconf 95' lang='grc' dir='ltr'><strong><em>η</em></strong></span> <span class='ocrx_word' id='word_1_125' title='bbox 496 1996 625 2076; x_wconf 88' lang='grc' dir='ltr'><strong><em>κίνησις</em></strong></span> <span class='ocrx_word' id='word_1_126' title='bbox 648 1995 789 2076; x_wconf 81' lang='grc' dir='ltr'><strong><em>ἔκφορος</em></strong></span> <span class='ocrx_word' id='word_1_127' title='bbox 811 2016 869 2120; x_wconf 84' lang='grc' dir='ltr'><strong><em>της</em></strong></span> <span class='ocrx_word' id='word_1_128' title='bbox 878 1991 1133 2119; x_wconf 79' lang='grc' dir='ltr'><strong><em>ἐπιθυμητικῆς</em></strong></span> <span class='ocrx_word' id='word_1_129' title='bbox 1156 1993 1338 2082; x_wconf 80' lang='grc' dir='ltr'><strong><em>δυνάμεως.</em></strong></span> 
     </span>
     <span class='ocr_line' id='line_1_16' title="bbox 193 2079 1379 2190; baseline 0.003 -24"><span class='ocrx_word' id='word_1_130' title='bbox 193 2094 281 2166; x_wconf 80' lang='grc' dir='ltr'><strong><em>οὕτω</em></strong></span> <span class='ocrx_word' id='word_1_131' title='bbox 305 2095 342 2165; x_wconf 74' lang='grc' dir='ltr'><strong><em>δὲ</em></strong></span> <span class='ocrx_word' id='word_1_132' title='bbox 364 2079 462 2165; x_wconf 82' lang='grc' dir='ltr'><strong>καὶὸ</strong></span> <span class='ocrx_word' id='word_1_133' title='bbox 486 2095 627 2184; x_wconf 80' lang='grc' dir='ltr'><strong><em>γόλος”</em></strong></span> <span class='ocrx_word' id='word_1_134' title='bbox 607 2123 679 2182; x_wconf 90' lang='grc' dir='ltr'><strong><em>ητοι</em></strong></span> <span class='ocrx_word' id='word_1_135' title='bbox 699 2102 806 2184; x_wconf 88' lang='grc' dir='ltr'><strong><em>κρίσις</em></strong></span> <span class='ocrx_word' id='word_1_136' title='bbox 828 2093 848 2183; x_wconf 79' lang='grc' dir='ltr'><em>ἢ</em></span> <span class='ocrx_word' id='word_1_137' title='bbox 870 2095 1035 2184; x_wconf 86' lang='grc' dir='ltr'><strong><em>επόμενόν</em></strong></span> <span class='ocrx_word' id='word_1_138' title='bbox 1056 2125 1087 2166; x_wconf 89' lang='grc' dir='ltr'><strong>τι</strong></span> <span class='ocrx_word' id='word_1_139' title='bbox 1106 2099 1209 2190; x_wconf 76' lang='grc' dir='ltr'><strong><em>ταύτῃ</em></strong></span> <span class='ocrx_word' id='word_1_140' title='bbox 1228 2101 1379 2182; x_wconf 68' lang='grc' dir='ltr'><strong><em>πάθοςῑῡ</em></strong></span> 
     </span>
     <span class='ocr_line' id='line_1_17' title="bbox 193 2199 1342 2294; baseline 0.004 -22"><span class='ocrx_word' id='word_1_141' title='bbox 193 2199 365 2291; x_wconf 80' lang='grc' dir='ltr'><strong><em>ἄλογον</em></strong></span> <span class='ocrx_word' id='word_1_142' title='bbox 345 2233 365 2291; x_wconf 88' lang='grc' dir='ltr'><strong><em>η</em></strong></span> <span class='ocrx_word' id='word_1_143' title='bbox 394 2211 523 2291; x_wconf 90' lang='grc' dir='ltr'><strong><em>κίνησις</em></strong></span> <span class='ocrx_word' id='word_1_144' title='bbox 552 2202 684 2290; x_wconf 81' lang='grc' dir='ltr'><strong><em>σφοδρὰ</em></strong></span> <span class='ocrx_word' id='word_1_145' title='bbox 710 2230 769 2292; x_wconf 90' lang='grc' dir='ltr'><strong><em>της</em></strong></span> <span class='ocrx_word' id='word_1_146' title='bbox 795 2208 1000 2292; x_wconf 82' lang='grc' dir='ltr'><strong><em>θυμοειδοῦς</em></strong></span> <span class='ocrx_word' id='word_1_147' title='bbox 1032 2205 1213 2294; x_wconf 79' lang='grc' dir='ltr'><strong><em>δυνάμεως.</em></strong></span> <span class='ocrx_word' id='word_1_148' title='bbox 1259 2205 1276 2276; x_wconf 94' lang='lat'><strong>6</strong></span> <span class='ocrx_word' id='word_1_149' title='bbox 1301 2211 1342 2277; x_wconf 95' lang='grc' dir='ltr'><strong><em>δέ</em></strong></span> 
     </span>
    </p>
   </div>
   <div class='ocr_carea' id='block_1_3' title="bbox 193 2413 1338 2702">
    <p class='ocr_par' dir='ltr' id='par_1_3' title="bbox 194 2413 1337 2702">
     <span class='ocr_line' id='line_1_18' title="bbox 229 2413 1337 2508; baseline 0.006 -36.225"><span class='ocrx_word' id='word_1_150' title='bbox 229 2413 391 2488; x_wconf 82' lang='grc' dir='ltr'><strong><em>2γρολφειν</em></strong></span> <span class='ocrx_word' id='word_1_151' title='bbox 413 2418 509 2474; x_wconf 64' lang='lat' dir='ltr'><strong>lt-</strong></span> <span class='ocrx_word' id='word_1_152' title='bbox 535 2413 677 2504; x_wconf 78' lang='grc' dir='ltr'><strong><em>θπότερα</em></strong></span> <span class='ocrx_word' id='word_1_153' title='bbox 701 2419 827 2486; x_wconf 80' lang='grc' dir='ltr'><strong><em>κρίσεσιν</em></strong></span> <span class='ocrx_word' id='word_1_154' title='bbox 849 2418 929 2472; x_wconf 91' lang='lat' dir='ltr'><strong>codd.</strong></span> <span class='ocrx_word' id='word_1_155' title='bbox 954 2419 1015 2504; x_wconf 82' lang='grc' dir='ltr'><strong><em>εδδ.</em></strong></span> <span class='ocrx_word' id='word_1_156' title='bbox 1041 2439 1069 2474; x_wconf 85' lang='grc' dir='ltr'><strong>π.</strong></span> <span class='ocrx_word' id='word_1_157' title='bbox 1093 2423 1197 2489; x_wconf 86' lang='grc' dir='ltr'><strong><em>κρίσεις</em></strong></span> <span class='ocrx_word' id='word_1_158' title='bbox 1221 2417 1337 2508; x_wconf 59' lang='lat' dir='ltr'><strong>{pelen</strong></span> 
     </span>
     <span class='ocr_line' id='line_1_19' title="bbox 193 2484 1338 2561; baseline 0.006 -19.229"><span class='ocrx_word' id='word_1_159' title='bbox 193 2491 317 2559; x_wconf 83' lang='grc' dir='ltr'><strong><em>κρίσεσιν</em></strong></span> <span class='ocrx_word' id='word_1_160' title='bbox 335 2507 447 2544; x_wconf 82' lang='lat' dir='ltr'><strong>noe.—</strong></span> <span class='ocrx_word' id='word_1_161' title='bbox 413 2497 500 2544; x_wconf 80' lang='lat'><strong>-12</strong></span> <span class='ocrx_word' id='word_1_162' title='bbox 520 2484 597 2558; x_wconf 75' lang='grc' dir='ltr'><strong><em>παρὰ</em></strong></span> <span class='ocrx_word' id='word_1_163' title='bbox 617 2491 654 2561; x_wconf 84' lang='grc' dir='ltr'><strong>τῷ</strong></span> <span class='ocrx_word' id='word_1_164' title='bbox 678 2489 727 2556; x_wconf 81' lang='grc' dir='ltr'><strong><em>τῆς</em></strong></span> <span class='ocrx_word' id='word_1_165' title='bbox 746 2489 833 2543; x_wconf 82' lang='grc' dir='ltr'><strong>ΜΔΒ</strong></span> <span class='ocrx_word' id='word_1_166' title='bbox 859 2485 936 2558; x_wconf 73' lang='grc' dir='ltr'><strong><em>παρὰ</em></strong></span> <span class='ocrx_word' id='word_1_167' title='bbox 956 2487 987 2545; x_wconf 83' lang='grc' dir='ltr'><strong>τὸ</strong></span> <span class='ocrx_word' id='word_1_168' title='bbox 1011 2491 1061 2560; x_wconf 81' lang='grc' dir='ltr'><strong><em>τῆς</em></strong></span> <span class='ocrx_word' id='word_1_169' title='bbox 1079 2491 1150 2546; x_wconf 89' lang='lat' dir='ltr'><strong>ChK</strong></span> <span class='ocrx_word' id='word_1_170' title='bbox 1173 2489 1246 2548; x_wconf 81' lang='grc' dir='ltr'><strong><em>κατὰ</em></strong></span> <span class='ocrx_word' id='word_1_171' title='bbox 1264 2515 1295 2548; x_wconf 86' lang='grc' dir='ltr'><strong>το</strong></span> <span class='ocrx_word' id='word_1_172' title='bbox 1315 2516 1338 2550; x_wconf 88' lang='grc' dir='ltr'><strong><em>τ</em></strong></span> 
     </span>
     <span class='ocr_line' id='line_1_20' title="bbox 194 2547 1338 2702; baseline 0.006 -88"><span class='ocrx_word' id='word_1_173' title='bbox 194 2560 323 2702; x_wconf 53' lang='grc' dir='ltr'><strong><em>ρρρὴμξ</em></strong></span> <span class='ocrx_word' id='word_1_174' title='bbox 335 2561 486 2687; x_wconf 32' lang='grc' dir='ltr'><strong><em>ξρὶολδᾷμρ.</em></strong></span> <span class='ocrx_word' id='word_1_175' title='bbox 506 2564 588 2616; x_wconf 65' lang='grc' dir='ltr'><strong><em>λλον</em></strong></span> <span class='ocrx_word' id='word_1_176' title='bbox 609 2547 719 2615; x_wconf 79' lang='lat'>164.-</span> <span class='ocrx_word' id='word_1_177' title='bbox 746 2565 778 2615; x_wconf 81' lang='lat'><strong>1³</strong></span> <span class='ocrx_word' id='word_1_178' title='bbox 798 2561 904 2628; x_wconf 85' lang='grc' dir='ltr'><strong><em>κρίσεσι</em></strong></span> <span class='ocrx_word' id='word_1_179' title='bbox 924 2562 1002 2617; x_wconf 86' lang='lat' dir='ltr'>codd.</span> <span class='ocrx_word' id='word_1_180' title='bbox 1023 2562 1084 2618; x_wconf 90' lang='lat' dir='ltr'><strong>edd</strong></span> <span class='ocrx_word' id='word_1_181' title='bbox 1108 2565 1197 2632; x_wconf 81' lang='grc' dir='ltr'><strong><em>κρίσει</em></strong></span> <span class='ocrx_word' id='word_1_182' title='bbox 1216 2583 1280 2636; x_wconf 80' lang='grc' dir='ltr'><strong><em>υοο;</em></strong></span> <span class='ocrx_word' id='word_1_183' title='bbox 1304 2567 1338 2622; x_wconf 84' lang='lat' dir='ltr'><strong>cf.</strong></span> 
     </span>
    </p>
   </div>
   <div class='ocr_carea' id='block_1_4' title="bbox 194 2849 1343 4540">
    <p class='ocr_par' dir='ltr' id='par_1_4' title="bbox 194 2849 1343 4540">
     <span class='ocr_line' id='line_1_21' title="bbox 194 2849 1340 2940; baseline 0.005 -26"><span class='ocrx_word' id='word_1_184' title='bbox 194 2851 317 2917; x_wconf 88' lang='lat' dir='ltr'><strong>stiones</strong></span> <span class='ocrx_word' id='word_1_185' title='bbox 339 2854 470 2934; x_wconf 84' lang='lat' dir='ltr'><strong>tractat,</strong></span> <span class='ocrx_word' id='word_1_186' title='bbox 492 2854 562 2914; x_wconf 91' lang='lat' dir='ltr'><strong>tum</strong></span> <span class='ocrx_word' id='word_1_187' title='bbox 586 2871 638 2933; x_wconf 88' lang='lat' dir='ltr'><strong>eo,</strong></span> <span class='ocrx_word' id='word_1_188' title='bbox 661 2849 716 2936; x_wconf 89' lang='lat' dir='ltr'><strong>qui</strong></span> <span class='ocrx_word' id='word_1_189' title='bbox 739 2849 774 2915; x_wconf 92' lang='lat' dir='ltr'><strong>in</strong></span> <span class='ocrx_word' id='word_1_190' title='bbox 797 2849 963 2917; x_wconf 76' lang='lat' dir='ltr'>curatione</span> <span class='ocrx_word' id='word_1_191' title='bbox 987 2850 1160 2917; x_wconf 85' lang='lat' dir='ltr'><strong>affectuum</strong></span> <span class='ocrx_word' id='word_1_192' title='bbox 1184 2859 1340 2940; x_wconf 82' lang='lat' dir='ltr'><strong>versatur,</strong></span> 
     </span>
     <span class='ocr_line' id='line_1_22' title="bbox 195 2955 1339 3043; baseline 0.004 -22"><span class='ocrx_word' id='word_1_193' title='bbox 195 2979 290 3043; x_wconf 91' lang='lat' dir='ltr'><strong>quem</strong></span> <span class='ocrx_word' id='word_1_194' title='bbox 313 2958 470 3023; x_wconf 81' lang='lat' dir='ltr'>moralem</span> <span class='ocrx_word' id='word_1_195' title='bbox 494 2957 676 3022; x_wconf 88' lang='lat' dir='ltr'><strong>inscribunt</strong></span> <span class='ocrx_word' id='word_1_196' title='bbox 699 2955 859 3039; x_wconf 87' lang='lat' dir='ltr'><strong>nonnulli,</strong></span> <span class='ocrx_word' id='word_1_197' title='bbox 882 2979 945 3022; x_wconf 88' lang='lat' dir='ltr'><strong>non</strong></span> <span class='ocrx_word' id='word_1_198' title='bbox 964 2957 1076 3023; x_wconf 88' lang='lat' dir='ltr'><strong>eodem</strong></span> <span class='ocrx_word' id='word_1_199' title='bbox 1099 2959 1195 3025; x_wconf 91' lang='lat' dir='ltr'><strong>modo</strong></span> <span class='ocrx_word' id='word_1_200' title='bbox 1219 2962 1339 3026; x_wconf 87' lang='lat' dir='ltr'><strong>sentire</strong></span> 
     </span>
     <span class='ocr_line' id='line_1_23' title="bbox 194 3063 1341 3150; baseline 0.003 -22"><span class='ocrx_word' id='word_1_201' title='bbox 194 3064 458 3150; x_wconf 82' lang='lat' dir='ltr'><strong>deprehenditur3</strong></span> <span class='ocrx_word' id='word_1_202' title='bbox 482 3064 538 3129; x_wconf 89' lang='lat' dir='ltr'><strong>sed</strong></span> <span class='ocrx_word' id='word_1_203' title='bbox 557 3064 716 3149; x_wconf 78' lang='lat' dir='ltr'><strong>quaedam</strong></span> <span class='ocrx_word' id='word_1_204' title='bbox 734 3065 828 3148; x_wconf 85' lang='lat' dir='ltr'><strong>quasi</strong></span> <span class='ocrx_word' id='word_1_205' title='bbox 851 3063 886 3129; x_wconf 93' lang='lat' dir='ltr'><strong>in</strong></span> <span class='ocrx_word' id='word_1_206' title='bbox 908 3068 1077 3149; x_wconf 87' lang='lat' dir='ltr'><strong>utramque</strong></span> <span class='ocrx_word' id='word_1_207' title='bbox 1101 3069 1228 3149; x_wconf 86' lang='lat' dir='ltr'><strong>partem</strong></span> <span class='ocrx_word' id='word_1_208' title='bbox 1250 3067 1341 3132; x_wconf 91' lang='lat' dir='ltr'><strong>incli-</strong></span> 
     </span>
     <span class='ocr_line' id='line_1_24' title="bbox 194 3170 1341 3257; baseline 0.003 -21"><span class='ocrx_word' id='word_1_209' title='bbox 194 3193 275 3236; x_wconf 88' lang='lat' dir='ltr'><strong>nans</strong></span> <span class='ocrx_word' id='word_1_210' title='bbox 300 3171 424 3256; x_wconf 83' lang='lat' dir='ltr'><strong>scribit,</strong></span> <span class='ocrx_word' id='word_1_211' title='bbox 447 3171 604 3257; x_wconf 81' lang='lat' dir='ltr'><strong>quaedam</strong></span> <span class='ocrx_word' id='word_1_212' title='bbox 627 3170 685 3254; x_wconf 86' lang='lat' dir='ltr'><strong>ita,</strong></span> <span class='ocrx_word' id='word_1_213' title='bbox 708 3174 744 3235; x_wconf 86' lang='lat' dir='ltr'><strong>ut</strong></span> <span class='ocrx_word' id='word_1_214' title='bbox 766 3171 889 3236; x_wconf 87' lang='lat' dir='ltr'><strong>nullam</strong></span> <span class='ocrx_word' id='word_1_215' title='bbox 909 3193 979 3236; x_wconf 88' lang='lat' dir='ltr'><strong>esse</strong></span> <span class='ocrx_word' id='word_1_216' title='bbox 998 3173 1127 3236; x_wconf 87' lang='lat' dir='ltr'><strong>animae</strong></span> <span class='ocrx_word' id='word_1_217' title='bbox 1149 3171 1341 3240; x_wconf 71' lang='lat' dir='ltr'><strong>facultatem</strong></span> 
     </span>
     <span class='ocr_line' id='line_1_25' title="bbox 195 3276 1341 3364; baseline 0.002 -21"><span class='ocrx_word' id='word_1_218' title='bbox 195 3300 298 3364; x_wconf 89' lang='lat' dir='ltr'><strong>neque</strong></span> <span class='ocrx_word' id='word_1_219' title='bbox 340 3280 546 3362; x_wconf 74' lang='lat' dir='ltr'><strong>appetentem</strong></span> <span class='ocrx_word' id='word_1_220' title='bbox 584 3299 686 3362; x_wconf 89' lang='lat' dir='ltr'><strong>neque</strong></span> <span class='ocrx_word' id='word_1_221' title='bbox 727 3276 925 3342; x_wconf 79' lang='lat' dir='ltr'><strong>irascibilem</strong></span> <span class='ocrx_word' id='word_1_222' title='bbox 962 3278 1148 3344; x_wconf 83' lang='lat' dir='ltr'><strong>existimare</strong></span> <span class='ocrx_word' id='word_1_223' title='bbox 1185 3279 1341 3346; x_wconf 82' lang='lat' dir='ltr'><strong>videatur.</strong></span> 
     </span>
     <span class='ocr_line' id='line_1_26' title="bbox 194 3384 1341 3469; baseline 0.002 -19"><span class='ocrx_word' id='word_1_224' title='bbox 194 3385 281 3450; x_wconf 88' lang='lat' dir='ltr'><strong>Nem</strong></span> <span class='ocrx_word' id='word_1_225' title='bbox 305 3408 378 3450; x_wconf 88' lang='lat' dir='ltr'><strong>cum</strong></span> <span class='ocrx_word' id='word_1_226' title='bbox 396 3385 600 3450; x_wconf 89' lang='lat' dir='ltr'><strong>definitiones</strong></span> <span class='ocrx_word' id='word_1_227' title='bbox 621 3384 754 3449; x_wconf 86' lang='lat' dir='ltr'><strong>affectus</strong></span> <span class='ocrx_word' id='word_1_228' title='bbox 774 3385 916 3468; x_wconf 79' lang='lat' dir='ltr'><strong>exponit,</strong></span> <span class='ocrx_word' id='word_1_229' title='bbox 938 3384 1004 3450; x_wconf 89' lang='lat' dir='ltr'><strong>vim</strong></span> <span class='ocrx_word' id='word_1_230' title='bbox 1024 3385 1186 3469; x_wconf 84' lang='lat' dir='ltr'><strong>quandam</strong></span> <span class='ocrx_word' id='word_1_231' title='bbox 1202 3387 1341 3452; x_wconf 84' lang='lat' dir='ltr'><strong>rationis</strong></span> 
     </span>
     <span class='ocr_line' id='line_1_27' title="bbox 196 3490 1340 3578; baseline 0.003 -22"><span class='ocrx_word' id='word_1_232' title='bbox 196 3495 362 3576; x_wconf 82' lang='lat' dir='ltr'><strong>expertem</strong></span> <span class='ocrx_word' id='word_1_233' title='bbox 385 3491 420 3556; x_wconf 92' lang='lat' dir='ltr'><strong>in</strong></span> <span class='ocrx_word' id='word_1_234' title='bbox 444 3491 552 3557; x_wconf 82' lang='lat' dir='ltr'><strong>animo</strong></span> <span class='ocrx_word' id='word_1_235' title='bbox 573 3491 746 3556; x_wconf 85' lang='lat' dir='ltr'><strong>affectuum</strong></span> <span class='ocrx_word' id='word_1_236' title='bbox 765 3513 896 3556; x_wconf 84' lang='lat' dir='ltr'><strong>causam</strong></span> <span class='ocrx_word' id='word_1_237' title='bbox 920 3512 990 3556; x_wconf 84' lang='lat' dir='ltr'><strong>esse</strong></span> <span class='ocrx_word' id='word_1_238' title='bbox 1009 3490 1161 3576; x_wconf 74' lang='lat' dir='ltr'><strong>declarat,</strong></span> <span class='ocrx_word' id='word_1_239' title='bbox 1183 3495 1220 3556; x_wconf 90' lang='lat' dir='ltr'><strong>ut</strong></span> <span class='ocrx_word' id='word_1_240' title='bbox 1243 3495 1340 3578; x_wconf 89' lang='lat' dir='ltr'><strong>paulo</strong></span> 
     </span>
     <span class='ocr_line' id='line_1_28' title="bbox 197 3595 1340 3685; baseline 0.001 -20"><span class='ocrx_word' id='word_1_241' title='bbox 197 3595 273 3683; x_wconf 82' lang='lat' dir='ltr'><strong>post</strong></span> <span class='ocrx_word' id='word_1_242' title='bbox 292 3599 392 3664; x_wconf 85' lang='lat' dir='ltr'><strong>verba</strong></span> <span class='ocrx_word' id='word_1_243' title='bbox 411 3599 479 3664; x_wconf 90' lang='lat' dir='ltr'><strong>eius</strong></span> <span class='ocrx_word' id='word_1_244' title='bbox 498 3599 674 3683; x_wconf 83' lang='lat' dir='ltr'><strong>explanans</strong></span> <span class='ocrx_word' id='word_1_245' title='bbox 698 3597 833 3684; x_wconf 79' lang='lat' dir='ltr'><strong>doceb03</strong></span> <span class='ocrx_word' id='word_1_246' title='bbox 857 3602 972 3682; x_wconf 82' lang='lat' dir='ltr'><strong>postea</strong></span> <span class='ocrx_word' id='word_1_247' title='bbox 995 3599 1050 3663; x_wconf 89' lang='lat' dir='ltr'><strong>ubi</strong></span> <span class='ocrx_word' id='word_1_248' title='bbox 1074 3599 1210 3685; x_wconf 84' lang='lat' dir='ltr'><strong>quaerit,</strong></span> <span class='ocrx_word' id='word_1_249' title='bbox 1232 3604 1340 3666; x_wconf 85' lang='lat' dir='ltr'><strong>utrum</strong></span> 
     </span>
     <span class='ocr_line' id='line_1_29' title="bbox 195 3703 1340 3788; baseline 0.003 -18"><span class='ocrx_word' id='word_1_250' title='bbox 195 3705 316 3770; x_wconf 83' lang='lat' dir='ltr'><strong>iudicia</strong></span> <span class='ocrx_word' id='word_1_251' title='bbox 345 3706 413 3770; x_wconf 89' lang='lat' dir='ltr'><strong>sint</strong></span> <span class='ocrx_word' id='word_1_252' title='bbox 440 3729 482 3770; x_wconf 86' lang='lat' dir='ltr'><strong>an</strong></span> <span class='ocrx_word' id='word_1_253' title='bbox 511 3705 638 3770; x_wconf 89' lang='lat' dir='ltr'><strong>iudiciis</strong></span> <span class='ocrx_word' id='word_1_254' title='bbox 668 3703 842 3769; x_wconf 86' lang='lat' dir='ltr'><strong>succedant</strong></span> <span class='ocrx_word' id='word_1_255' title='bbox 869 3704 1018 3788; x_wconf 84' lang='lat' dir='ltr'><strong>affectus,</strong></span> <span class='ocrx_word' id='word_1_256' title='bbox 1051 3728 1071 3769; x_wconf 93' lang='lat' dir='ltr'><strong>a</strong></span> <span class='ocrx_word' id='word_1_257' title='bbox 1097 3704 1243 3772; x_wconf 81' lang='lat' dir='ltr'><strong>Platonis</strong></span> <span class='ocrx_word' id='word_1_258' title='bbox 1271 3729 1340 3774; x_wconf 86' lang='lat' dir='ltr'><strong>sen-</strong></span> 
     </span>
     <span class='ocr_line' id='line_1_30' title="bbox 195 3811 1341 3898; baseline 0.003 -22"><span class='ocrx_word' id='word_1_259' title='bbox 195 3811 300 3877; x_wconf 88' lang='lat' dir='ltr'><strong>tentia</strong></span> <span class='ocrx_word' id='word_1_260' title='bbox 326 3811 500 3879; x_wconf 85' lang='lat' dir='ltr'><strong>manifesto</strong></span> <span class='ocrx_word' id='word_1_261' title='bbox 528 3813 662 3897; x_wconf 85' lang='lat' dir='ltr'><strong>recedit,</strong></span> <span class='ocrx_word' id='word_1_262' title='bbox 689 3812 809 3897; x_wconf 89' lang='lat' dir='ltr'><strong>quippe</strong></span> <span class='ocrx_word' id='word_1_263' title='bbox 838 3811 892 3897; x_wconf 90' lang='lat' dir='ltr'><strong>qui</strong></span> <span class='ocrx_word' id='word_1_264' title='bbox 920 3811 1051 3879; x_wconf 86' lang='lat' dir='ltr'><strong>omnino</strong></span> <span class='ocrx_word' id='word_1_265' title='bbox 1078 3812 1113 3876; x_wconf 92' lang='lat' dir='ltr'><strong>in</strong></span> <span class='ocrx_word' id='word_1_266' title='bbox 1142 3814 1341 3898; x_wconf 87' lang='lat' dir='ltr'><strong>quaestionis</strong></span> 
     </span>
     <span class='ocr_line' id='line_1_31' title="bbox 196 3917 1341 4005; baseline 0.003 -22"><span class='ocrx_word' id='word_1_267' title='bbox 196 3918 354 3987; x_wconf 76' lang='lat' dir='ltr'><strong>divisione</strong></span> <span class='ocrx_word' id='word_1_268' title='bbox 382 3943 422 3986; x_wconf 91' lang='lat' dir='ltr'><strong>ne</strong></span> <span class='ocrx_word' id='word_1_269' title='bbox 451 3921 519 3986; x_wconf 87' lang='lat' dir='ltr'><strong>ulla</strong></span> <span class='ocrx_word' id='word_1_270' title='bbox 547 3919 675 4005; x_wconf 89' lang='lat' dir='ltr'><strong>quidem</strong></span> <span class='ocrx_word' id='word_1_271' title='bbox 703 3919 867 3984; x_wconf 88' lang='lat' dir='ltr'><strong>mentione</strong></span> <span class='ocrx_word' id='word_1_272' title='bbox 895 3940 967 3983; x_wconf 86' lang='lat' dir='ltr'><strong>eam</strong></span> <span class='ocrx_word' id='word_1_273' title='bbox 996 3917 1148 4004; x_wconf 82' lang='lat' dir='ltr'><strong>dignatus</strong></span> <span class='ocrx_word' id='word_1_274' title='bbox 1177 3919 1228 3984; x_wconf 81' lang='lat' dir='ltr'><strong>sit</strong></span> <span class='ocrx_word' id='word_1_275' title='bbox 1279 3917 1341 3986; x_wconf 85' lang='lat' dir='ltr'><strong>Sed</strong></span> 
     </span>
     <span class='ocr_line' id='line_1_32' title="bbox 196 4025 1341 4112; baseline 0.002 -22"><span class='ocrx_word' id='word_1_276' title='bbox 196 4025 258 4091; x_wconf 92' lang='lat' dir='ltr'><strong>hcc</strong></span> <span class='ocrx_word' id='word_1_277' title='bbox 276 4026 327 4091; x_wconf 92' lang='lat' dir='ltr'><strong>illi</strong></span> <span class='ocrx_word' id='word_1_278' title='bbox 346 4027 488 4112; x_wconf 88' lang='lat' dir='ltr'><strong>primum</strong></span> <span class='ocrx_word' id='word_1_279' title='bbox 508 4027 622 4092; x_wconf 89' lang='lat' dir='ltr'><strong>statim</strong></span> <span class='ocrx_word' id='word_1_280' title='bbox 642 4027 769 4092; x_wconf 88' lang='lat' dir='ltr'><strong>crimini</strong></span> <span class='ocrx_word' id='word_1_281' title='bbox 788 4025 859 4091; x_wconf 87' lang='lat' dir='ltr'><strong>dari</strong></span> <span class='ocrx_word' id='word_1_282' title='bbox 877 4029 995 4110; x_wconf 84' lang='lat' dir='ltr'><strong>potest,</strong></span> <span class='ocrx_word' id='word_1_283' title='bbox 1013 4027 1098 4111; x_wconf 93' lang='lat' dir='ltr'><strong>quod</strong></span> <span class='ocrx_word' id='word_1_284' title='bbox 1119 4027 1341 4112; x_wconf 86' lang='lat' dir='ltr'><strong>quaestionem</strong></span> 
     </span>
     <span class='ocr_line' id='line_1_33' title="bbox 196 4132 1341 4218; baseline 0.001 -20"><span class='ocrx_word' id='word_1_285' title='bbox 196 4133 386 4218; x_wconf 85' lang='lat' dir='ltr'><strong>imperfecte</strong></span> <span class='ocrx_word' id='word_1_286' title='bbox 410 4133 565 4200; x_wconf 85' lang='lat' dir='ltr'><strong>diviserit.</strong></span> <span class='ocrx_word' id='word_1_287' title='bbox 611 4134 756 4198; x_wconf 86' lang='lat' dir='ltr'><strong>Affectus</strong></span> <span class='ocrx_word' id='word_1_288' title='bbox 780 4134 880 4217; x_wconf 88' lang='lat' dir='ltr'><strong>enim,</strong></span> <span class='ocrx_word' id='word_1_289' title='bbox 907 4137 944 4198; x_wconf 87' lang='lat' dir='ltr'><strong>ut</strong></span> <span class='ocrx_word' id='word_1_290' title='bbox 972 4156 1076 4216; x_wconf 87' lang='lat' dir='ltr'><strong>amor,</strong></span> <span class='ocrx_word' id='word_1_291' title='bbox 1104 4137 1161 4198; x_wconf 87' lang='lat' dir='ltr'><strong>aut</strong></span> <span class='ocrx_word' id='word_1_292' title='bbox 1186 4132 1341 4199; x_wconf 90' lang='lat' dir='ltr'><strong>iudicium</strong></span> 
     </span>
     <span class='ocr_line' id='line_1_34' title="bbox 197 4239 1343 4326; baseline 0.001 -22"><span class='ocrx_word' id='word_1_293' title='bbox 197 4239 358 4326; x_wconf 85' lang='lat' dir='ltr'><strong>quoddam</strong></span> <span class='ocrx_word' id='word_1_294' title='bbox 382 4244 432 4306; x_wconf 89' lang='lat' dir='ltr'><strong>est</strong></span> <span class='ocrx_word' id='word_1_295' title='bbox 456 4243 513 4306; x_wconf 89' lang='lat' dir='ltr'><strong>aut</strong></span> <span class='ocrx_word' id='word_1_296' title='bbox 534 4240 654 4306; x_wconf 89' lang='lat' dir='ltr'><strong>iudicio</strong></span> <span class='ocrx_word' id='word_1_297' title='bbox 684 4239 826 4304; x_wconf 80' lang='lat' dir='ltr'><strong>succedit</strong></span> <span class='ocrx_word' id='word_1_298' title='bbox 849 4239 905 4304; x_wconf 87' lang='lat' dir='ltr'><strong>a&#39;ut</strong></span> <span class='ocrx_word' id='word_1_299' title='bbox 928 4239 1030 4305; x_wconf 88' lang='lat' dir='ltr'><strong>motio</strong></span> <span class='ocrx_word' id='word_1_300' title='bbox 1058 4240 1216 4326; x_wconf 86' lang='lat' dir='ltr'><strong>quaedam</strong></span> <span class='ocrx_word' id='word_1_301' title='bbox 1239 4241 1343 4305; x_wconf 87' lang='lat' dir='ltr'><strong>effusa</strong></span> 
     </span>
     <span class='ocr_line' id='line_1_35' title="bbox 197 4346 1342 4434; baseline -0.001 -23"><span class='ocrx_word' id='word_1_302' title='bbox 197 4346 366 4413; x_wconf 83' lang='lat' dir='ltr'><strong>facultatis</strong></span> <span class='ocrx_word' id='word_1_303' title='bbox 399 4347 583 4432; x_wconf 85' lang='lat' dir='ltr'><strong>appetentis</strong></span> <span class='ocrx_word' id='word_1_304' title='bbox 616 4350 678 4434; x_wconf 81' lang='lat' dir='ltr'><strong>est3</strong></span> <span class='ocrx_word' id='word_1_305' title='bbox 711 4369 771 4412; x_wconf 88' lang='lat' dir='ltr'><strong>nec</strong></span> <span class='ocrx_word' id='word_1_306' title='bbox 799 4346 905 4411; x_wconf 86' lang='lat' dir='ltr'><strong>minua</strong></span> <span class='ocrx_word' id='word_1_307' title='bbox 934 4346 984 4412; x_wconf 90' lang='lat' dir='ltr'><strong>ira</strong></span> <span class='ocrx_word' id='word_1_308' title='bbox 1016 4349 1072 4410; x_wconf 88' lang='lat' dir='ltr'><strong>aut</strong></span> <span class='ocrx_word' id='word_1_309' title='bbox 1099 4347 1253 4412; x_wconf 90' lang='lat' dir='ltr'><strong>iudicium</strong></span> <span class='ocrx_word' id='word_1_310' title='bbox 1286 4349 1342 4412; x_wconf 89' lang='lat' dir='ltr'><strong>aut</strong></span> 
     </span>
     <span class='ocr_line' id='line_1_36' title="bbox 198 4453 1341 4540; baseline -0.002 -20"><span class='ocrx_word' id='word_1_311' title='bbox 198 4455 333 4520; x_wconf 84' lang='lat' dir='ltr'><strong>affectus</strong></span> <span class='ocrx_word' id='word_1_312' title='bbox 361 4455 506 4540; x_wconf 81' lang='lat' dir='ltr'><strong>quidam,</strong></span> <span class='ocrx_word' id='word_1_313' title='bbox 533 4454 587 4539; x_wconf 89' lang='lat' dir='ltr'><strong>qui</strong></span> <span class='ocrx_word' id='word_1_314' title='bbox 616 4453 771 4519; x_wconf 90' lang='lat' dir='ltr'><strong>iudicium</strong></span> <span class='ocrx_word' id='word_1_315' title='bbox 805 4454 1026 4539; x_wconf 85' lang='lat' dir='ltr'><strong>subsequitur,</strong></span> <span class='ocrx_word' id='word_1_316' title='bbox 1058 4453 1195 4518; x_wconf 86' lang='lat' dir='ltr'><strong>rationis</strong></span> <span class='ocrx_word' id='word_1_317' title='bbox 1227 4475 1341 4538; x_wconf 87' lang='lat' dir='ltr'><strong>expers</strong></span> 
     </span>
    </p>
   </div>
   <div class='ocr_carea' id='block_1_5' title="bbox 0 0 1663 5146">
    <p class='ocr_par' dir='ltr' id='par_1_5' title="bbox 0 0 1663 5146">
     <span class='ocr_line' id='line_1_37' title="bbox 0 0 1663 5146; baseline 0 0"><span class='ocrx_word' id='word_1_318' title='bbox 0 0 1663 5146; x_wconf 95' lang='lat' dir='ltr'><strong> </strong></span> 
     </span>
    </p>
   </div>
  </div>
 </body>
</html>
