3212 5146
579 443 820 508 -653-

128 601 308 687 λογιστικοί
335 601 390 668 καλ
419 598 620 688 ἀστρονόμοι
648 600 703 668 καλ
731 596 956 687 ἀρχιτέκτονες
983 605 1029 669 ἔτι
1056 626 1091 668 τε
1118 601 1271 688 μουσικοί

127 709 181 775 καὶ
204 709 408 796 γνωμονικοὶ
436 709 491 776 καλ
520 693 689 797 βητοριλιολ
717 707 772 774 καλ
800 707 1019 795 γραμματικοὶ
1047 707 1101 776 καλ
1130 705 1216 787 ὅλως
1243 716 1276 774 εί

127 842 176 894 τις
199 815 236 882 έν
254 816 351 903 τέχνη
376 817 491 903 λογικῇ
516 813 736 901 γεγύμναστο,
759 819 870 881 πίστιν
888 819 1028 900 βεβαίαν
1045 819 1144 902 ἔσχον
1167 815 1273 901 ἐξελη-

128 923 265 1008 λέγχθαι
299 921 361 1009 μέν
390 919 471 1000 τοὺς
502 924 570 988 τῶν
601 917 712 988 ἄλλων
744 919 881 1005 λόγους,
914 918 1014 1000 ὅσους
1046 919 1273 1008 έγεγρύφεσαν

128 1024 210 1114 ὑπὲρ
234 1024 436 1115 ἡογεμνικοῦ
459 1031 581 1114 ψυχῆς,
604 1025 742 1114 ἀληθεῖς
765 1027 801 1094 θλ
829 1024 915 1094 εἶναι
942 1027 1021 1108 τοὺς
1038 1024 1300 1115 Ἰπποκρότουςο

128 1135 182 1201 καὶ
207 1133 401 1213 Πλάτωνος·
425 1135 493 1202 ἐπεὶ
513 1133 549 1201 dt
567 1132 606 1201 τὰ
629 1138 691 1202 τοῦ
709 1140 907 1221 Χρυσίππου
924 1139 1037 1220 βιβλία
1059 1133 1133 1222 περὶ
1152 1138 1274 1210 παθῶν

128 1232 171 1326 ’ἦν
203 1241 413 1328 γεγραμμένα
445 1240 499 1307 καὶ
532 1243 568 1307 οί
596 1237 660 1308 ἀπὸ
694 1241 825 1308 ἐκείνου
852 1238 962 1324 εἶπον,
994 1237 1039 1320 ὡς
1070 1242 1107 1308 έν
1135 1242 1275 1320 έκείνοις

129 1343 300 1427 ἀπέδειξεν
324 1345 341 1414 ὁ
366 1343 452 1433 ἀνὴρ
476 1348 513 1414 έν
535 1350 580 1437 τῷ
604 1351 779 1438 λογιστικῷ
803 1351 860 1434 τῆς
880 1351 985 1434 ψυχῆς
1009 1343 1094 1415 εἶναι
1117 1346 1157 1415 τὰ
1180 1347 1273 1434 πύθη

128 1454 182 1522 καί
203 1451 283 1531 τοὺς
300 1452 433 1539 θυμοὺς
451 1454 505 1520 καὶ
524 1452 602 1532 τοὺς
625 1453 754 1540 φόβους
776 1453 830 1521 καὶ
848 1451 907 1532 τὰς
924 1451 1031 1533 λύπας
1048 1452 1110 1522 ὅσα
1133 1480 1166 1522 τε
1190 1453 1273 1522 ἄλλα

127 1563 277 1642 τοιαῦτα,
296 1559 352 1626 διὰ
367 1561 514 1638 ἐκείνους
528 1556 746 1646 ἠναγκάσθην
766 1558 991 1627 ἐπιδεικνύναι
1010 1559 1054 1647 μὴ
1073 1561 1182 1648 μόνον
1197 1577 1274 1642 deo-
1289 1585 1314 1622 ¹⁰

128 1670 195 1746 θεός
210 1665 364 1754 είρηκότα
378 1665 482 1734 πολλὰ
497 1668 578 1733 κατὰ
592 1665 632 1734 τὰ
646 1668 719 1753 περὶ
734 1671 856 1735 παθῶν
869 1673 982 1753 βιβλία
995 1669 1056 1735 τὸν
1066 1668 1274 1754 Χρύσιππον,

127 1769 212 1841 ἄλλα
228 1772 282 1839 καὶ
297 1773 491 1863 μαχομένας
504 1770 593 1864 αύτῷ
613 1774 668 1840 καί
687 1773 768 1840 κατὰ
787 1777 886 1842 τοῦτο
901 1776 1093 1863 προσέθηκα
1107 1788 1177 1854 τοῖς
1190 1775 1275 1860 πρύ-

126 1907 197 1960 τοις
212 1879 276 1947 δύο
299 1885 442 1965 βιβλίοις
460 1881 553 1966 ἕτερα
576 1885 650 1966 τρία
670 1881 778 1961 (λείξας
800 1876 927 1959 εὐθέως
946 1881 983 1948 έν
1000 1877 1124 1964 αὐτοῖς,
1147 1879 1197 1948 ὅτι
1220 1881 1275 1949 καλ

8 1971 15 1988 ’
130 1985 361 2065 Ποσειδώνιος
384 1983 401 2053 ὁ
422 1986 761 2073 έπιστημονικύτατος
778 1990 846 2056 τῶν
866 1989 1027 2054 Στωϊκῶν
1046 1989 1102 2054 διὰ
1125 1987 1162 2055 τὸ
1181 2015 1277 2074 γεγυ-

126 2093 280 2179 μνάσθαι
294 2091 376 2160 κατὰ
391 2099 594 2180 γεωμετρίαν
608 2089 730 2179 ἀπέστη
744 2119 779 2160 τε
792 2098 854 2161 τοῦ
868 2099 1065 2182 Χρυσίππου
1078 2095 1133 2160 καί
1148 2099 1277 2161 δείκνυ·
1292 2115 1316 2154 1⁵

127 2221 185 2268 σιν
209 2201 247 2267 έν
269 2203 308 2288 τῇ
329 2201 333 2286 Ι
358 2200 431 2287 περὶ
454 2203 576 2266 παθόν
597 2206 802 2289 πραγματεία
826 2200 1079 2286 θιοικουμένους
1103 2196 1186 2285 ἡμᾶς
1209 2198 1341 2276 tutata

164 2412 341 2496 κγνωμικολ
370 2411 460 2497 λβ.
498 2407 708 2496 θέξηλέγχθαι
732 2413 811 2468 codd.
840 2413 902 2469 edd.
932 2407 1060 2484 έξεληλέγ
1062 2415 1131 2482 χθαι
1159 2430 1273 2467 nos.—

130 2481 232 2539 θέκελ
251 2473 319 2538 δέ
302 2502 338 2551 ην
356 2479 391 2536 τὰ
411 2463 544 2536 Coiun—
569 2483 673 2538 παθόν
692 2484 740 2538 καὶ
758 2483 939 2574 γεγραμμένα
958 2485 985 2538 M
1005 2504 1033 2538 π.
1053 2503 1128 2552 γεγρ.
1148 2483 1275 2538 Anchi(

127 2575 250 2642 w
253 2571 360 2681 ιι
363 2553 396 2607 ε
496 2573 626 2678 ι
658 2623 691 2680 .
843 2549 1144 2684 ιιιιευ
1163 2553 1276 2680 ιο

128 2622 184 2753 thir.
187 2625 281 2751 (thrdld
296 2695 407 2750 edd
332 2621 412 2678 w
425 2620 598 2761 λλςπόρλ
549 2717 604 2750 τοιν
619 2699 722 2751 παθων
736 2669 821 2752 cddd.
831 2697 892 2752 edd.
907 2717 936 2752 π.
951 2697 1055 2751 παθῶν
1070 2714 1128 2754 uos
1133 2646 1177 2736 ς-
1191 2645 1277 2766 χόόοος

128 2769 224 2855 μένας
242 2766 301 2821 MA
326 2763 472 2837 μαχόμενα
493 2767 606 2832 ΒΟλιΚς
630 2767 664 2822 ολ.
684 2770 779 2838 Progr
799 2769 837 2836 11,
856 2777 936 2822 9.—
962 2776 995 2822 12
1019 2763 1096 2841 αύτῷ
1115 2769 1196 2823 codd
1214 2767 1276 2822 edd.

129 2835 212 2913 αύτῷ
233 2856 320 2893 nos.-

131 2967 282 2974 -..υ-μ.-

128 3055 346 3138 arithmetici,
370 3055 595 3139 calculatores,
619 3057 814 3140 astronomi,
836 3055 1019 3138 architecti,
1052 3056 1130 3119 item
1154 3057 1279 3141 musici,

128 3162 335 3250 gnomonici,
367 3161 534 3246 rhetorici,
566 3163 787 3249 grammatici,
818 3163 955 3247 denique
987 3165 1013 3226 si
1046 3161 1119 3246 quis
1147 3162 1181 3226 in
1209 3166 1278 3226 arte

128 3271 244 3358 logica
276 3273 346 3332 erat
378 3269 586 3352 exercitatus,
617 3269 902 3353 persuasissimum
925 3269 1109 3334 habueruut
1140 3267 1278 3332 aliorum

130 3378 289 3458 rationes,
307 3397 387 3459 quas
406 3375 445 3439 de
465 3376 650 3460 principatu
671 3376 771 3440 animi
790 3376 1005 3459 scripsissent,
1023 3397 1094 3438 esse
1113 3374 1280 3457 refutatas,

131 3482 347 3568 Hippocratis
376 3485 485 3545 antem
513 3485 545 3544 et
572 3480 720 3546 Platonis
749 3505 842 3547 veras
871 3504 952 3546 esse.
1001 3483 1046 3546 At
1077 3503 1149 3546 curn
1177 3479 1278 3564 Chry·

130 3591 222 3675 sippi
260 3589 337 3654 libri
374 3587 412 3650 de
449 3586 750 3670 perturbationibus
788 3588 965 3671 conscripti
1003 3594 1112 3651 essent
1147 3589 1279 3672 eiusque

130 3699 313 3762 sectatores
355 3692 556 3758 affirmarent
595 3693 629 3758 in
665 3693 732 3758 illis
769 3715 842 3758 euru
883 3694 1123 3758 demonstrasse
1161 3693 1195 3758 iu
1231 3715 1282 3758 rs·

130 3801 252 3869 tionali
275 3805 367 3884 parte
391 3799 492 3864 animi
516 3821 585 3862 esse
609 3799 753 3882 affectus,
776 3800 856 3884 iras,
878 3805 992 3881 metus,
1015 3821 1177 3866 maerores
1201 3800 1280 3864 alia-

130 3931 197 3995 que
222 3907 254 3971 id
282 3927 398 3992 genus,
425 3906 474 3970 illi
498 3929 549 3970 me
573 3909 746 3992 notgerunt
779 3905 947 3970 ostendere
970 3903 1190 3990 Chrysippum
1214 3929 1280 3972 non

131 4015 234 4082 modo
258 4013 362 4078 multa
383 4011 469 4077 salso
492 4013 526 4076 in
548 4012 642 4077 libris
660 4012 700 4076 de
718 4013 1027 4096 perturbationibus,
1050 4013 1278 4076 verumetiam

131 4122 271 4187 sibimet
296 4119 514 4203 repugnantia
544 4118 665 4182 dixisse
693 4124 789 4202 atque
818 4118 936 4184 idcirco
964 4119 1127 4202 prioribus
1155 4118 1280 4184 duobus

130 4228 232 4294 libris
254 4230 321 4290 tres
346 4215 428 4290 ulibs
452 4224 560 4288 addidi
584 4225 697 4288 statim
721 4225 753 4288 in
776 4224 873 4290 initio
897 4247 1007 4290 eornm
1031 4225 1197 4288 declarans
1220 4225 1275 4290 Po·

131 4334 311 4416 sidonium,
334 4329 517 4398 Stoicorum
537 4330 801 4414 eruditissimum,
824 4331 944 4415 quippe
966 4330 1021 4415 qui
1045 4331 1078 4394 in
1102 4332 1281 4416 geometria

131 4439 332 4506 exercitatus
352 4441 448 4522 esset,
466 4437 621 4502 defecisse
641 4461 660 4501 a
679 4435 866 4521 Chrysippo
885 4441 918 4500 et
935 4437 970 4500 in
988 4437 1082 4502 libris
1101 4437 1139 4500 de
1159 4439 1281 4503 affecti·
