3376 5144
798 365 1039 454 Lars-

343 549 433 614 louv
456 553 528 634 εἶ’δη
551 549 604 614 καὶ
635 546 685 614 δτι
713 551 808 634 τριχη
837 547 1033 637 κατῴκισται
1062 549 1114 616 καὶ
1145 547 1193 614 ὅτι
1223 547 1259 615 τὸ
1288 548 1350 634 μὲν
1377 544 1489 617 αὐτῶν

343 655 441 722 θεῖόν
465 657 570 738 ἔστιν,
599 645 624 744 ηδ
648 655 863 740 λογιζόμεθα,
891 655 930 722 τὰ
960 657 995 722 δὲ
1024 656 1122 722 λοιπὰ
1146 655 1208 722 δῦο
1236 655 1419 742 παθητικά,
1449 656 1485 725 τὸ

342 765 419 848 με’ν,
443 753 468 852 ηδ
493 761 712 848 θυμούμεθα,
735 760 771 828 τὸ
797 763 849 846 δι’,
873 752 899 852 ᾦ
923 766 991 828 των
1015 763 1070 828 διὰ
1094 767 1154 829 τοῦ
1178 763 1329 849 στόματος
1356 761 1486 849 ἡδονῶν

344 872 585 955 ἐπιθυμοῦμεν,
608 865 626 936 δ’
650 865 714 934 κδν
731 884 801 947 τοῖς
823 884 942 954 φυτοῖς
961 872 1061 947 ἐστιν,
1085 867 1268 950 ἀποδείξεις
1291 877 1378 957 ἔχειν
1400 873 1485 958 φημὶ

317 979 395 1044 6καῖ
420 979 534 1064 μέντοι
558 977 611 1042 καὶ
637 974 687 1043 ὅτι
710 975 747 1043 τὸ
767 975 829 1063 μὲν
852 977 889 1042 ἐν
908 977 1077 1066 ἐγκεφάλῳ
1097 976 1304 1067 κατῴκισται,
1327 979 1363 1044 τὸ
1389 978 1423 1045 δὲ
1448 980 1485 1046 ἐν

343 1091 480 1175 καρδίᾳ,
513 1083 549 1151 τὸ
580 1083 615 1150 δὲ
645 1085 681 1150 ἐν
713 1081 822 1170 ἥπατι·
855 1085 908 1149 καὶ
943 1083 1007 1170 γὰρ
1034 1083 1163 1151 τούτων
1193 1086 1278 1151 εἰσὶν
1306 1082 1488 1167 ἀποδείξεις

344 1191 594 1279 ἐπιστημονικαὶ
622 1193 674 1257 καὶ
705 1193 777 1277 περὶ
803 1188 915 1257 αὐτῶν
944 1189 1159 1279 ἠγωνισάμην
1187 1195 1223 1259 ἐν
1250 1208 1319 1271 τοῖς
1347 1192 1488 1280 πρώτοις

344 1301 377 1380 ἓξ
400 1297 616 1386 ὑπομνήμασι
640 1301 739 1384 τῆσδε
763 1303 821 1382 τῆς
844 1307 1066 1384 πραγματείας
1090 1298 1165 1368 οὔτε
1192 1301 1265 1386 περὶ
1292 1303 1350 1386 τῆς
1373 1295 1488 1379 οὐσίας

279 1405 448 1474 ἳθδείπιδν
468 1411 472 1488 Ι
493 1432 522 1472 τι
546 1409 614 1473 τῶν
636 1409 738 1490 τριῶν
761 1409 862 1472 εἰδῶν
884 1409 943 1492 της
966 1411 1072 1492 ψυχῆς
1091 1405 1166 1474 οὔτε
1189 1407 1339 1494 περὶτῆς
1361 1404 1487 1474 ἆθανα·

305 1530 329 1568 ¹⁰
344 1520 418 1593 σίας
446 1509 527 1580 οὗθ’
553 1511 638 1591 ὅλως
667 1510 819 1598 ζητήσας,
847 1511 990 1598 πότερον
1012 1521 1135 1599 κυρίως
1163 1510 1332 1600 ὀνομάζων
1359 1523 1489 1602 εἴρηκεν

345 1621 382 1687 ἐν
408 1627 534 1711 Τιμαίῳ
564 1619 673 1705 θνητὰ
700 1617 740 1686 τὰ
769 1617 832 1685 δύο
860 1622 943 1706 με’ρη
967 1624 1025 1706 της
1052 1624 1158 1706 ψυχῆς
1188 1616 1204 1706 ἢ
1229 1619 1354 1707 ταύτην
1376 1617 1489 1700 αὐτοῖς

345 1726 500 1814 ἐπήνεγκε
523 1726 585 1813 τὴν
608 1731 837 1812 προσηγορίαν
864 1723 1050 1799 ἀθανάτοις
1079 1719 1176 1794 οὖσιν
1203 1724 1249 1806 ὥς
1276 1733 1400 1814 χείροσι
1428 1730 1489 1794 τοῦ

344 1837 535 1918 λογιστικοῦ
551 1834 606 1899 καὶ
627 1830 672 1911 ὡς
689 1832 771 1900 κατὰ
791 1832 830 1899 τὰ
850 1832 958 1917 θνητὰ
977 1837 1045 1900 τῶν
1066 1835 1159 1926 ζῴων
1178 1837 1350 1920 ἐνεργοῦσι
1373 1833 1489 1920 μόνον.

344 1939 381 2006 τὸ
405 1941 479 2026 γάρ,
503 1936 553 2006 δτι
577 1942 670 2027 τριχῆ
689 1939 885 2030 κατῴκισται
908 1937 948 2006 τὰ
972 1943 1079 2027 ψυχῆς
1102 1945 1173 2026 εἱδη
1197 1941 1250 2006 καὶ
1275 1938 1325 2008 ὅτι
1348 1939 1489 2007 τοσάσδε

305 2062 329 2102 ¹⁵
345 2045 439 2125 τινὰς
462 2044 621 2133 δυνάμεις
643 2048 784 2114 ἕκαστον
807 2043 919 2114 αῦτιῦν
943 2053 1006 2134 ἔχει
1030 2048 1084 2113 καὶ
1103 2045 1237 2114 τοιάσδε
1260 2045 1363 2131 τινάς,
1387 2057 1433 2125 εἰς
1454 2073 1489 2114 τε

344 2163 557 2174 -η-ι--α--α--ι

382 2215 393 2260 l
417 2203 475 2260 tort
493 2202 528 2274 δὴ
549 2207 596 2259 καὶ
615 2201 658 2260 δτι
679 2207 714 2260 Μ.
735 2237 767 2246 -
787 2203 945 2261 κατιῦιιιστα
961 2208 997 2262 Μ.
1019 2239 1050 2248 —
1071 2202 1115 2262 ὅτι
1134 2203 1149 2261 δ
1169 2208 1221 2276 μὲν
1237 2207 1272 2260 Μ.
1293 2238 1325 2247 -
1346 2215 1361 2260 ³
1381 2208 1437 2260 τών
1455 2203 1487 2262 δὲ

345 2267 365 2330 ὦ
387 2277 421 2330 bl.
445 2309 473 2316 —
497 2287 511 2332 ⁴
531 2273 682 2346 αἰτοδτίξης
703 2279 738 2330 ll.
757 2309 792 2318 -
812 2285 825 2332 'l
847 2284 870 2332 Α
889 2281 981 2333 verbis
1001 2281 1048 2332 καὶ
1068 2281 1130 2343 περὶ
1150 2275 1243 2331 αὐτῶν
1263 2279 1345 2348 incip.
1366 2281 1488 2348 excerpt.

345 2349 485 2402 XXXXlX
506 2351 575 2402 codd
603 2351 664 2412 b'l'3
689 2350 723 2403 cs.
743 2350 828 2406 Pron.
848 2369 874 2418 p.
896 2356 937 2403 75.
957 2383 989 2391 -
1017 2352 1135 2417 triola
1156 2368 1209 2404 om.
1228 2351 1286 2404 FP.
1307 2381 1337 2388 -
1365 2357 1397 2402 10
1416 2351 1488 2416 ζητί·

345 2438 395 2481 σας
410 2421 439 2476 Ρ.
461 2451 491 2460 -
512 2417 631 2486 πότερον
645 2421 694 2473 FP
714 2419 820 2486 πότερα
835 2419 1005 2476 blABChK.
1026 2451 1058 2460 —
1082 2430 1112 2474 13
1127 2422 1240 2488 λογικοῦ
1256 2421 1286 2473 Ρ.
1302 2451 1333 2460 -
1354 2420 1382 2473 in
1402 2421 1487 2474 verbo

345 2488 432 2559 μόνον
456 2491 543 2544 desiu.
567 2509 625 2545 exc.
650 2492 792 2545 XXXXlX
816 2493 895 2548 codd.
916 2493 972 2546 FP.
998 2523 1029 2531 —
1056 2500 1088 2545 lt
1113 2489 1228 2544 τοσάσδε
1254 2487 1304 2552 τὰς
1327 2491 1406 2546 codd.
1425 2491 1487 2545 edd.

345 2582 367 2616 r.
387 2561 466 2644 τμιὰς
492 2581 549 2616 nos.
575 2593 606 2602 -
634 2569 665 2616 15
693 2565 741 2616 καὶ
764 2557 809 2616 ὅτι
832 2560 943 2616 τοιάσδε
966 2563 1045 2617 codd.
1065 2564 1126 2617 edd.
1150 2563 1198 2616 καὶ
1224 2560 1265 2616 ἔτι
1288 2582 1310 2616 τ.
1335 2562 1414 2616 Corn.
1440 2560 1488 2615 καὶ

345 2639 458 2687 τοιασδε
479 2651 537 2688 nos.
557 2663 589 2674 —

346 2798 569 2883 quaestionem
589 2798 717 2884 quidem
741 2797 890 2882 instituo;
915 2798 1008 2881 plura
1031 2803 1141 2862 tamen
1156 2819 1225 2862 esse
1241 2795 1341 2861 animi
1367 2817 1486 2881 genera

346 2904 571 2989 triplicemque
608 2904 715 2968 sedem
753 2903 873 2968 habere
910 2911 1098 2989 partemque
1136 2927 1248 2988 unam,
1290 2927 1352 2988 qua
1389 2904 1487 2969 ratio-

347 3010 504 3095 cinamur,
536 3011 679 3075 divinam
712 3033 795 3094 esse,
828 3011 967 3094 reliquas
1001 3011 1080 3076 duas
1118 3011 1284 3075 affectibus
1321 3010 1487 3094 obnoxias,

347 3116 495 3200 alteram,
526 3139 590 3202 qua
620 3119 805 3200 irascimur,
838 3118 988 3200 alteram,
1021 3140 1085 3203 qua
1120 3118 1264 3201 corporis
1302 3116 1486 3200 voluptates

347 3224 612 3308 concupiscimus,
636 3247 717 3308 quae
742 3225 839 3287 etiam
864 3224 897 3287 in
921 3225 1077 3308 stirpibus
1101 3229 1164 3305 est,
1192 3223 1413 3288 demonstrare
1436 3245 1487 3288 me

347 3354 442 3415 posse
466 3331 537 3397 dico
561 3336 657 3415 atque
682 3331 780 3394 etiam
805 3330 898 3413 illud,
926 3354 1023 3395 unam
1052 3332 1086 3396 in
1114 3331 1259 3414 cerebro,
1287 3330 1424 3394 alteram
1451 3329 1486 3396 in

347 3439 454 3521 eorde,
481 3439 612 3502 tertiam
636 3438 670 3502 in
698 3437 803 3502 iecore
830 3438 1023 3503 collocatam
1047 3460 1130 3522 esse;
1159 3441 1234 3501 sunt
1257 3437 1343 3500 enim
1369 3436 1407 3500 de
1434 3434 1487 3500 his

347 3543 637 3608 demonstrationes
675 3545 810 3610 subtiles
847 3544 1087 3629 elegantesque,
1128 3544 1167 3608 de
1208 3544 1323 3628 quibus
1360 3543 1394 3606 in
1431 3563 1485 3606 sex

346 3650 509 3733 prioribus
542 3650 636 3714 huius
669 3652 774 3736 operis
808 3651 902 3715 libris
935 3673 1030 3715 omne
1063 3655 1209 3716 nostrum
1246 3653 1408 3715 certamen
1440 3649 1487 3712 ita

345 3756 532 3822 institutum
556 3761 614 3840 est,
638 3763 674 3821 nt
695 3779 797 3842 neque
821 3757 859 3822 de
883 3759 982 3822 trium
1006 3757 1104 3821 animi
1128 3779 1282 3843 generum
1307 3755 1488 3821 substantia

346 3886 448 3948 neque
472 3864 510 3928 de
534 3865 781 3929 immortalitate
805 3888 910 3930 eorum
940 3865 1114 3951 quidquam
1143 3865 1204 3928 sim
1232 3864 1358 3928 locutus
1384 3883 1487 3946 neque

347 3971 478 4036 omnino
501 3973 725 4056 quaesiverim,
747 3977 857 4037 utrum
881 3973 960 4036 duas
985 3972 1085 4042 animi
1109 3977 1218 4056 partes
1238 3970 1390 4035 mortales
1415 3981 1501 4056 pro·

295 4091 301 4102 ·
346 4077 416 4161 prie
431 4079 644 4161 appellaverit
662 4079 695 4142 in
710 4079 841 4144 Timaeo
861 4102 902 4144 an
920 4081 985 4144 tale
1004 4101 1122 4145 nomen
1137 4078 1176 4142 iis
1196 4077 1396 4162 imposuerit,
1413 4076 1489 4140 licet

348 4184 413 4247 sint
440 4185 656 4268 immortales,
684 4208 721 4251 eo
751 4187 835 4269 quod
863 4187 988 4250 ratione
1016 4185 1166 4248 videntur
1193 4184 1363 4249 inferiores
1392 4187 1486 4268 atque

348 4289 381 4352 in
404 4291 597 4355 mortalibus
621 4295 747 4356 tantum
773 4293 986 4358 animantium
1010 4293 1157 4376 partibus
1182 4297 1364 4375 operantur.
1400 4289 1485 4354 Nam

348 4398 551 4480 quaestiones
575 4399 659 4484 illac,
683 4400 924 4484 tripartitamne
949 4400 1056 4463 sedem
1080 4399 1225 4463 habeant
1243 4398 1342 4463 animi
1360 4417 1487 4481 genera,
