3444 5140
652 433 895 496 -745-

200 588 421 676 ἐπιτυχόντων
453 585 646 675 ἀνθρώπων
679 585 843 675 ὠκύτερος
875 586 918 656 άν
946 613 1024 656 ποτε
1058 585 1192 676 ὀφθείη.
1247 593 1345 658 τοῦτο

200 687 261 763 οὖν
292 693 501 782 Ἱπποκράτει
537 719 572 762 τε
609 697 663 762 ιιαί
694 694 851 763 Πλάτωνι
884 696 1062 782 γέγραπται
1094 701 1345 784 παραδείγματα

199 802 366 888 γράψασιν
399 811 446 880 είς
474 827 508 868 τε
535 799 594 880 τὰς
620 803 738 888 τέχνας
764 801 820 869 καὶ
847 801 954 882 πάσας
981 800 1039 880 τὰς
1066 801 1148 870 κατὰ
1180 801 1240 871 τὸν
1268 809 1346 888 βίον

198 907 330 996 πράξεις
362 908 515 997 χρήσιμα.
560 908 799 996 παραθήσομαι
837 909 873 976 δὲ
911 905 1006 994 ὀλίγα
1042 908 1141 996 χάριν
1171 913 1232 977 τοῦ
1264 929 1344 977 συν-

198 1020 348 1103 οφθῆναι
363 1015 425 1102 τήν
441 1016 535 1082 ἰδέαν
558 1013 678 1083 αὐτῶν.
706 1013 747 1083 οὐ
770 1014 911 1103 μήνκαὶ
935 1011 1146 1102 άρκεσθήναί
1164 1043 1202 1102 γε
1215 1014 1371 1096 τοάτοιςε

198 1120 277 1204 άξιῶ
299 1121 379 1202 τοὺς
401 1125 629 1210 βουλομένους
660 1123 818 1208 γενέσθαι
846 1127 994 1209 τεχνίτας
1021 1120 1102 1190 κατὰ
1130 1122 1189 1202 τὰς
1221 1125 1346 1211 τέχνας,

198 1226 236 1308 ἃς
277 1225 319 1297 δν
367 1227 462 1298 αὐτοὶ
503 1229 717 1316 τυγχάνωσιν
758 1224 955 1312 άσκοῦντες,
997 1225 1080 1297 ἀλλὰ
1117 1229 1345 1316 γυμνάζεσθαι

198 1334 413 1421 διαπαντός,
450 1335 560 1424 ὥσπερ
598 1340 633 1404 οί
654 1335 823 1423 ῥητορικολ
847 1335 1071 1423 γυμνάζονται
1098 1333 1178 1404 καθ’
1204 1335 1372 1423 εἰιάστηνΙ

197 1439 325 1528 ἡμέραν
353 1440 532 1522 ὑποθέσεις
559 1440 768 1531 εὑρίσκοντες
805 1442 1011 1530 ἐπιτηδείους
1047 1447 1094 1522 είς
1121 1441 1184 1530 τήν
1214 1468 1345 1531 προκει-

196 1551 303 1635 μένην
326 1546 476 1635 άσιιησιν.
511 1553 516 1637 Ι
1358 1575 1384 1611 10

286 1655 452 1743 Εἰλήφθω
490 1655 531 1742 δὴ
568 1654 657 1744 παρὰ
681 1655 863 1735 Πλάτωνος
898 1655 959 1743 μέν
982 1659 1130 1743 πρῶτον,
1154 1653 1277 1754 δικατδι
1301 1655 1337 1725 τὸ
1352 1677 1408 1731 7θὸ

196 1763 345 1850 πέμπτον
367 1767 426 1850 τῆς
448 1770 622 1842 Πολιτείας
649 1765 814 1848 ε’δίδαξεν,
852 1769 936 1831 ἔνθα
960 1763 1034 1850 περὶ
1061 1767 1119 1850 τῆς
1141 1767 1210 1832 τῶν
1233 1791 1346 1850 γυναι·

195 1871 265 1936 κῶν
289 1869 421 1955 φύσεως
444 1867 577 1957 άρχεται
603 1873 672 1938 τῶν
701 1867 813 1937 αὐτῶν
841 1869 1110 1957 ἐπιτηδευμάτων
1131 1885 1202 1950 τοῖς
1224 1867 1346 1957 άνδρά-

196 1996 253 2042 σιν
276 1971 379 2056 άξιάν
415 1977 562 2064 μετέχειν
600 1974 716 2060 αὐτάς,
748 1973 793 2055 ὥς
817 1972 936 2044 ἄνκαὶ
974 1976 1036 2063 τήν
1066 1974 1173 2064 αὐτὴν
1208 1975 1347 2064 ἐχούσας

186 2080 315 2178 Ιφύσιν,
337 2079 406 2149 εἶτα
435 2079 536 2166 αὐτὸς
562 2079 839 2169 ἀντιλαμβάνεται
868 2087 930 2151 τοῦ
957 2083 1070 2169 λόγου.
1116 2083 1198 2170 φησὶ
1223 2082 1260 2150 δὲ
1283 2079 1346 2150 οὐκ
1361 2107 1385 2148 ω

196 2182 241 2254 άν
264 2196 343 2266 ίσως
366 2194 582 2277 συγχωρῆσαί
601 2217 676 2258 τινα
712 2188 775 2276 τήν
811 2186 917 2276 αὐτὴν
953 2187 1039 2256 εἶναι
1076 2190 1182 2278 φάσιν
1204 2188 1346 2278 άρρενός

195 2295 303 2362 τεκαὶ
340 2295 464 2382 θήλεος
487 2295 638 2383 σώματος
662 2297 868 2364 ἐπιδείκνυσί
892 2322 942 2380 τε,
977 2295 1059 2364 κατὰ
1088 2302 1123 2364 τί
1145 2295 1209 2383 τήν
1237 2293 1345 2383 αὐτὴν

197 2453 326 2458 --.-,-
338 2453 359 2459 -v
369 2453 409 2460 --.-.

235 2523 472 2652 ῚῙχυμγάσαοῖμι
491 2529 527 2583 Μ.
547 2561 582 2570 -
604 2537 634 2584 11
656 2529 767 2596 πρῶτον
785 2521 802 2598 ἢ
823 2523 894 2582 κατὰ
915 2527 951 2581 Μ.
970 2559 1005 2570 -
1025 2533 1058 2582 14
1077 2525 1199 2598 άξιῶμεν
1219 2527 1291 2598 ἔχων
1306 2529 1342 2584 Μ.

197 2629 231 2637 -
305 2619 331 2652 τι
350 2615 404 2653 om.
455 2631 513 2654 .—-
618 2643 621 2649 .

195 2833 387 2918 vulgaribus
425 2834 553 2917 quidem
590 2833 782 2926 hominibus·
815 2833 958 2898 velocior
996 2857 1138 2918 unquam
1175 2836 1345 2902 videbitur.

196 2939 268 3004 Hoc
298 2944 361 3023 est,
389 2941 474 3024 quod
503 2941 544 3005 ab
567 2940 767 3024 Hippocrate
797 2943 829 3004 et
850 2939 986 3006 Platone
1014 2942 1172 3024 seriptum
1197 2945 1260 3025 est,
1290 2945 1345 3026 qui

182 3047 345 3130 ,exempla
369 3050 401 3110 et
424 3047 465 3111 ad
488 3051 574 3111 artes
598 3052 631 3110 et
654 3046 694 3110 ad
718 3069 828 3111 omnes
852 3047 939 3111 vitae
963 3047 1106 3112 actiones
1131 3047 1227 3112 utilia
1249 3049 1344 3113 nobis

196 3154 407 3218 tradiderunt.
454 3151 654 3238 Subiungam
678 3176 782 3238 pauca
805 3153 974 3238 quaedam,
1002 3157 1131 3218 tautum
1153 3157 1189 3218 ut
1211 3154 1343 3219 illorum

195 3261 303 3326 forma
322 3264 527 3345 agnoscatur.
565 3260 685 3324 Athis
709 3260 841 3324 minime
862 3264 1030 3326 contentos
1051 3283 1121 3325 esse
1139 3260 1236 3324 velim
1259 3260 1345 3343 illos,

196 3368 252 3452 qui
282 3368 422 3432 artifices
450 3367 520 3431 fieri
548 3367 658 3431 volent
685 3368 718 3431 in
747 3367 788 3431 iis
818 3368 958 3452 artibus,
992 3390 1196 3453 quascunque
1224 3367 1345 3450 colunt,

197 3474 253 3540 sed
273 3475 402 3540 assidue
422 3473 644 3538 exercitationi
664 3496 698 3537 se
717 3473 831 3538 dedere
849 3496 981 3539 neeesse
1001 3480 1058 3560 est,
1077 3474 1345 3560 quemadmodum

197 3581 343 3645 rhetores
368 3581 506 3666 siugulis
525 3581 705 3664 quibusque
729 3580 843 3645 diebus
864 3602 933 3644 sese
953 3603 1099 3646 exercere
1123 3583 1230 3646 solent
1248 3601 1344 3666 argu-

198 3692 307 3753 menta
331 3687 532 3752 invenientes
556 3688 596 3752 ad
619 3688 822 3772 propositam
846 3687 1088 3753 institutionem
1110 3689 1235 3755 idonea

287 3793 442 3859 Sumatur
469 3796 570 3880 igitur
599 3818 617 3858 a
642 3795 777 3859 Platone
805 3795 962 3879 primum,
989 3795 1074 3878 quod
1102 3795 1137 3859 in
1163 3796 1277 3879 quinto
1306 3798 1345 3861 de

197 3902 379 3986 Republica
392 3902 523 3984 docuit,
551 3902 608 3966 ubi
632 3903 670 3966 de
694 3901 866 3966 mulierum
894 3905 1011 3966 natura
1043 3901 1201 3966 disserere
1229 3903 1346 3987 incipit

198 4010 329 4093 vultque
358 4031 412 4072 eas
441 4009 553 4073 eadem
581 4031 662 4092 quae
698 4009 784 4072 viros
818 4008 926 4072 studia
953 4009 1085 4091 sectari,
1116 4009 1235 4094 quippe
1263 4031 1345 4094 quae

198 4116 309 4181 eadem
337 4138 400 4200 qua
428 4115 475 4178 illi
499 4120 618 4180 natura
641 4115 806 4200 praeditae
830 4115 908 4193 siut,
936 4115 1050 4180 deinde
1073 4115 1158 4180 hane
1180 4116 1250 4199 ipse
1274 4137 1345 4182 ora-

197 4222 320 4287 tionem
343 4221 524 4308 impugnat.
571 4222 629 4287 Ait
653 4226 760 4287 autem
783 4245 849 4287 non
873 4243 1102 4288 concessurum
1124 4223 1263 4288 fortasse
1287 4205 1349 4286 alil

197 4351 293 4413 quem
321 4328 454 4394 eandem
485 4333 518 4393 et
545 4331 645 4394 maris
674 4333 707 4393 et
737 4329 878 4394 feminae
905 4334 1055 4395 naturam
1079 4353 1150 4396 esse
1178 4333 1275 4414 atque
1298 4329 1345 4394 id-

197 4436 296 4520 circe,
326 4435 361 4500 in
389 4458 528 4520 quanam
557 4459 591 4500 re
620 4436 752 4502 eandem
781 4436 913 4520 dixer-it,
946 4437 1096 4521 ostendit
1146 4434 1244 4502 Cuius
1273 4439 1347 4503 tota
