3300 5146
637 437 880 504 -281-

178 590 394 681 ἀπελίπομεν,
427 593 530 662 ἐκείσε
562 592 663 660 πάλιν
691 593 936 682 ἐπανέλθωμεν.
990 593 1161 682 ἐμπλήσας
1193 593 1211 664 ὁ
1241 593 1328 684 Χρύ-

180 721 300 780 σιππος
327 698 409 770 ὅλον
435 698 472 768 τὸ
502 705 636 786 βιβλίον
664 703 754 769 ἐπῶν
772 699 957 791 Ὁμηρικῶν
980 702 1035 769 καὶ
1053 700 1252 771 Ἡσιοδείων
1273 704 1330 772 καὶ

181 814 430 895 Στησιχορείων
455 804 716 894 Ἐμπεδοκλείων
742 835 777 876 τε
808 809 864 876 καὶ
889 805 1068 896 Ὀρφικῶν,
1103 814 1150 876 ἔτι
1183 809 1219 877 δέ
1247 809 1330 898 πρὸς

180 911 312 993 τούτοις
330 914 365 981 ἐκ
382 917 441 1001 τῆς
458 919 644 1005 τραγῳδίας
663 913 717 980 καὶ
736 913 825 1002 παρὰ
849 921 1015 1003 Τυρταίου
1032 915 1088 982 καὶ
1106 919 1174 983 τῶν
1194 917 1198 1006 Ι
1219 915 1330 985 ἀλλων
1339 933 1396 990 815

180 1023 328 1108 ποιητῶν
353 1017 414 1089 οὐκ
437 1017 533 1106 ὀλίγα
556 1019 804 1110 παραθέμενος,
828 1017 897 1088 εἶτα
920 1021 1032 1100 συνεὶς
1053 1025 1112 1109 τῆς
1134 1028 1364 1111 θαυμαστήςι

182 1127 223 1215 δή
246 1127 369 1218 ταύτης
392 1125 810 1214 ἀπεραντολογίας,τοῦτο
833 1125 897 1217 γάρ
927 1124 1010 1219 αύτή
1033 1132 1162 1216 μᾶλλον
1185 1127 1330 1219 ἡγοῦμαι

88 1299 96 1314 ,
181 1231 362 1322 προσήκειν
389 1232 554 1322 τούνομα,
582 1239 684 1303 ταῦτα
712 1233 793 1303 κατὰ
821 1236 911 1316 λέξιν
943 1236 1102 1322 ἐπιφέρει·
1132 1238 1241 1305 ’ταυτὶ
1269 1237 1331 1326 μέν

182 1339 362 1428 εφήσουσιν
392 1337 591 1429 ἀδολεσχίαν
619 1340 706 1410 εἶναι
734 1340 886 1431 γραεόδη,
908 1339 1011 1429 τυχὸν
1039 1340 1075 1409 δέ
1099 1343 1154 1410 καὶ
1182 1345 1331 1433 γραμμά-

183 1450 262 1514 ’των
287 1445 493 1516 διδασκάλου
519 1450 728 1536 βουλομένου
757 1455 889 1535 στίχους
919 1445 970 1516 ὅτι
998 1455 1172 1530 πλείστους
1198 1448 1263 1520 ὑπὸ
1292 1451 1329 1521 τὸ

183 1549 275 1621 ἀὐτὸ
305 1553 472 1641 διανόημα
503 1553 619 1636 tritas?
668 1556 777 1634 καλῶς
809 1552 911 1640 εἶπες,
943 1546 969 1623 εδ
998 1554 1189 1644 Χρύσιππε,
1216 1561 1330 1645 ταῦτα,
1346 1583 1370 1621 ιο

182 1659 320 1728 κάλλιον
352 1661 388 1728 δὲ
421 1654 480 1749 ἦν,
513 1666 544 1728 εί
574 1660 618 1749 μὴ
652 1661 760 1750 μόνον
786 1659 889 1758 flurs,
922 1658 1006 1730 ἀλλὰ
1037 1663 1092 1732 καὶ
1121 1663 1332 1734 παντάπασιν

183 1765 335 1852 ἐφυλάξω
362 1767 425 1855 τὴν
456 1769 592 1856 γραοίδη
623 1766 750 1855 ταύτην
781 1765 991 1856 ἀδολεσχίαν.
1044 1777 1080 1838 τί
1107 1769 1173 1861 γάρ
1205 1767 1248 1840 ἀν
1280 1781 1331 1861 είη

183 1875 434 1964 γραωδίστερον
453 1871 472 1962 ή
492 1872 752 1964 ἀδολεσχότερον
777 1872 796 1964 ή
816 1879 1043 1966 γραμματιστῇ
1061 1881 1332 1968 πρεπωδέστερον

186 1975 203 2066 ή
222 1979 335 2070 πόρρω
354 1985 482 2068 μᾶλλον
496 1980 746 2070 ἀπεληλαμένον
764 1980 964 2065 ἀποδείξεως
981 1984 1213 2072 προσηκούσης
1231 1983 1331 2074 ἀνδρὶ

183 2086 359 2177 φιλοσόφῳ
386 2092 447 2156 τοῦ
475 2088 752 2177 μνημονεύσαντα
785 2088 867 2157 κατά
896 2087 998 2178 ἀρχὰς
1025 2089 1130 2172 εὐθὺς
1155 2097 1217 2162 τοῦ
1240 2093 1330 2162 Πλά·
1345 2114 1370 2154 1³

182 2219 289 2273 τωνος
311 2194 476 2283 δόγματος
499 2198 593 2264 ἐᾶσαι
620 2197 682 2285 μὲν
709 2200 809 2266 τοῦτο
836 2198 891 2265 καί
915 2195 1097 2286 ἀπορρῖψαι
1120 2199 1331 2269 παντάπασιν

185 2297 263 2368 οὐδὲ
291 2299 336 2381 ὡς
359 2300 422 2372 ὑπὸ
446 2308 515 2373 τῶν
537 2304 618 2393 μετὰ
646 2300 751 2373 αὐτὸν
774 2303 1028 2373 κατεσκεύασται
1056 2307 1329 2394 προσγράψαντα,

222 2507 234 2556 l
255 2494 446 2571 ἀπολείπομεν
459 2502 553 2556 ΜΑΒ.
575 2533 607 2542 -
627 2498 744 2558 ἐκεῖθεν
757 2500 899 2556 ΜΑΒΟλι.
915 2533 947 2542 -
968 2499 1061 2558 calcu
1079 2497 1117 2573 μὴ
1137 2503 1232 2567 συνεὶς
1250 2506 1330 2561 codd.

185 2572 247 2626 edd.
267 2567 304 2642 μὴ
324 2572 467 2640 electarum
488 2573 522 2629 cf.
537 2573 621 2628 Proll.
640 2593 667 2645 p.
684 2580 743 2628 116.
763 2605 796 2614 -
817 2579 849 2627 17
865 2573 1095 2629 κατεσκευάσθαι
1108 2575 1137 2629 Μ
1157 2607 1189 2616 -
1210 2571 1329 2646 προγρά·

185 2656 279 2710 φαντα
298 2643 431 2698 Mhssch
449 2663 562 2714 προσγρ.
582 2645 620 2712 Κ;
639 2644 674 2701 cf.
693 2645 776 2700 Proll.
796 2662 822 2714 p.
845 2650 904 2699 103.
923 2675 956 2686 -

185 2844 295 2930 victis,
324 2844 363 2908 ad
388 2843 434 2926 id,
461 2843 544 2908 unde
573 2845 717 2930 degressi
745 2866 870 2928 sumus,
897 2842 1074 2908 redeamus,
1125 2843 1330 2934 Chrysippus

185 2955 358 3036 postquam
382 2951 502 3016 librum
525 2953 631 3015 totum
655 2949 802 3034 Homeri,
826 2949 975 3034 Hesiodi,
999 2950 1191 3037 Stesichori,
1214 2954 1332 3039 Empe-

185 3059 298 3143 doclis,
322 3058 444 3143 Orphei
469 3058 616 3122 versibus
645 3057 794 3140 implevit
822 3061 919 3141 atque
943 3059 1076 3143 insuper
1099 3081 1115 3124 e
1139 3062 1274 3146 tragicis
1299 3066 1332 3128 at

185 3165 325 3251 Tyrtaeo
350 3165 528 3250 ceterisque
547 3165 654 3249 poetis
673 3186 738 3230 non
757 3187 878 3248 paucos
898 3165 1030 3250 addidit,
1053 3166 1167 3231 deinde
1187 3169 1331 3234 animad-

185 3273 284 3336 vertit
310 3271 493 3336 mirabilem
527 3293 618 3336 suam
647 3271 878 3356 loquacitatem
898 3271 1067 3360 ,infinitam
1089 3311 1134 3320 —
1161 3273 1223 3340 hoc
1247 3275 1331 3340 enim

186 3380 356 3444 convenire
385 3379 433 3443 illi
462 3379 567 3463 magis
599 3400 717 3443 nomen
750 3378 892 3445 arbitror
922 3416 978 3464 -,
1011 3380 1091 3446 hacc
1125 3381 1165 3446 ad
1197 3381 1331 3447 verbum

186 3485 365 3551 subnectit:
415 3485 538 3567 ‘Hanc
562 3487 715 3571 quidem
738 3485 1016 3570 garrulitatem
1042 3487 1231 3572 aniculae,
1253 3487 1332 3553 for-

186 3596 292 3657 tasse
333 3593 451 3658 etiam
488 3593 754 3680 ludimagistri
795 3615 879 3658 esse
916 3593 1059 3677 dicent,
1094 3595 1160 3679 qui
1198 3617 1332 3661 versus

187 3724 299 3786 quam
327 3699 517 3784 plurimos
547 3699 643 3764 velit
677 3701 745 3766 sub
778 3700 938 3766 eandem
970 3702 1205 3767 sententiam
1233 3703 1331 3767 redi-

187 3807 296 3894 gere!
334 3807 422 3872 Bene
446 3807 566 3891 dixisti,
590 3804 782 3892 Chrysippe,
805 3807 920 3873 melius
944 3812 1054 3873 tamen
1076 3808 1193 3892 fuerat,
1216 3807 1243 3872 si
1266 3831 1332 3874 non

187 3914 323 3980 dixisses
347 3917 489 3998 tanturn,
513 3913 568 3978 sed
590 3915 729 3978 vitasses
752 3936 885 3999 prorsus
910 3914 1028 3980 anilem
1051 3915 1137 3982 hanc
1159 3915 1331 4002 garrulita-

186 4027 262 4088 tem.
308 4019 391 4098 Quid
415 4021 501 4086 enim
525 4021 630 4108 magis
655 4022 749 4100 anile,
772 4021 849 4106 quid
872 4021 1048 4108 loquacius,
1070 4022 1146 4108 quid
1170 4032 1332 4108 gramma·

186 4129 284 4194 tistac
307 4129 562 4214 conuenientius,
590 4128 665 4214 quid
689 4129 825 4194 alienius
848 4129 1066 4213 remotiusque
1091 4153 1110 4194 a
1132 4131 1332 4196 demonstra-

187 4240 285 4322 tione,
304 4259 385 4322 quae
404 4234 636 4321 philosophum
655 4236 756 4322 decet,
774 4259 871 4323 quam
891 4259 963 4303 cum
982 4237 1044 4301 iste
1063 4236 1175 4302 statim
1193 4237 1228 4302 in
1245 4237 1332 4323 prin-

187 4345 271 4431 cipio
291 4343 438 4410 Platonis
458 4343 622 4408 decretum
641 4345 951 4429 commemoraverit,
970 4344 1003 4408 id
1022 4344 1172 4410 omittere
1190 4346 1225 4410 et
1241 4344 1330 4429 peni-

189 4458 240 4519 tus
265 4453 385 4518 reicere
397 4472 467 4536 nec,
485 4473 549 4536 quo
565 4451 661 4516 modo
676 4452 781 4537 abiis,
800 4453 855 4537 qui
868 4457 946 4538 post
963 4475 1037 4518 eum
1051 4451 1237 4536 floruerunt,
1256 4473 1329 4517 con·
