3210 5148
599 433 839 496 -433-

146 595 337 679 ἔμπροσθεν
359 598 496 677 εἰρηται,
519 587 624 657 πολλὰ
648 587 685 657 δέ
709 591 745 656 έν
768 601 838 670 τοῖς
860 591 979 678 ἐφεξῆς
1001 589 1173 678 εἰρήσεται.
1215 593 1291 660 νυνὶ

147 696 183 764 δὲ
212 697 264 764 ἐπὶ
291 695 352 764 τὸν
375 695 572 783 Χρύσιππον
604 688 705 776 αὖθις
733 695 885 784 ἐπάνειμι
917 696 997 784 μήτε
1028 697 1087 777 τὰς
1119 701 1293 787 εἰρημένας

147 801 306 890 δυνάμεις
328 800 558 890 ὁμολογοῦντα
577 802 658 872 κατά
681 801 743 892 τὴν
762 803 873 891 ψυχὴν
896 801 991 893 ἡμῶν
1014 801 1186 892 ὑπάρχειν,
1209 802 1291 873 άλλά

144 913 255 992 πᾶσαν
279 908 451 997 ένὲργειάν
472 937 506 978 τε
534 911 588 978 καὶ
612 909 722 990 πάθος
745 912 781 980 έν
803 915 849 1002 τῷ
878 915 1053 1002 λογιστικῷ
1081 912 1175 1002 μόνω
1199 918 1291 979 συνί-

147 1025 289 1084 στασθαι
309 1016 491 1103 φάσκοντα,
514 1012 597 1105 μήθ’
623 1015 712 1098 ὅπως
730 1021 848 1086 ίᾶσθαι
866 1017 929 1107 χρὴ
953 1016 1105 1105 τὰπάθη
1129 1017 1318 1105 γενόμεναι

146 1120 229 1211 μήθ’
264 1121 354 1203 ὅπως
384 1128 530 1192 κωλῦσαι
563 1125 736 1210 γενέσθαι,
769 1123 982 1194 διδάσκοντα.
1037 1125 1198 1212 διηνέχθη
1231 1125 1293 1211 μὲν

148 1221 211 1298 οὖν
234 1231 288 1297 καὶ
312 1231 385 1318 περὶ
413 1229 536 1298 τούτου
562 1229 645 1317 πρὸς
668 1231 804 1316 ἑαυτόν,
833 1231 943 1320 ὥσπερ
970 1232 1024 1298 καὶ
1048 1232 1121 1319 περὶ
1145 1231 1292 1317 παμπόλ-

147 1343 216 1404 λων
240 1337 376 1425 ἑτέρων,
401 1338 438 1404 έν
459 1336 521 1424 μὲν
542 1341 587 1428 τῷ
610 1339 760 1428 προτέρῳ
782 1338 856 1425 περὶ
880 1341 987 1426 ψυχῆς
1009 1339 1184 1424 τιθέμενος
1207 1335 1291 1405 εἶναι

146 1441 268 1522 ταύτας
291 1442 449 1530 δυνάμεις
471 1448 528 1531 τῆς
551 1447 672 1531 ψυχης,
695 1441 741 1523 ὡς
764 1446 802 1512 έν
823 1448 868 1536 τῷ
892 1445 956 1531 πρὸ
980 1444 1104 1513 τούτου
1126 1442 1291 1531 γράμματι

147 1550 379 1636 παραθέμενος
409 1547 514 1619 αὐτοῦ
544 1549 603 1631 τὰς
634 1550 747 1638 ῥήσεις
778 1552 941 1636 ἐπέδειξα,
972 1550 1054 1620 κατὰ
1087 1551 1124 1618 δὲ
1150 1549 1190 1618 τά
1218 1551 1291 1638 περὶ
1307 1575 1332 1612 1⁰

147 1659 268 1724 παθῶν
290 1662 402 1742 βιβλία
429 1663 552 1746 κρίσεις
579 1656 673 1738 τινάς
694 1655 855 1747 ὑπάρχειν
882 1657 1038 1746 τὰπάθη
1066 1662 1128 1726 τοῦ
1150 1665 1292 1744 λογιστι-

146 1765 209 1830 κοῦ
235 1767 293 1850 τῆς
319 1769 426 1852 ψυχῆς
452 1761 719 1853 ἀποφηνάμενος.
768 1763 852 1835 άλλδι
879 1763 987 1853 ἡμεῖς,
1019 1762 1040 1833 ά
1068 1764 1129 1853 μὲν
1157 1761 1293 1851 άληθῶς

148 1867 236 1954 εἶπε,
252 1869 417 1959 μαρτύρια
439 1874 507 1940 τῶν
521 1869 758 1961 Ἱπποκράτους
779 1901 814 1942 τε
837 1874 892 1940 καὶ
911 1871 1093 1951 Πλάτωνος
1116 1870 1292 1959 δογμάτων

147 1972 189 2043 ού
211 1974 251 2043 τδι
269 1976 412 2065 τυχόντα
436 1985 613 2066 νομίζομεν
630 1977 791 2066 ὑπάρχειν
809 1979 966 2068 εἰρημένα
983 2005 1018 2046 τε
1038 1979 1043 2068 Ι
1064 1977 1146 2066 πρὸς
1169 1975 1359 2065 άνδρὸςιει]

149 2079 190 2148 ού
218 2088 359 2152 συνετοῦ
386 2084 508 2172 μόνον,
540 2083 623 2153 ἀλλὰ
655 2085 710 2152 καὶ
739 2085 943 2164 σπεύδοντος
969 2083 1090 2174 ἅπαντι
1116 2084 1226 2175 τρόπῳ
1254 2111 1291 2150 το
1308 2107 1332 2146 ιι

146 2188 291 2257 παλαιὸν
313 2191 422 2280 δόγμα
440 2190 642 2278 διαβάλλειν.
678 2189 698 2278 ἡ
722 2190 786 2280 γάρ
809 2217 882 2280 περι
872 2193 968 2260 τῶν
990 2189 1153 2259 τοιούτων
1171 2217 1292 2278 μαρτυ-

186 2410 197 2456 1
224 2399 255 2458 έν
274 2411 335 2467 ταῖς
352 2405 550 2460 Mnsscu-
574 2405 603 2460 in
621 2406 697 2460 verb
704 2400 860 2489 εἰρήσεται
883 2405 969 2459 desto
989 2421 1046 2460 exc.
1066 2405 1191 2460 XVl-
1187 2399 1288 2489 θμη

147 2471 180 2528 δὲ
204 2492 256 2545 pro
266 2495 344 2560 μητε
364 2476 453 2530 L
478 2483 494 2529 4
512 2472 586 2560 λογω
604 2494 656 2546 pro
675 2497 753 2548 μονω
772 2477 854 2530 L
880 2483 895 2530 5
914 2471 1059 2544 πάσχοντα
1082 2493 1133 2544 pro
1152 2471 1237 2560 φάηκ.
1260 2475 1290 2528 L.

147 2577 179 2586 -
200 2542 326 2616 μηδόλιος
344 2564 394 2617 pro
417 2543 489 2617 μηθ’
510 2542 687 2610 onorii.-
713 2543 871 2602 (locotione
894 2545 1114 2602 Lnnsscu-
1141 2541 1292 2601 διδάσκον-

146 2637 196 2680 τας
215 2618 251 2672 M.
275 2648 309 2657 -
333 2619 405 2673 8τοΙ
424 2619 492 2704 περΙ
506 2633 600 2688 ψυχης
618 2617 797 2686 προτέρωΙις
818 2617 852 2672 of.
871 2617 997 2687 Proll.p
1000 2623 1139 2672 ..-119
1165 2618 1290 2672 θταῦτιι

146 2689 226 2740 L.-
193 2707 280 2749 ας
294 2688 455 2744 MABOhK
474 2683 561 2757 oicL3
580 2689 613 2744 cl
629 2689 751 2758 Proll
755 2695 864 2744 ,0-83
887 2696 917 2743 ll
938 2709 994 2743 των
979 2636 1291 2744 παθωνΜΑΒΟΙιΙΙ

146 2759 252 2811 παθῶν
275 2758 334 2814 sinc
358 2760 484 2814 Articulo
507 2761 593 2814 L.-
561 2762 645 2832 -ιβ
643 2761 731 2832 βλίων
732 2707 843 2814 p.-··M
870 2767 901 2814 13
925 2761 1064 2832 μαρτυρία
1088 2759 1232 2814 MABcu.
1256 2790 1289 2799 -

149 2835 182 2883 16
200 2830 347 2900 διαβαλειν
367 2829 453 2884 ΜΑΒ
471 2826 635 2904 διαβάλλειν
654 2831 684 2889 L.
704 2863 738 2872 -

145 3068 250 3131 neque
276 3046 449 3114 facultates
477 3047 536 3113 hes
564 3049 670 3114 inesse
698 3049 732 3112 in
755 3049 872 3114 aninns
899 3048 1021 3114 nostris
1045 3048 1206 3132 concedit,
1236 3048 1292 3113 sed

147 3177 259 3220 omnes
278 3158 312 3219 et
334 3155 478 3220 actiones
497 3159 530 3220 et
549 3157 682 3222 effectus
705 3157 738 3221 in
763 3157 834 3222 solo
855 3155 982 3221 ratione
1006 3155 1182 3220 consistere
1206 3155 1291 3218 offir-

147 3265 225 3346 mct,
247 3283 360 3347 neque,
382 3263 644 3346 perturbationes
668 3265 829 3348 quomodo
854 3267 911 3328 eut
933 3265 1023 3329 ortse
1046 3263 1153 3327 curari
1172 3265 1229 3326 aut
1251 3283 1290 3325 ne

148 3367 227 3434 fient
253 3368 421 3453 prohiberi
448 3371 589 3454 possint,
622 3371 723 3436 docet.
780 3371 850 3447 Quo
879 3369 918 3433 de
949 3391 998 3452 re,
1030 3369 1115 3433 sicut
1133 3365 1183 3432 ‘de
1217 3368 1291 3432 aliis

147 3473 305 3558 plurimis,
328 3499 437 3541 secum
456 3477 600 3560 dissidet,
623 3477 742 3561 quippe
760 3477 816 3561 qui
836 3477 869 3541 in
888 3478 994 3562 primo
1018 3476 1056 3540 de
1075 3476 1184 3539 anima
1206 3474 1291 3538 libro

147 3575 207 3641 has
229 3579 402 3646 facultates
426 3605 496 3647 esse
525 3585 683 3668 posuerit,
712 3587 748 3648 ut
778 3584 811 3647 in
843 3584 1009 3666 superiore
1038 3582 1122 3646 libro
1150 3581 1291 3645 laudetis

147 3684 217 3748 eius
244 3687 352 3750 verbis
383 3689 522 3774 ostendi,
551 3691 584 3754 iu
611 3690 706 3754 libris
729 3690 768 3754 de
795 3689 1097 3774 perturbationibus
1121 3688 1290 3752 rationalis

146 3791 247 3856 animi
271 3793 375 3876 portis
399 3795 517 3861 iudicio
538 3797 697 3882 quaedam
720 3797 981 3880 perturbationes
1009 3819 1078 3860 esse
1102 3794 1290 3879 pronuntio-

144 3899 237 3962 verit.
283 3899 352 3964 Nos
381 3904 489 3965 autern
513 3925 564 3986 eo,
592 3925 673 3987 quoe
697 3925 771 3966 vere
799 3903 881 3967 dixit
904 3899 1122 3987 Chrysippus,
1150 3901 1289 3984 locuple·

142 4005 274 4070 tissime
302 4005 512 4090 Hippocratis
541 4007 749 4092 Platonisque
776 4009 977 4074 decretorum
1006 4032 1075 4073 esse
1103 4006 1299 4072 testimonis}

142 4116 315 4198 putemus,
346 4113 465 4197 quippe
498 4137 569 4178 cum
600 4115 642 4178 ab
671 4115 802 4179 homine
831 4139 895 4180 non
926 4115 1134 4200 intellegente
1162 4117 1290 4180 tantum

142 4219 335 4304 dictasint,
363 4219 419 4284 sed
449 4221 504 4304 qui
533 4224 677 4285 veterum
705 4220 813 4286 decret
799 4226 868 4286 ntur
898 4222 1049 4286 omnibus
1077 4221 1180 4285 modis
1204 4220 1290 4284 labe-

141 4327 270 4392 factare
298 4328 465 4392 studuerit.
517 4325 605 4391 Haec
637 4328 722 4392 enim
756 4328 794 4391 de
825 4325 1048 4393 huiuscemodi
1077 4327 1173 4392 rebus
1201 4327 1290 4390 testi-

141 4435 257 4500 monla
280 4457 389 4502 eorum
410 4457 480 4498 esse
499 4436 605 4499 solent
591 4441 614 4518 t,
637 4433 692 4519 qul
712 4457 732 4497 a
752 4435 919 4498 ἿΘΓΙΙθΙΘ
909 4457 982 4518 lpsa
1001 4437 1123 4520 cogunt
1123 4457 1161 4497 ul·
1180 4455 1290 4498 Vel'llm

199 4549 279 4590 Geloni
293 4551 320 4590 do
335 4551 394 4589 Ploc.
409 4549 467 4588 Plsl.
482 4553 504 4588 el
518 4549 626 4596 lllppocr.
644 4548 703 4588 libri.
1044 4543 1079 4592 28
