3228 5148
590 440 834 504 -147—

126 593 356 682 διεξίρχεοθαι
380 594 454 682 περὶ
477 598 625 680 φλεβῶν·
653 591 810 684 ἀναμένει
833 595 897 684 γὰρ
922 587 985 664 οὖν
1007 593 1161 676 κάκείνας
1181 600 1185 684 λ
1207 597 1271 664 ἕτί-
1283 614 1337 669 191

125 709 218 788 amar
242 697 284 770 mi
308 700 447 790 σμικρὸς
469 699 581 788 λόγος·
605 702 658 769 ἐπὶ
679 703 716 770 δὲ
733 701 793 782 τάς
811 699 969 793 ἀρτηρίας
995 695 1097 783 αὖθις
1120 703 1280 792 ἐπάνειμι.

123 807 183 874 καί
207 815 442 896 καταλίπωμεν
464 806 529 896 ἤδη
553 808 612 888 τὰς
634 808 716 878 κατὰ
739 808 800 878 τὸν
821 810 961 898 θώρακα
985 811 1068 898 μηδὲ
1092 808 1281 880 αὐτοῦτοῦ

127 911 356 1001 Πραξαγόρου
384 915 611 1003 τολμήσαντος
639 917 676 984 ἐν
698 915 829 1005 θώρακι
857 917 964 1004 φάναι
992 921 1158 1006 μηδεμίαν
1182 915 1280 1006 άρτη-

127 1025 210 1106 ρίαν
233 1025 280 1100 είς
302 1023 427 1108 νεῦρον
454 1021 682 1109 μεταβάλλειν.
727 1029 850 1110 καίτοι,
878 1033 969 1114 είτιερ
998 1027 1035 1091 ἐν
1063 1023 1194 1111 θώρακι
1217 1024 1312 1111 aiv-⁵

126 1132 285 1212 φαίνεται
323 1131 426 1214 νεῦρα
458 1127 648 1216 πάμπολλα,
685 1129 880 1218 μεταβάλλει
918 1131 954 1199 δὲ
993 1128 1073 1199 οὐδὲ
1105 1136 1163 1218 μία
1195 1128 1277 1197 κατὰ

128 1229 237 1300 αὐτὸν
260 1238 307 1314 είς
329 1244 452 1321 νεῦρον
471 1231 623 1324 ἀρτηρία,
646 1239 751 1324 δῆλον
774 1235 819 1317 ὦς
838 1235 899 1307 οὐκ
919 1244 1009 1307 ἔστιν
1033 1240 1158 1306 ἐκτῶν
1181 1235 1278 1327 άρτη-

128 1344 216 1426 ριῶν
248 1337 268 1428 ἡ
298 1341 427 1427 γένεσις
451 1355 522 1421 τοῖς
549 1341 691 1430 νεύροις.
740 1341 823 1412 ἀλλὰ
855 1344 920 1434 γάρ
951 1345 1002 1414 ἐπὶ
1035 1343 1093 1424 τὰς
1125 1346 1185 1424 ἔξω
1217 1347 1278 1412 τοῦ

127 1445 288 1536 θοίρακος
315 1457 427 1535 λομεν.
476 1438 525 1516 aiv
552 1447 665 1537 κράτη
692 1450 754 1537 μίν
783 1453 851 1519 ἐστι
880 1457 1017 1538 συζυγία
1044 1454 1113 1518 τῶν
1141 1451 1193 1518 ἐπὶ
1220 1448 1279 1529 τὰς

127 1550 328 1641 ὠμοπλάτας
346 1551 620 1643 ἀναφερομένων,
644 1551 703 1643 ἀφ’
728 1548 777 1625 ὦν
802 1555 863 1625 οὐκ
883 1554 978 1644 ὀλίγη
998 1571 1099 1646 μοῖρα
1116 1557 1172 1625 καὶ
1195 1555 1278 1644 πρὸς
1293 1575 1318 1614 ¹⁰

127 1660 192 1728 τὸν
223 1675 383 1730 νωτιαίου
416 1669 494 1730 εἴσω
522 1661 718 1731 καταδύεται
751 1665 805 1732 καλ
842 1678 912 1744 τοῖς
944 1666 981 1732 ἐν
1013 1661 1164 1764 τραχήλῳ
1197 1663 1276 1752 μυσὶ

128 1771 367 1856 διασπείρεται,
390 1769 528 1856 δευτέρα
547 1769 583 1837 δὲ
605 1772 672 1838 τῶν
691 1775 738 1850 είς
754 1769 814 1851 τὰς
831 1785 942 1860 χεῖρας
960 1771 1156 1859 φερομένων
1179 1765 1277 1856 άρτη-

128 1877 227 1960 ριιὸν,
249 1871 289 1954 ἃς
311 1901 366 1962 μοι
390 1876 444 1943 καὶ
467 1873 605 1964 μάλισθ’
631 1874 676 1957 ὥς
696 1874 1030 1968 άκονευρουμέναςὸ
1057 1875 1278 1965 Πραξαγόρας

128 1985 338 2049 αίνίττεσθαι
370 1985 471 2051 δοκεῖ.
525 1989 631 2052 καίτοι
663 1983 899 2074 φανεράτερόν
935 2012 972 2072 γε
1003 1988 1072 2053 τῶν
1104 1982 1185 2051 κατὰ
1217 1981 1277 2050 τὸν

127 2096 271 2176 θιραιια
297 2087 419 2168 ταύτας
445 2093 532 2158 ίδείν
559 2095 665 2175 ἔστιν,
694 2088 824 2182 ὅσῳπερ
855 2092 910 2159 καλ
943 2097 1074 2179 μείζους
1096 2093 1198 2174 εἰσίν,
1231 2092 1278 2168 είς
1292 2108 1317 2146 15

129 2191 192 2262 ὅλα
214 2193 255 2262 τὰ
277 2199 367 2263 κῶλα
385 2197 661 2284 καταοχιζομέυας
683 2194 758 2285 ἄχρι
781 2201 849 2265 τῶν
874 2197 1057 2266 δακτύλων.
1093 2193 1176 2263 ἀλλὰ
1197 2192 1277 2262 οὐδὲ

126 2299 260 2369 τούτων
283 2297 423 2389 οὐδεμία
446 2309 599 2389 φαίνεται
623 2306 747 2389 νεῦρον
769 2305 939 2392 γινομένη.
975 2301 1117 2390 καὶγὰρ
1142 2307 1172 2370 εί
1193 2300 1276 2369 κατὰ

127 2404 209 2486 τοὺς
239 2405 388 2494 καρποὺς
422 2412 491 2478 τῶν
520 2413 656 2498 χειρῶν,
688 2400 737 2478 ὦν
769 2414 850 2490 ἔθος
880 2406 961 2497 ἡμῖν
995 2410 1085 2478 ἐστιν
1112 2407 1275 2477 ἅπτεσθαι

165 2629 182 2675 3
202 2617 240 2692 μὴ
259 2620 291 2677 δὲ
307 2621 328 2676 C
346 2617 414 2692 μηδ’
435 2623 493 2678 Gai.
505 2618 580 2707 μηδ’
597 2622 645 2679 ch.
666 2656 698 2664 —
718 2631 735 2678 4
754 2624 845 2710 φάναι
860 2623 880 2678 C
895 2623 952 2678 Gai.
972 2618 1064 2693 φάναι
1079 2623 1128 2677 Ch.
1149 2655 1181 2663 -
1197 2629 1218 2706 ⁸4
1237 2618 1275 2693 μὴ

128 2691 161 2747 δὲ
181 2695 250 2764 μίαν
269 2692 290 2747 C
329 2695 449 2764 ηδεμίαν
464 2693 522 2750 Car.
536 2725 572 2736 -
592 2701 624 2749 lb
643 2695 692 2749 καλ
710 2715 815 2758 ταυτας
834 2695 854 2750 C
873 2697 953 2760 eett.;
972 2712 1023 2750 nae
1042 2697 1094 2748 καί
1113 2695 1275 2750 delevimus.

129 2795 163 2804 -
184 2763 260 2820 dam
279 2714 330 2818 Cii
348 2759 424 2820 ἐστιν
439 2764 497 2822 Gai.
516 2764 564 2822 ch.
584 2797 619 2806 -
639 2773 671 2821 17
691 2760 759 2821 οὐδὲ
779 2769 829 2836 μία
849 2761 1095 2836 (laetaniarum
1114 2782 1172 2822 noa.
1192 2797 1225 2806 -

129 2945 169 3010 de
192 2946 284 3011 renis
307 2945 476 3032 disserere3
504 2946 584 3012 alibi
607 2947 694 3012 enim
716 2947 847 3033 longior
872 2948 912 3012 de
939 2946 981 3011 iis
1009 2946 1188 3030 disputaiio
1216 2969 1274 3011 nos

128 3057 249 3119 manet.
294 3051 346 3118 Ad
376 3053 513 3118 arterias
542 3053 645 3138 igitur
671 3054 839 3119 redeamus
869 3077 907 3120 ae
929 3055 1099 3118 mittamus
1120 3053 1187 3118 iam
1206 3053 1275 3136 haa,

128 3183 212 3246 quae
236 3161 271 3226 in
288 3159 422 3227 thorace
446 3163 531 3246 suni,
554 3183 627 3226 eum
645 3183 685 3225 ne
704 3161 775 3243 ipse
797 3161 927 3245 quidem
946 3161 1151 3246 Praxagoras
1174 3159 1274 3222 ullam

128 3267 284 3331 arteriam
316 3268 352 3334 in
381 3268 516 3333 thorace
548 3267 693 3334 desinere
725 3267 760 3331 in
790 3289 925 3332 nervum
957 3268 1063 3332 dicere
1097 3289 1194 3330 ausus
1223 3266 1275 3329 aia

128 3373 246 3458 Atqui,
270 3371 448 3459 siquidem
471 3374 506 3438 in
527 3374 660 3440 thoraee
683 3373 774 3438 nervi
797 3396 894 3460 quam
916 3372 1050 3459 plurimi
1072 3372 1273 3457 conspiciun-

127 3483 191 3564 rur,
213 3479 305 3544 nulla
327 3481 436 3544 autem
459 3481 505 3544 ibi
535 3481 655 3546 arteria
677 3481 712 3546 in
734 3503 870 3548 nervum
893 3485 1053 3564 mutatur,
1083 3501 1121 3543 ex
1145 3478 1274 3543 arteriis

128 3591 239 3652 ortum
261 3607 434 3652 nervorum
457 3609 523 3653 non
546 3609 616 3652 esse
640 3589 847 3672 perspicuum
871 3592 928 3654 est.
972 3586 1034 3652 Sed
1056 3587 1123 3651 iam
1146 3584 1186 3650 ad
1210 3607 1274 3668 eae,

128 3715 211 3780 quae
245 3697 335 3758 exara
366 3693 534 3759 thoracem
572 3698 660 3778 aunt,
697 3699 910 3760 transeamua.
957 3693 1100 3770 Quarum
1132 3694 1272 3777 primurn

129 3801 319 3886 coniugium
352 3804 402 3865 esi
435 3823 559 3885 earum,
591 3821 673 3885 quae
706 3801 746 3864 ad
779 3803 929 3886 scapulas
961 3822 1089 3864 sursum
1117 3799 1274 3882 feruntur,

128 3931 146 3970 e
174 3907 292 3992 quibua
322 3931 387 3973 nou
416 3908 534 3994 exigua
560 3929 635 3991 pars
664 3910 697 3970 et
729 3907 769 3971 ad
797 3908 971 3972 medullam
1000 3906 1158 3991 spinalem
1185 3906 1272 3968 intro

128 4015 219 4078 subit
242 4019 275 4078 et
297 4015 331 4078 in
354 4015 519 4080 musculos
544 4013 619 4079 colli
644 4013 857 4101 dispergitur3
881 4014 1056 4080 seeundum
1080 4033 1191 4076 earum
1215 4013 1273 4092 eat,

128 4143 211 4205 quae
241 4121 281 4186 ad
308 4143 423 4186 manua
450 4120 611 4204 feruntur,
638 4141 717 4203 quas
746 4120 797 4184 vel
821 4121 961 4186 maxime
988 4121 1023 4185 in
1049 4141 1166 4184 nervos
1189 4117 1272 4181 desi-

128 4249 204 4292 nere
236 4227 317 4292 mihi
348 4228 532 4313 significare
559 4227 764 4311 Praxagoras
795 4228 931 4292 videtur.
982 4227 1184 4309 Quamquam
1212 4224 1273 4288 has

129 4335 275 4419 apertius
294 4356 390 4418 quam
409 4335 494 4418 illas,
512 4357 594 4418 quae
613 4335 647 4398 in
665 4332 800 4398 ihoraee
820 4339 904 4419 aaut,
923 4335 1031 4399 videre
1049 4334 1128 4397 licei
1146 4328 1273 4418 (utpote

129 4461 211 4524 quae
236 4441 375 4505 maiores
399 4439 478 4526 sint)
506 4441 541 4506 in
562 4445 635 4505 iota
657 4441 791 4504 brachia
815 4442 855 4506 ad
882 4442 1004 4526 digitos
1028 4461 1129 4525 usque
1151 4438 1273 4502 divisas

1009 4562 1063 4617 10*
