3300 5146
644 403 885 468 -311-

190 558 401 647 ἐπεθύμησεν
429 556 448 627 ὑ
481 559 598 640 Τιτυὸς
625 558 761 650 ὑβρίσαι
791 558 854 647 τήν
877 558 992 646 Λητώ,
1025 559 1081 628 διὰ
1109 563 1208 629 τούτο
1237 564 1404 648 pinarius

189 663 294 736 αὑτοῦ
317 673 466 755 κείρουσι
489 663 526 734 τὸ
550 659 666 754 ήπαρ’,
695 663 740 748 ὡς
763 672 835 752 [είς]
865 664 946 735 αὑτὸ
971 667 1113 754 μάλιστα
1134 667 1337 756 τιμωρούμε-

189 799 243 842 νοι
273 772 311 842 τὸ
344 772 511 864 κατύρξαν
538 777 596 860 τής
627 772 763 861 ὕβρεως.
819 771 903 842 ἀλλὰ
936 775 1086 844 ἐνταῦθα
1117 774 1179 862 μὲν
1212 776 1336 844 ἐπαινῶ

188 880 249 949 τὸν
267 879 465 968 Χρύσιππον
489 879 607 948 ἑκόντα
626 878 839 967 σιωπήσαντα
863 878 900 948 τὸ
920 880 1128 967 καταβύίίον
1152 878 1257 950 αὑτοῦ
1274 880 1337 970 τήν

189 986 302 1070 δόξαν.
348 989 385 1056 έν
408 981 459 1067 οἷς
486 987 522 1055 ὑὲ
550 985 623 1076 ήτοι
645 993 794 1076 περαίνει
818 983 967 1076 μηδὲνή
995 985 1074 1055 καθ’
1101 989 1221 1056 ἑαυτοῦ
1244 996 1339 1058 καλεῖ
1351 1011 1363 1050 ⁵

187 1093 267 1174 τοὺς
288 1094 574 1184 μαρτυρήσοντας,
603 1095 752 1162 ἐνταῦθα
775 1101 897 1182 νομίζω
926 1092 969 1183 μή
995 1097 1147 1164 συνιέναι
1169 1099 1238 1163 τῶν
1260 1095 1336 1164 ὑκο-

187 1200 409 1270 λουθούντιον
431 1226 465 1268 τε
488 1200 542 1268 καὶ
571 1203 769 1290 μαχομένων
797 1198 952 1288 ἀλλήλοις
978 1202 1198 1291 πραγμάτων,
1226 1199 1335 1291 ὥσπερ

187 1335 224 1394 γε
247 1305 311 1376 κάν
333 1323 404 1388 τοῖς
427 1307 500 1394 έξής
521 1311 589 1376 τοῖν
611 1309 933 1395 προγεγραμμένων,
961 1309 997 1375 έν
1021 1303 1072 1388 οἷς
1095 1330 1177 1396 φησι
1202 1310 1272 1378 ‘nal
1295 1309 1335 1378 τὰ

189 1418 269 1484 ‘cciv
293 1412 517 1503 ὀργιζομένων
546 1414 583 1482 δὲ
605 1414 699 1501 πύθη
723 1421 876 1501 φαίνεται
900 1416 974 1502 περὶ
997 1412 1058 1483 τὸν
1081 1414 1221 1502 θώρακα
1243 1416 1333 1502 γινό-

187 1525 282 1610 (μενα
305 1522 360 1590 καί
383 1519 423 1589 τὺ
446 1524 514 1588 τῶν
537 1520 704 1608 έρτέντων,
726 1520 883 1590 ὥστεκαὶ
906 1520 969 1610 τήν
988 1524 1171 1610 έπιθυμίαν
1194 1521 1335 1610 μάλιστα
1351 1547 1376 1586 ιο

188 1633 356 1717 γίνεσθαι
370 1629 444 1718 περὶ
458 1627 598 1707 τούτους
610 1627 690 1708 τοὺς
702 1627 845 1708 τόπους.’
878 1626 933 1716 ἐφ’
956 1629 1074 1718 ἑκάστη
1090 1633 1157 1698 τῶν
1171 1627 1335 1699 τοιούτων

185 1737 317 1826 ῥήσεων
341 1737 604 1823 ἐπιφθέγγεσθαι
628 1733 785 1823 προσήκει
810 1738 856 1804 τί
877 1727 951 1821 οὑν,
974 1729 1000 1805 oi
1024 1735 1212 1824 Χρύσιππε,
1235 1740 1333 1806 τούτο

130 1844 137 1856 ’
186 1843 269 1933 πρὸς
291 1841 329 1912 τὸ
352 1839 623 1930 λογιστικόν,ὑπ
577 1835 725 1930 ὑπὲρ
684 1869 726 1912 ου
746 1843 936 1931 {profluens
961 1839 1002 1910 ού
1019 1842 1084 1930 γὰρ
1108 1840 1150 1929 δή
1170 1843 1244 1929 περὶ
1267 1847 1335 1911 τῶν

185 1943 460 2040 ὀργιζομένων”
439 1977 460 2036 η
489 1946 797 2037 ἐπιθυμούντων
779 1977 801 2036 ή
834 1941 1126 2037 αμφισβήτησις
1107 1976 1209 2037 ην,ε
1195 1954 1227 2017 εί
1251 1947 1333 2019 κατὰ

184 2057 245 2127 τὸν
277 2055 417 2146 θώρακά
449 2081 483 2123 τε
515 2055 570 2122 καὶ
602 2057 676 2144 περὶ
712 2054 773 2124 τὸν
809 2055 948 2143 θώρακα
980 2071 1050 2135 τοῖς
1083 2054 1188 2135 οὑτως
1219 2061 1332 2143 ἔχουσι
1347 2081 1372 2122 1⁵

184 2180 323 2234 κινεῖται
360 2161 401 2231 τὰ
437 2161 547 2250 πύθη,
584 2158 667 2230 ἀλλὰ
705 2167 735 2230 εί
769 2162 824 2230 καί
860 2160 897 2230 τὸ
935 2161 1151 2251 λογιζόμενον
1184 2165 1333 2234 ένταύθιί

220 2397 235 2444 2
256 2387 297 2452 είς
314 2389 379 2444 ante
398 2380 469 2440 αὑτὸ
489 2385 567 2441 uncis
586 2385 810 2440 inclusimus-
836 2392 851 2439 5
871 2381 893 2470 5
908 2406 934 2440 τι
953 2386 1044 2441 Μ.-
1063 2393 1079 2441 6
1098 2381 1331 2458 μαρτυρήσαντας

183 2461 264 2517 codd.
284 2459 346 2514 edd.
365 2453 595 2543 μαρτυρήσοντας
613 2473 723 2511 noa-
748 2450 968 2512 ιίιιοίοθούυττον
988 2457 1078 2512 Mn-
1106 2465 1122 2513 9
1147 2460 1309 2528 φαίνεταε’
1299 2478 1330 2515 1n

183 2524 263 2588 codd.
291 2523 601 2599 conposuitque«,
630 2546 648 2583 a
671 2527 751 2583 nobis
774 2531 839 2584 ante
863 2528 927 2596 περὶ
952 2523 1051 2583 τὺυθ
1052 2529 1207 2585 .oolloout
1195 2533 1269 2587 tum:
1294 2531 1329 2586 of.

183 2624 210 2676 p.
229 2609 290 2672 232,
311 2607 352 2657 14.
373 2632 406 2641 —

182 2813 287 2878 iecore
307 2831 386 2874 esse.
424 2807 612 2892 ‘Propterea
632 2805 730 2872 cnim'
754 2807 869 2893 inquit,
893 2807 990 2893 ‘quod
1009 2808 1123 2894 Tityus
1143 2809 1330 2895 concupivit

181 2919 327 2984 Latonae
350 2919 499 3000 stuprum
523 2917 650 2998 afferre,
674 2915 817 2980 vultures
841 2915 909 2980 aius
932 2915 1021 2980 iecur
1043 2915 1187 3000 roduut'‚
1215 2921 1329 3002 utpote

181 3027 237 3112 qui
262 3026 303 3090 ab
327 3046 366 3088 ea
388 3021 598 3108 potissimum
621 3025 715 3106 parte
739 3023 936 3106 supplicium
960 3025 1103 3106 sumant,
1127 3025 1210 3088 unde
1234 3024 1327 3109 origo

179 3132 318 3198 iniuriae
355 3129 524 3195 exstiterit
580 3127 782 3213 Quamquam
821 3129 875 3194 hio
913 3127 1114 3214 Chrysippus
1146 3130 1327 3196 laudandus

181 3245 246 3324 est,
269 3238 354 3324 quod
378 3259 429 3321 ea,
452 3259 535 3323 quae
558 3236 753 3304 sententiam
777 3259 869 3301 suam
893 3257 1045 3301 eversura
1068 3241 1191 3321 essent,
1219 3237 1258 3302 de
1281 3239 1329 3302 in-

180 3346 306 3412 dustria
329 3343 459 3410 silentio
487 3343 716 3428 praetermisit
766 3341 832 3407 Ubi
859 3365 935 3408 vero
960 3346 1016 3408 aut
1038 3343 1122 3408 nihil
1146 3343 1247 3408 efficit
1270 3349 1327 3410 aut

181 3457 295 3522 contra
319 3473 352 3516 se
375 3453 476 3516 testas
500 3450 589 3534 citat,
612 3450 659 3515 ibi
683 3472 765 3534 eum,
788 3449 865 3534 quid
888 3473 1048 3535 quamque
1072 3472 1141 3515 rem
1165 3454 1326 3538 sequatur,

180 3562 257 3646 quid
286 3561 372 3624 inter
400 3579 433 3622 se
461 3561 634 3643 repugnet,
665 3579 731 3622 uon
762 3557 951 3642 intellegere
982 3557 1145 3641 existimo,
1173 3559 1325 3642 quemad-

179 3669 311 3734 modum
334 3666 434 3731 etiam
457 3665 492 3729 in
517 3665 583 3750 his,
611 3687 693 3750 quae
716 3687 816 3750 supra
839 3665 983 3750 ascripta
1005 3666 1246 3750 subsequuntur
1273 3663 1325 3730 his

180 3775 302 3840 verbis:
349 3772 492 3856 ‘Atque
523 3771 639 3837 etiam
662 3772 916 3838 irascentium
941 3772 1110 3837 affectus
1136 3777 1174 3837 et
1196 3795 1324 3838 aman·

179 3880 307 3945 tium
297 3903 336 3944 111
359 3881 517 3962 pectore
541 3880 951 3964 apparent,utet1am
976 3878 1129 3964 cupidit
1136 3903 1178 3944 as
1201 3879 1295 3945 his
1284 3901 1325 3944 in

178 3987 278 4053 locis
307 3986 470 4051 maxime
498 3987 643 4052 exsista
674 3985 790 4050 ’Ad
822 3987 951 4072 singula
981 3987 1205 4052 huiuscemodi
1236 3987 1325 4051 dicta

180 4095 359 4160 acclamare
391 4093 480 4158 lice:
534 3990 674 4169 Quidl'
665 4093 728 4178 igit
729 4115 781 4177 ur,
809 4091 1006 4180 Chrysippo,
1031 4093 1094 4160 hoc
1128 4095 1167 4158 ad
1196 4096 1323 4176 partem

179 4200 386 4284 rationalem,
413 4200 452 4266 de
475 4223 539 4286 qua
562 4199 785 4286 quaerimusl'
830 4201 906 4266 Non
929 4201 1015 4266 enim
1043 4201 1082 4265 de
1109 4200 1323 4266 irascentibus

180 4309 232 4372 vel
256 4305 558 4391 concupiscentibus
583 4309 804 4373 controversia
826 4308 898 4392 fuit,
921 4309 955 4371 in
978 4306 1153 4374 thoracene
1176 4307 1323 4391 circaque

180 4417 349 4486 thoracem
379 4415 428 4482 ita
456 4414 581 4482 affectis
615 4414 802 4481 hominibus
834 4419 1040 4481 moverentur
1073 4415 1224 4499 affectus,
1259 4414 1324 4498 sed,
