3298 5136
616 429 859 496 -225—

159 583 447 675 ὑποβαλλομένοις
483 587 652 676 λήμμασιν
684 590 830 672 ἐξετάσαι
867 616 901 657 τε
933 591 988 659 καλ
1020 605 1131 680 κρῖναι
1164 589 1220 659 διὰ
1251 589 1310 680 τῆς

159 694 358 781 αἰσθήσεως.
404 691 503 774 αὐτὸς
527 695 563 762 δὲ
587 693 697 784 ὥσπερ
721 694 762 765 οὐ
789 695 870 765 κατὰ
895 695 1091 784 ἐπιστήμην,
1115 694 1198 766 ἀλλὰ
1225 697 1308 766 κατά

158 799 264 888 τύχην
288 799 427 888 εἰρηκὼς
448 800 486 869 τὸ
511 798 636 888 ἀληθὲς
659 799 853 889 άπεχάρησέ
876 828 911 869 τε
938 806 997 890 τῆς
1020 803 1181 890 ζητήσεως
1203 801 1309 873 αὐτοῦ

159 908 213 974 καὶ
251 905 389 993 ποιητάς
429 907 582 994 ἐπάγεται
618 909 796 997 μάρτυρας.
855 907 935 996 ὅπερ
968 902 1032 977 οὖν
1063 907 1081 978 ὁ
1115 911 1308 998 Χρύσιππος

160 1013 323 1082 ἐθεάσατο
357 1016 434 1101 μέν,
467 1011 528 1082 οὐκ
561 1016 720 1102 ἐπεξῆλθε
753 1014 789 1083 δὲ
817 1019 862 1106 τῷ
890 1015 991 1106 λόγῳ,
1023 1021 1121 1085 τοῦτο
1155 1015 1219 1102 ἐγά
1252 1035 1336 1103 port

160 1124 249 1188 δοκῶ
281 1119 498 1208 προσθήσειν.
554 1120 665 1208 ἐπειδὴ
703 1120 767 1208 γάρ
800 1123 951 1208 ἐγχωρεῖ,
988 1117 1052 1190 κάν
1085 1121 1135 1201 ὅτι
1167 1121 1308 1210 μάλιστα

160 1226 296 1295 πάντων
317 1232 385 1295 τῶν
408 1227 539 1315 νεύρων
563 1229 743 1314 ἐγκέφαλος
770 1225 854 1316 άρχὴ
878 1235 1054 1316 φαίνηται,
1081 1227 1144 1316 τὴν
1166 1233 1309 1316 καρδίαν

162 1335 354 1420 ἐπιπέμπειν
386 1331 474 1425 αὐτῷ
504 1334 650 1421 δύναμιν
678 1333 894 1421 αἰσθητικήν,
921 1333 1079 1414 ὡσαύτως
1106 1337 1158 1420 δέ,
1186 1331 1250 1402 κάν
1274 1336 1309 1402 ἐκ

160 1443 229 1508 τῶν
251 1440 334 1507 κατὰ
356 1439 417 1508 τὸν
439 1441 579 1528 θώρακα
602 1446 731 1528 μορίων
759 1438 777 1508 ὁ
801 1439 901 1527 λόγος
925 1443 1139 1529 ἐκπέμπηται,
1166 1440 1229 1528 τὴν
1252 1438 1309 1529 άρ-

161 1543 225 1632 χὴν
251 1550 309 1633 τῆς
335 1547 497 1633 κινήσεως
528 1545 632 1616 αὐτοῦ
658 1544 723 1615 άπὸ
754 1545 938 1634 ἐγκεφάλου
965 1549 1228 1634 καταφέρεσθαι,
1257 1554 1307 1634 {u—
1323 1570 1349 1608 ¹0

162 1653 279 1738 τητέον
297 1655 414 1740 ἐφεξῆς
432 1655 511 1739 ἐστι,
529 1653 671 1742 πότερον
690 1651 869 1740 οὐδέτερον
888 1651 1050 1745 οὐδετέρῳ
1069 1655 1307 1744 μεταδίδωσινΙ

163 1755 321 1846 οὐδεμιᾶς
349 1759 522 1847 δυνάμεως
545 1755 565 1847 ἢ
588 1760 625 1828 τὸ
650 1762 763 1848 ἕτερον
785 1764 831 1852 τῷ
856 1761 963 1852 ἑτέρῳ.
1008 1762 1137 1847 γένοιτο
1162 1760 1199 1828 δὲ
1222 1756 1265 1828 dv
1287 1758 1375 1848 {1248

166 1863 296 1952 ζήτησις
314 1857 388 1935 ὦδε.
424 1865 464 1934 τά
484 1867 694 1936 συνάπτοντα
713 1872 856 1956 καρδίαν
875 1867 1044 1958 ἐγκεφάλῳ
1064 1869 1308 1947 διασκέψασθαι

162 1975 295 2058 πρῶτον
317 1972 379 2061 χρὴ
402 1973 484 2042 κατὰ
502 1972 561 2053 τάς
583 1979 651 2042 τῶν
670 1973 761 2066 ζῴων
785 1971 953 2062 άνατομδις
975 1971 1081 2042 ὁπόσα
1104 1975 1141 2042 τέ
1162 1975 1230 2041 ἐστι
1253 1975 1308 2042 καλ

162 2075 273 2166 ὁποῖα,
295 2077 432 2148 κᾶπειτα
455 2079 537 2148 κατά
563 2077 624 2148 τὸν
646 2080 975 2168 τράχηλονέκαστον
998 2077 1110 2148 αὐτῶν
1131 2077 1153 2167 ἢ
1175 2082 1307 2167 τέμνειν
1324 2103 1349 2142 1⁵

163 2179 182 2270 ἢ
209 2188 300 2252 θλᾶν
330 2181 351 2272 ἢ
378 2186 513 2274 βρόχοις
545 2187 800 2274 διαλαμβάνειν,
833 2184 902 2254 εἶτα
935 2188 1202 2272 ἐπισκέπτεσθαι,
1233 2193 1308 2255 τίνα

200 2415 212 2460 1
232 2400 515 2548 νπολαμῗανορὲνοις
529 2410 661 2464 asculi
669 2404 921 2534 ὑπομαλλομένρις
935 2408 1051 2462 ΙιΜ.-
1021 2411 1153 2478 -κρίνη
1167 2409 1196 2463 Μ
1214 2412 1308 2478 κρίναι
1421 2433 1427 2448 ·

162 2478 327 2533 ΑΒκιναι
376 2479 416 2535 ch
537 2481 620 2536 2καλ
639 2501 712 2535 αντα
752 2473 913 2541 Ιιαυτος
931 2477 963 2534 dl
982 2479 1101 2533 ΜΑ
1126 2475 1308 2534 3ἕαυτοῦΙι

162 2543 252 2603 odacri
251 2499 395 2605 lMAoe-
421 2559 435 2606 'l
455 2554 590 2622 φαίνεται
612 2553 692 2608 codd.
716 2551 778 2606 edd.
802 2553 940 2619 φαίνηται
958 2567 1072 2604 nos.-
1098 2545 1265 2614 θάςαάὲως
1282 2549 1311 2606 ελ

161 2618 297 2675 dlL.-
327 2618 536 2708 discripserat
563 2622 728 2708 nauehu
753 2617 934 2747 deriguntur
953 2621 1036 2675 L.—
1068 2629 1099 2676 10
1123 2617 1200 2676 arico
1224 2623 1253 2676 L.
1274 2653 1307 2662 -

164 2697 196 2745 13
219 2686 270 2761 ἥδε
294 2693 316 2746 L
341 2689 519 2748 συνάπτοντα
541 2690 593 2764 τὴν
617 2695 696 2780 καρδ.
725 2693 811 2748 ΜΑΒ
839 2691 888 2746 bK
912 2710 928 2747 σ
959 2693 1135 2760 καρδίανΙις
1163 2693 1197 2748 cl.
1222 2693 1308 2748 Proll

161 2779 209 2848 pp
229 2769 262 2817 21
283 2767 440 2820 etll4.·-
460 2772 493 2821 14
511 2767 623 2852 πρῶτον
641 2761 695 2852 χρὴ
713 2765 735 2818 L
754 2764 866 2831 πρῶτον
884 2781 938 2819 om.
958 2763 1182 2819 MABChK—
1204 2771 1236 2819 15
1256 2785 1308 2819 αυ-

161 2853 212 2888 τον
230 2833 328 2888 luch
348 2831 417 2890 αυτό
438 2837 463 2890 Κ
482 2831 558 2891 cord
577 2838 599 2891 L
619 2856 715 2891 αυτων
733 2835 762 2889 Μ
781 2835 876 2902 Coru3
895 2835 930 2889 cf
949 2835 1034 2890 Proll.
1053 2853 1081 2904 p
1101 2841 1143 2892 74.
1163 2867 1195 2876 —

165 2970 375 2980 ———-...-—.

162 3041 301 3108 debebat
327 3043 538 3110 fundamento
563 3043 776 3126 sumtionum,
804 3042 944 3127 quaein
971 3041 1214 3106 demonstrandi
1238 3047 1308 3108 arte

162 3153 345 3233 versantur,
373 3150 520 3216 adhibito
548 3173 599 3215 res
627 3151 794 3235 explorare
828 3153 861 3212 et
890 3171 986 3212 sensu
1013 3148 1200 3232 expendere.
1246 3147 1308 3214 Sed

162 3255 232 3339 ipse
262 3257 356 3340 quasi
382 3279 448 3322 non
479 3258 629 3341 scientia,
657 3257 714 3321 sed
743 3278 820 3322 casu
847 3277 959 3318 verum
989 3254 1137 3338 dixisset,
1170 3255 1211 3319 ab
1239 3255 1308 3318 eius

161 3361 415 3447 investigatione
433 3365 567 3428 recessit
585 3367 618 3428 et
636 3367 806 3448 poetarum
820 3359 1010 3425 testimonia
1025 3359 1183 3425 adhibuit.
1217 3359 1308 3437 Quod

162 3467 265 3552 igitur
294 3469 377 3533 vidit
411 3471 466 3535 ille
494 3471 624 3555 quidem
655 3491 715 3535 nec
747 3472 857 3533 tamen
885 3467 1011 3532 ratione
1039 3469 1226 3550 persecutus
1251 3469 1310 3550 est,

161 3573 195 3638 id
214 3574 295 3639 mihi
310 3575 490 3641 addendum
509 3581 597 3660 puto.
635 3570 796 3652 Quoniam
813 3573 884 3638 fieri
902 3576 1021 3658 potest,
1040 3577 1084 3658 ut,
1102 3573 1309 3658 quantumvis

163 3682 309 3747 omnium
332 3705 505 3749 nervorum
528 3685 621 3770 origo
645 3683 813 3747 cerebrum
838 3681 890 3764 sit,
913 3681 979 3745 vim
1003 3683 1112 3745 tamen
1135 3701 1248 3746 sensus
1272 3702 1309 3745 ac

161 3788 341 3854 voluntatis
361 3812 380 3854 a
403 3790 497 3856 corde
518 3790 667 3875 accipiat,
689 3811 749 3854 nec
768 3788 885 3872 minus,
907 3787 985 3852 licet
1004 3809 1020 3850 e
1039 3787 1185 3853 thoracis
1208 3788 1308 3872 parti·

162 3893 223 3958 bus
243 3896 413 3961 emittatur
433 3899 548 3978 oratio,
571 3901 681 3962 tamen
700 3899 808 3961 motus
828 3895 921 3979 origo
942 3894 1108 3958 acerebro
1127 3892 1309 3976 descendat,

85 4035 91 4046 ·
162 4003 380 4084 quaerendum
404 4003 554 4087 deinceps
583 4006 645 4086 est,
673 4006 823 4068 neutrum
845 4001 953 4065 neutri
980 4022 1021 4064 an
1051 4001 1189 4064 alterum
1214 3999 1309 4063 alteri

161 4107 352 4174 facultatem
380 4110 523 4194 aliquam
550 4108 727 4193 impertiat.
774 4107 862 4182 Quae
891 4108 938 4171 ita
967 4106 1160 4191 pertractari
1187 4105 1310 4189 poterit

162 4216 324 4299 quaestio,
347 4215 375 4280 si
399 4217 505 4299 primo
528 4215 563 4278 in
586 4215 781 4279 animalibus
805 4213 1012 4296 dissecandis‚
1035 4233 1117 4296 quae
1141 4211 1309 4275 cerebrum

162 4322 252 4386 cordi
270 4324 470 4408 coniungunt
488 4325 568 4404 quot
591 4325 623 4385 et
641 4320 751 4405 qualia
770 4320 843 4402 sint,
867 4320 1040 4404 diligenter
1058 4317 1309 4401 explorabimus,

161 4429 276 4494 deinde
304 4430 420 4495 horum
448 4427 585 4513 singulis
616 4427 656 4491 ad
680 4427 799 4492 collum
827 4427 878 4490 vel
907 4425 1083 4509 praesectis
1112 4425 1162 4488 vel
1186 4423 1309 4488 collisis

214 4543 295 4586 eueni
309 4545 336 4584 de
350 4545 410 4584 Flac.
424 4543 481 4582 Plat.
495 4545 517 4581 et
532 4542 639 4592 Hippocr.
653 4541 715 4580 libri.
1063 4535 1095 4586 lb
