3210 5148
575 441 816 507 -491-

123 599 243 684 καρδία
266 597 321 666 καλ
340 589 428 685 ἧπαρ
446 595 545 684 άρχαλ
567 601 635 666 τῶν
654 600 856 667 διοικονσοῑν
874 595 959 687 ἡμᾶς
977 595 1154 684 δυνάμεσίν
1177 599 1270 664 εἰσιν.
1365 671 1367 676 ,

124 701 257 790 ἀφῖκται
282 697 345 772 οὖν
369 702 386 772 ὁ
411 703 510 792 λόγος
533 702 597 794 ἤδη
621 704 704 792 πρὸς
725 708 824 773 τοῦτο
847 705 902 772 καί
932 701 1039 792 άρχὴν
1062 704 1124 786 ἕξει
1147 729 1184 790 γε
1206 701 1269 790 τὴν

124 813 191 878 τάν
218 807 394 898 ὀνομάτων
421 809 592 899 ἐξήγησιν,
628 807 678 892 οἷς
708 812 899 901 ἔμπροσθέν
925 837 960 880 τε
987 809 1052 898 ἤδη
1080 807 1269 898 κεχρήμεθα

124 913 188 984 κάν
209 921 254 1010 τῷ
279 915 400 1005 μεταξὺ
422 915 530 1008 τούτῳ
556 917 646 1008 λόγῳ
669 916 826 998 πολλάκις
853 916 1055 1005 χρησόμεθα.
1099 913 1183 1000 πρὸς
1204 915 1268 1002 γάρ

123 1022 159 1091 τὸ
193 1022 337 1110 μηδενὸς
366 1027 434 1092 τῶν
465 1025 650 1111 εἰρημένων
676 1022 896 1112 παρακούειν,
926 1022 1010 1092 άλλδι
1037 1025 1074 1092 έν
1101 1021 1203 1090 ἅπασι
1229 1023 1301 1090 τὸι

125 1131 348 1218 διωρισμένον
369 1157 404 1199 τε
427 1128 494 1218 ἅμα
517 1133 571 1200 καὶ
595 1131 699 1218 σαφὲς
721 1132 855 1220 ἕτοιμον
872 1129 1034 1220 ὑπάρχειν
1052 1125 1269 1214 ἀναγκαιότα-

123 1235 184 1304 τόν
207 1238 297 1304 ἐστιν
324 1239 553 1306 ἕκαστοντῶν
581 1235 756 1326 ὀνομάτων
780 1235 833 1325 ἐφ’
864 1237 944 1308 ὅτου
971 1237 1098 1325 λέγεται
1122 1233 1269 1322 πράγμα-

125 1369 180 1422 τος
203 1339 348 1430 άκριβῶς
370 1341 574 1431 ἀφωρίσθαι.
618 1345 671 1413 καὶ
695 1345 759 1432 γάρ
782 1371 833 1415 τοι
856 1345 912 1414 καὶ
935 1343 1080 1412 λύεσθαί
1104 1368 1179 1411 τινα
1201 1345 1270 1409 τῶν

125 1455 316 1536 ἔμπροσθεν
339 1452 600 1538 προβληθέντων
624 1451 816 1550 ζητημάτων
843 1453 879 1520 ἐκ
904 1451 1028 1520 τούτου
1054 1453 1115 1518 τοῦ
1143 1447 1270 1536 τρόπον

125 1557 349 1643 συμβέβηκεν,
381 1554 507 1644 ὥσπερ,
540 1555 647 1646 οἶμαι,
679 1559 732 1626 καλ
764 1558 857 1644 τόδε,
884 1557 1027 1646 πότερον
1055 1557 1220 1644 ἐνεργείας
1247 1549 1308 1642 ἢιο

124 1661 217 1748 πάθη
237 1663 524 1750 προσαγορευτέον
543 1665 610 1733 ἐστὶ
628 1663 691 1752 τὴν
710 1667 893 1755 ἐπιθυμίαν
915 1665 969 1733 καὶ
989 1664 1050 1734 τὸν
1068 1661 1183 1750 θυμὸν
1206 1659 1268 1729 ὅσα

124 1795 158 1838 τε
178 1765 262 1838 άλλα
284 1773 431 1840 τοιαῦτα.
468 1768 487 1858 ἡ
512 1770 573 1859 μλν
596 1763 659 1840 οὖν
682 1772 830 1860 ἐνέργεια
852 1778 982 1860 κίνησίς
1005 1773 1073 1841 ἐστι
1097 1768 1269 1858 δραστική,

124 1875 305 1964 δραστικὴν
329 1876 366 1945 δὲ
389 1874 540 1965 ὀνομάζω
563 1877 626 1966 τὴν
649 1879 682 1960 a
701 1879 833 1964 ἑαυτοῦ,
855 1879 892 1947 τὸ
918 1877 954 1946 δὲ
977 1877 1088 1958 πάθος
1110 1879 1147 1944 έν
1170 1875 1268 1966 ἑτέρω

19 1979 20 1982 “
123 1987 253 2068 κιύησίς
275 1982 365 2051 ἐστιν
388 1986 421 2065 ἐξ
444 1985 567 2072 ἑτέρου.
613 1983 696 2054 ὥστε
721 1985 725 2074 1
751 1981 936 2073 ἀναγκαῖον
959 1985 1021 2072 μέν
1043 1982 1200 2063 πολλάκις
1223 1987 1333 2062 stetu?

124 2089 162 2153 δν
194 2084 414 2175 ὑποκείμενον
445 2095 490 2182 τῷ
527 2090 627 2160 πάθει
659 2090 722 2178 τὴν
758 2093 928 2178 ἐνέργειαν
960 2093 1181 2179 συνέρχεσθαι
1213 2091 1268 2157 καλ
1283 2109 1309 2150 1⁶

124 2190 207 2260 κατὰ
229 2196 327 2262 τοῦτο
352 2197 525 2283 διαφέρειν
551 2198 675 2285 μηδέν,
702 2200 747 2290 τῷ
772 2197 860 2288 λόγῳ
883 2198 998 2285 μέντοι
1021 2197 1203 2283 διαφέρειν.
1246 2193 1267 2282 ἡ

150 2432 177 2510 ἱ2
196 2421 304 2512 sipiano
320 2427 350 2482 Ιι.
371 2458 402 2467 -
424 2425 485 2510 ἔξει·
500 2429 530 2484 L.
551 2460 582 2511 .‘
603 2448 633 2498 γε
654 2447 708 2484 om.
728 2429 898 2512 nauehu.
919 2460 950 2468 -
972 2435 987 2482 3
1007 2422 1270 2514 κεχρήμεθαπρός

125 2518 180 2584 υ
198 2515 229 2552 ‘⁰
249 2514 367 2623 μοι·
385 2499 1175 2634 ικυικικαίειλῑαιαιιι
1188 2499 1268 2624 a:

124 2587 386 2724 gudidfliipddev
409 2591 490 2698 codd
511 2591 573 2700 did
599 2645 694 2714 κροβλ.
717 2591 777 2699 nodi
802 2673 836 2684 -
864 2649 896 2698 10
924 2637 987 2711 τάγε
1015 2658 1066 2712 pro
1089 2637 1153 2696 τάδε
1178 2640 1210 2694 L.
1236 2671 1268 2682 -·

127 2719 159 2766 13
178 2712 332 2782 δραστικην
352 2729 405 2768 om.
424 2713 461 2768 M.
482 2744 515 2754 -
537 2721 568 2770 16
588 2712 616 2770 εί
633 2731 684 2784 pro
703 2710 720 2784 ἡ
739 2715 777 2770 Μ.
797 2745 829 2754 -

125 2947 220 3013 brum
248 2950 281 3012 et
313 2968 369 3013 cor
395 2949 428 3033 et
458 2947 547 3014 iecur
574 2950 638 3014 tria
667 2971 736 3014 assa
769 2949 950 3036 regentium
983 2971 1042 3014 uos
1074 2948 1268 3014 facultatum

124 3053 288 3140 pn'ncipia
308 3053 529 3138 probaremus
574 3055 669 3122 Nunc
695 3056 861 3122 veroium
889 3055 930 3120 ad
957 3055 1020 3120 hcc
1042 3058 1156 3119 nostra
1178 3055 1270 3118 deve-

126 3163 177 3228 nit
200 3161 304 3228 oratio
328 3164 424 3245 atque
448 3162 615 3228 exordium
643 3163 771 3248 quidem
794 3161 932 3227 habebit
955 3183 974 3226 a
1000 3161 1169 3226 nominum
1193 3182 1270 3245 quo·

125 3269 261 3334 rundam
289 3267 572 3354 interpretatione,
599 3269 716 3355 quibus
744 3273 777 3334 et
791 3291 903 3364 ⁸supra
930 3269 996 3335 iam
1024 3267 1075 3334 usi
1102 3288 1213 3332 sumus
1237 3269 1269 3330 ct

126 3375 159 3440 in
186 3375 247 3452 hac
276 3375 383 3440 madia
410 3377 557 3442 oratione
586 3398 683 3460 saepe
711 3377 848 3442 utemur.
901 3375 951 3441 Ne
980 3371 1066 3440 enim
1094 3373 1269 3458 quidquam

126 3481 222 3546 alitor
252 3503 289 3547 ac
316 3483 439 3547 dictum
467 3483 511 3547 sit
544 3483 734 3568 accipiatur,
767 3483 822 3548 sed
851 3483 960 3548 omnia
987 3481 1022 3546 in
1048 3485 1181 3567 promtu
1204 3480 1270 3545 s't
1302 3565 1306 3573 Ι

125 3587 258 3652 definita
277 3590 309 3650 et
328 3589 498 3674 explicata,
517 3588 657 3656 manime
674 3589 893 3656 necessarium
912 3591 963 3653 est
980 3588 1110 3674 singula
1126 3587 1270 3670 nomina,

125 3694 250 3778 quade
273 3716 307 3758 rc
330 3694 487 3780 dicantur,
511 3699 660 3762 accurate
683 3697 824 3762 definire.
861 3695 932 3772 Qua
954 3696 1080 3760 ratione
1099 3694 1270 3780 contingit,

125 3805 162 3866 ut
185 3804 219 3865 et
240 3800 324 3865 aliae
346 3801 503 3886 quaedam
531 3825 630 3888 supra
652 3803 840 3888 propositae
863 3803 1069 3888 quaestiones
1093 3801 1270 3868 enodentur

126 3911 159 3972 at
184 3907 282 3990 haec,
310 3907 439 3992 opinor,
470 3913 578 3974 utrum
607 3909 818 3993 cupiditatem
842 3913 875 3975 ct
900 3909 1101 3975 iracundiam
1125 3910 1269 3976 actiones

126 4037 168 4080 au
191 4015 325 4079 affectus
354 4015 518 4099 appellare
545 4017 718 4082 conveniat
739 4017 926 4102 reliquaque
954 4017 987 4081 id
1014 4038 1126 4102 genus.
1171 4016 1269 4081 Actio

125 4103 227 4208 igitur
249 4122 352 4188 motio
371 4126 422 4186 ast
444 4123 596 4207 efficiens,
620 4123 814 4188 afficientem
833 4127 943 4188 autem
961 4123 1043 4206 dico,
1067 4143 1149 4207 quae
1173 4145 1211 4188 ex
1225 4145 1270 4187 sa

125 4229 353 4314 proficiscitur3
378 4229 506 4296 affectio
530 4231 581 4294 est
603 4231 705 4296 motio
728 4230 763 4294 in
786 4229 889 4296 altaro
913 4253 951 4293 ax
975 4229 1087 4295 altero.
1129 4228 1199 4305 Quo
1223 4231 1270 4313 fit,

125 4340 162 4402 ut
187 4336 373 4402 necessario
406 4335 492 4401 actio
525 4357 621 4419 saepo
650 4338 683 4400 et
714 4336 843 4402 affectio
870 4336 905 4400 in
933 4357 998 4400 una
1024 4337 1198 4420 cademque
1226 4359 1270 4420 re,

125 4465 208 4528 quaa
232 4441 380 4508 subiecta
398 4445 457 4526 est,
480 4443 675 4509 conveniant
696 4465 799 4529 neque
816 4442 880 4509 hoc
902 4443 1042 4526 nominc,
1065 4443 1121 4508 scd
1143 4443 1269 4510 ratione
