3298 5136
644 358 887 424 —247—

189 539 248 582 κεν
270 517 377 599 ἰδίαν,
404 519 486 582 κατὰ
508 511 569 580 τὸν
592 509 697 581 αὐτὸν
722 513 758 582 di
781 513 908 602 τρόπον
931 512 1012 584 καθ’
1039 517 1159 586 ἑαυτοῦ
1187 533 1257 602 τοῖς
1284 520 1338 589 λό-

190 650 262 710 γοις
291 621 461 712 ἐχρήσατο.
518 619 579 689 ετό’
611 627 698 709 φησί
727 623 862 691 ’κινοῦν
893 626 1026 712 πρῶτον
1060 622 1120 692 τὸν
1152 623 1338 716 ἄνθρωπον

189 729 247 811 τὰς
268 727 351 799 κατὰ
373 735 569 817 προαίρεσιν
591 727 737 816 κινήσεις
760 729 882 818 ψυχική
910 737 959 810 τίς
987 730 1077 799 ε’στιν
1099 728 1337 821 ἀναθυμιάσις,

189 841 277 906 πᾶσα
297 836 333 906 δὲ
353 833 579 923 ἀναθυμίασις
598 836 632 903 eu
650 839 709 923 τής
727 841 854 924 τροφῆς
872 833 1041 923 ἀνάγεται,
1059 835 1142 908 ὥστε
1159 838 1197 908 τὸ
1217 845 1337 910 κινοῦν

188 948 321 1034 πρῶτον
348 944 406 1024 τὰς
434 941 516 1011 κατὰ
548 948 743 1030 προαίρεσιν
770 943 917 1031 κινήσεις
946 945 1001 1012 καὶ
1028 943 1065 1014 τὸ
1094 947 1218 1035 τρέφον
1251 945 1362 1036 ήμᾶς5

188 1047 316 1138 ἀνάγκη
340 1053 378 1118 ἓν
396 1051 451 1118 καὶ
469 1047 594 1119 ταύτὸν
613 1047 719 1119 εἶναι]
757 1048 839 1118 όταν
855 1055 959 1119 ταῦτα
983 1049 1001 1120 ὁ
1022 1053 1188 1141 Διογένης
1210 1055 1335 1146 γράφη,

186 1158 261 1245 περί
284 1155 346 1244 μὲν
368 1160 429 1226 τοῦ
451 1154 514 1244 τήν
538 1152 658 1224 οὐσίαν
681 1154 767 1225 εἶναι
789 1161 848 1245 τῆς
871 1162 977 1247 ψυχῆς
999 1156 1246 1247 ἀναθυμίασιν,
1270 1172 1334 1230 είτε

187 1257 251 1334 οὖν
274 1265 310 1332 ἐκ
336 1268 464 1353 τροφῆς
491 1272 554 1332 εἴτε
583 1264 619 1330 έκ
646 1263 845 1352 πνεύματος,
868 1263 970 1334 οὐδὲν
993 1271 1030 1334 ἕν
1057 1294 1094 1354 γε
1121 1271 1166 1359 τῷ
1194 1269 1334 1357 παρόντι

186 1372 339 1461 φήσομεν
358 1368 591 1460 ἀμφισβητεῖν,
614 1374 670 1438 ἴνα
693 1369 738 1458 μή
757 1369 797 1439 τά
821 1371 928 1441 πάντα
951 1377 1107 1460 λυπῶμεν
1130 1373 1191 1443 τὸν
1213 1373 1333 1465 ἀνδρα,

185 1481 259 1568 περὶ
283 1479 321 1547 δὲ
343 1482 404 1548 τοῦ
427 1475 553 1548 ταύτὸν
577 1475 722 1546 εἶναιτὸ
747 1482 867 1546 κινοῦν
887 1481 892 1568 Ι
912 1483 1045 1568 πρῶτον
1063 1478 1149 1569 ἡμᾶς
1171 1481 1229 1563 τὰς
1252 1483 1334 1553 κατὰ
1344 1504 1401 1562 283

185 1593 381 1675 προαίρεσιν
408 1586 555 1673 κινήσεις
582 1586 636 1654 καὶ
664 1584 701 1655 τὸ
729 1587 854 1674 τρέφον
883 1582 1146 1675 ἀναληψόμεθα.
1195 1588 1333 1659 τὀόναν-
1351 1616 1373 1654 ιι

185 1701 259 1764 τιόν
286 1693 351 1783 γὰρ
379 1691 469 1763 ἅπαν
497 1695 531 1776 ἕξ
554 1685 603 1763 ὧν
630 1691 773 1762 ὑπέθετο
802 1699 1019 1782 περαίνεσθαι
1048 1694 1201 1783 φήσομεν
1228 1699 1261 1780 ἐξ
1285 1702 1334 1765 αἷ-

184 1828 286 1890 ματος
322 1801 384 1890 μὲν
416 1799 658 1890 ὁμολογοῦντες
678 1805 752 1870 ***.
807 1801 861 1870 καί
892 1797 993 1882 αὐτὸς
1024 1803 1334 1891 ἐπιλανθανόμενος

190 1953 399 1960 αω--υ-ι-

220 2023 234 2071 1
253 2018 304 2073 καί
323 2013 427 2073 leprosi
447 2017 526 2072 codd.
547 2017 608 2075 edd.
628 2011 700 2071 καθ’
722 2012 826 2072 ἑαυτοῦ
847 2033 910 2086 nos;
929 2017 963 2073 ci.
983 2017 1067 2072 Proll.
1083 2037 1109 2088 p.
1131 2025 1191 2074 104.
1212 2051 1244 2058 —
1264 2027 1280 2074 2
1299 2015 1331 2075 τό

183 2085 270 2157 φύσει
288 2089 374 2144 Mle
392 2086 424 2144 ἐν
442 2085 533 2144 τοότω
552 2083 584 2144 τό
604 2083 690 2158 φόσει
709 2087 789 2144 Corn.
809 2083 840 2143 τὸ
861 2089 934 2158 φησί
948 2089 992 2144 ΔΙ.
1012 2089 1083 2144 Just
1102 2088 1143 2144 Ch
1152 2089 1184 2144 K.
1204 2121 1237 2130 -
1257 2091 1332 2161 προί-

183 2180 232 2215 τον
254 2163 319 2230 post
341 2161 441 2217 κινοῦν
465 2177 516 2216 nos
536 2161 712 2218 inseruimus.
735 2191 770 2200 -
795 2167 811 2214 3
839 2161 964 2230 ψυχικῆς
986 2160 1081 2215 Mle.
1106 2191 1139 2200 —·
1170 2167 1186 2216 ὅ
1210 2158 1329 2232 poetri

182 2230 289 2302 τρέφον
311 2232 341 2286 in
359 2233 388 2287 M
407 2231 531 2302 epatium
549 2231 654 2304 integri
672 2247 769 2287 versus
787 2249 907 2286 vaenum
925 2231 1107 2302 relinquitur,
1126 2231 1156 2286 in
1175 2234 1200 2286 A
1218 2233 1330 2288 esteris-

182 2321 230 2358 eue
249 2305 298 2358 est
319 2335 352 2344 -
372 2311 388 2360 6
407 2303 494 2360 verba
511 2303 577 2360 inde
595 2321 613 2358 a
626 2299 853 2374 πεμφθήσεσθαι
872 2306 910 2386 (p.
925 2309 986 2371 ele,
1006 2305 1049 2372 13)
1069 2320 1156 2372 usqne
1175 2303 1210 2358 ad
1224 2297 1331 2360 ταότόν

185 2372 259 2430 εἶναι
278 2374 307 2430 in
326 2375 348 2429 L
367 2375 461 2446 spatio
479 2375 566 2430 trium
584 2391 714 2430 versuum
731 2390 821 2429 veeuo
843 2377 941 2430 relicto
965 2374 1073 2429 desunt.
1094 2407 1126 2414 -
1154 2381 1168 2429 7
1189 2365 1241 2430 ode
1265 2377 1331 2431 ente

182 2447 231 2501 τοῦ
250 2445 419 2502 Maeona
437 2462 491 2502 om.
510 2446 545 2514 Ιις
571 2447 605 2501 ei.
624 2445 708 2501 Proll.
733 2464 760 2516 p.
782 2453 841 2500 114.
865 2477 901 2486 -
923 2453 939 2501 8
959 2441 992 2501 έκ
1011 2449 1076 2502 ante
1095 2440 1257 2518 πνεόματος
1275 2463 1329 2505 om.

182 2519 212 2572 1..
234 2549 265 2558 -
290 2525 306 2574 9
331 2519 408 2574 λυπῶ
428 2513 478 2573 τόν
500 2513 594 2587 ἄνδρα
617 2518 654 2572 Μ.
680 2549 711 2558 -
742 2524 772 2572 13
796 2512 1007 2588 ὁμολογοῦντες.
1048 2517 1117 2572 Post
1138 2517 1192 2572 hoe
1214 2518 1329 2573 verbum

180 2589 209 2643 in
228 2589 250 2643 L
269 2589 395 2645 vacuitas
414 2592 458 2646 est
471 2589 553 2645 unius
572 2593 601 2645 et
618 2588 751 2644 dimidiae
765 2589 864 2658 lineae,
884 2590 1015 2659 deinceps
1029 2589 1116 2645 verbe
1133 2583 1328 2660 ὑποσχόμενος

180 2657 235 2730 γὰρ
257 2661 322 2731 περὶ
345 2662 401 2716 τῶν
424 2663 545 2732 (pm,
567 2663 610 2731 11)
635 2662 801 2730 sequuntnr3
827 2660 857 2716 in
882 2661 910 2715 M
934 2660 1019 2715 trium
1042 2661 1180 2716 linearum
1203 2661 1330 2718 vacuitas

181 2735 236 2800 est,
263 2733 294 2788 in
318 2733 419 2803 quarte
441 2733 567 2802 sequitur
590 2732 638 2786 nal
657 2726 745 2796 αότός
770 2727 946 2787 έπιίανθανό
970 2751 1045 2799 ενοςς
1073 2733 1100 2786 in
1126 2732 1178 2786 AB
1206 2733 1329 2803 spatium

180 2819 299 2858 vaenum
325 2821 411 2858 unam
438 2807 468 2858 et
494 2803 641 2858 dimidiam
667 2803 725 2860 fere
752 2803 856 2860 lineam
883 2753 1076 2874 amplectitnr;
1104 2803 1175 2858 Chi(
1201 2803 1328 2860 asterisci

180 2879 276 2930 notam
295 2876 414 2940 babent3
438 2874 471 2930 ei.
490 2875 574 2931 Proll.
600 2894 625 2945 p.
651 2881 709 2931 128.
735 2905 767 2915 -
791 2875 926 2930 Averbis
949 2875 998 2930 aul
1022 2869 1108 2937 αότός
1131 2871 1202 2930 duel.
1226 2875 1329 2946 incipit

180 2949 300 3018 excerpt.
332 2947 370 3001 ΙΙΙ
400 2945 528 3001 οοᾶίοαοι
555 2947 605 3001 FP
636 2946 795 3016 desinitque
821 2944 851 3000 in
875 2946 967 3001 verbis
991 2953 1068 3001 κινεῖ
1087 2944 1119 3001 δὲ
1148 2943 1179 3001 τὸ
1208 2947 1323 3018 πνεῦμα

180 3021 217 3089 (p.
238 3025 298 3086 248,
318 3020 352 3089 6).
373 3049 406 3058 -
427 3013 636 3089 ἐπιλαθόμενος
653 3018 714 3086 FP;
734 3017 769 3074 el.
787 3017 871 3074 Proll.
890 3036 918 3088 p.
938 3025 980 3074 76.
1000 3049 1033 3058 -

256 3141 336 3148 -.-—.-
357 3141 390 3150 -ο-

178 3201 211 3265 id
244 3201 312 3266 sine
349 3199 626 3266 demonstratione
667 3222 790 3284 ponens
831 3200 1087 3266 controversiam
1125 3199 1326 3285 singularem

178 3309 306 3393 peperit
328 3331 387 3374 nee
411 3307 518 3372 minus
538 3311 651 3373 eontra
675 3329 708 3371 se
732 3306 914 3373 rationibus
939 3329 1015 3371 usus
1036 3310 1093 3371 est.
1132 3305 1205 3390 ‘Id‚
1228 3308 1326 3392 quod

178 3413 436 3482 voluntariis’
465 3414 572 3499 inquit
600 3413 907 3500 ‘agitationibus
937 3414 1129 3480 hominem
1158 3414 1325 3497 primum

178 3525 318 3606 movet,
342 3527 400 3588 est
423 3521 572 3587 animae
597 3522 783 3608 quaedam
807 3521 1020 3607 exhalati03
1049 3521 1174 3586 omnis
1199 3525 1326 3586 eutem

178 3629 376 3694 exhalatio
405 3653 448 3694 ex
472 3631 657 3696 alimento
681 3629 965 3715 proficiscitu13
994 3651 1101 3716 ergo,
1124 3629 1223 3714 quod
1245 3629 1325 3714 pri·

178 3759 275 3802 mum
307 3737 597 3822 agitationibus
628 3737 867 3803 voluntariis
902 3739 1029 3802 movet
1062 3738 1099 3800 et
1129 3736 1228 3820 quod
1255 3759 1324 3801 nos

177 3843 316 3929 nutrit,
335 3867 448 3910 unum
468 3847 647 3931 idemque
663 3867 750 3910 esse
768 3865 931 3909 neeesse
946 3842 1025 3908 est'.
1057 3839 1148 3908 Haec
1162 3843 1324 3928 quandoa

177 3951 323 4038 Diogene
347 3952 470 4037 scripta
489 3956 572 4035 sunt,
594 3975 634 4017 ne
653 3952 820 4018 hominem
838 3951 873 4015 in
897 3952 1048 4016 omnibus
1067 3952 1163 4016 rebus
1183 3950 1323 4036 exagite-

177 4081 258 4140 mus,
282 4059 320 4124 de
344 4083 391 4144 eo,
415 4059 500 4144 quod
519 4059 705 4124 substantia
724 4059 850 4124 animae
871 4059 915 4124 sit
933 4058 1097 4124 exhalatio
1121 4058 1189 4123 sive
1209 4079 1246 4121 ex
1267 4058 1324 4122 ali·

176 4170 286 4232 mento
301 4166 396 4231 sivee
412 4167 530 4250 spiritu
545 4168 625 4250 orte,
638 4166 730 4244 nulle
744 4166 778 4232 in
792 4166 979 4252 praesentia
991 4165 1087 4232 nobis
1103 4164 1324 4230 controversia

176 4273 250 4357 erit,
273 4273 359 4358 quod
383 4276 491 4338 autem
514 4295 614 4338 unum
637 4273 786 4359 idemque
805 4293 875 4338 esse
895 4273 942 4338 ait
966 4277 999 4338 et
1022 4273 1106 4357 quod
1129 4294 1189 4337 nos
1212 4271 1322 4336 volun-

175 4379 268 4445 tariis
298 4380 535 4468 agitationibus
564 4371 705 4468 primum
729 4385 859 4447 moveat
884 4385 916 4444 et
939 4380 1023 4465 quod
1046 4378 1184 4464 nutriat,
1201 4377 1241 4444 ‚id
1263 4378 1323 4442 im-
