3210 5148
563 463 801 530 -451-

124 623 181 710 ‘pa‘
204 625 249 714 τῷ
278 618 553 710 ὁμολογουμένως
580 627 687 690 εἰπεῖν
715 627 787 710 ζῆν,
819 611 918 710 ἡνίκα
945 622 990 710 μὴ
1020 626 1118 692 τοῦτο
1146 648 1258 711 μικρο-
1298 654 1304 667 ·

124 731 256 818 ‘apennis
278 735 442 797 συντείνει
471 734 518 808 είς
544 728 581 797 τὸ
605 733 673 797 τῶν
699 726 897 817 ἀδιαφόρων
923 727 1120 816 τυγχάνειν.’
1165 728 1257 816 ἤρκει

123 835 175 924 μὲν
204 829 267 904 οὖν
300 845 380 915 ἴσως
410 836 465 904 καί
495 839 593 903 τοῦτο
626 833 709 923 πρὸς
740 839 883 918 ἔνδειξιν
913 841 970 924 τῆς
997 833 1134 916 ἀτοπίας
1163 827 1212 903 ὧν
1239 834 1257 903 ὁ

123 942 308 1030 Χρύσιππος
331 951 440 1030 είρηιιε
462 943 537 1030 περὶ
559 947 621 1010 τοὺ
643 944 758 1022 τέλους
781 943 1011 1032 ἐξηγούμενος,
1034 940 1123 1022 ὅπως
1144 940 1187 1010 ἀν
1209 969 1259 1023 τις

122 1048 271 1136 τυγχάνοι
304 1053 366 1118 τοῦ
398 1047 675 1136 ὁμολογουμένως
705 1053 745 1138 τῇ
779 1045 878 1135 φύσει
914 1054 985 1136 ζῆν·
1019 1047 1159 1136 ἄμεινον
1190 1048 1285 1137 μὴνσ

122 1151 258 1244 ἡγοῦμαι
282 1157 336 1224 καὶ
366 1152 406 1223 τὰ
429 1154 559 1234 τούτοις
583 1156 655 1242 ἑξῆς
682 1151 746 1223 ὑπὸ
775 1159 836 1224 τοῦ
859 1159 1092 1224 Ποσειδωνίου
1119 1181 1258 1244 γεγραμ-

122 1263 198 1348 μένα
225 1263 440 1351 παραθέσθαι
466 1262 564 1330 τόνδε
592 1261 652 1330 τὸν
680 1261 807 1350 τρόπον
834 1267 964 1349 ἔχοντα·
992 1261 1132 1348 ‘vadeno
1158 1288 1193 1329 τε
1217 1259 1258 1348 δὴ

123 1367 189 1454 ετὴν
217 1365 358 1438 ἀτοπιάν
390 1370 544 1438 διέλυσεν
570 1367 591 1456 ἡ
625 1373 714 1437 αίτία
745 1373 813 1438 τῶν
843 1372 966 1438 παθῶν
997 1365 1172 1456 εὑρεθεῖσα
1204 1369 1258 1436 καὶ

122 1471 185 1552 ’τὰς
207 1471 309 1562 ἀργὰς
333 1478 434 1557 ἔδειξε
457 1480 514 1564 τῆς
537 1477 574 1544 έν
596 1490 667 1555 τοῖς
689 1480 832 1564 αίρετοῑς
853 1476 907 1543 καί
931 1489 1085 1562 φευκτοῖς
1108 1479 1259 1563 διαστρο-

121 1581 193 1666 φῆς
215 1581 270 1648 καὶ
293 1579 371 1662 τοὺς
387 1581 532 1668 τρόπους
553 1586 611 1669 τῆς
629 1579 798 1670 ἀσκήσεως
821 1586 921 1650 διεῖλε
943 1583 998 1650 καί
1022 1581 1061 1652 τὰ
1081 1581 1259 1670 διαπορού-
1275 1606 1299 1644 ιο

120 1687 210 1772 ’μενα
237 1688 311 1775 περὶ
338 1693 396 1775 τῆς
424 1691 460 1758 ἐκ
485 1687 618 1768 πόθους
644 1685 748 1777 ὁρμῆς
775 1689 954 1775 ἐξέφηνεν)
1005 1685 1046 1757 οὑ
1073 1689 1195 1776 σμικρά
1223 1715 1259 1775 γε

119 1789 194 1860 οὐδὲ
216 1791 256 1860 τὰ
279 1795 422 1881 τυχόντα
445 1797 549 1883 φησὶν
576 1793 662 1883 ἡμᾶς
684 1792 887 1864 ἀπολαύσειν
915 1793 1028 1881 ἀγαθὰ
1050 1799 1108 1881 τῆς
1131 1797 1257 1884 αίτίαςλ

118 1902 182 1966 τόν
207 1905 330 1969 παθῶν
357 1899 559 1990 εὑρεθείσης.
608 1907 656 1982 είς
681 1901 746 1990 γὰρ
772 1902 810 1971 τὸ
843 1911 966 1990 μαθεῖν
992 1899 1152 1990 ἀκριβῶς,
1185 1897 1326 1978 οἷόνιπν

118 2033 146 2072 τι
169 2005 205 2075 τὸ
231 2003 506 2096 ὁμολογουμένως
527 2011 567 2098 τῇ
590 2008 689 2094 φύσει
715 2013 773 2097 ζῆν
792 2011 894 2095 ἐστιν,
916 2011 952 2076 ἐκ
973 2013 1031 2095 τῆς
1048 2013 1119 2078 τεόν
1139 2013 1260 2076 παθῶν

118 2115 222 2190 αἰτίας
244 2110 438 2202 εὑρεθείσης
460 2111 692 2202 ἀφελήθημευ.
738 2113 755 2183 ὁ
784 2115 846 2203 μέν
873 2114 937 2202 γὰρ
960 2113 1042 2183 κατὰ
1065 2113 1175 2194 πόθος
1198 2112 1259 2201 οὐχ
1274 2137 1299 2177 ιι

154 2297 166 2344 1
188 2285 289 2359 {rivom
308 2292 357 2347 καλ
374 2288 412 2364 μὴ
432 2310 483 2364 pro
502 2293 552 2362 ξῆν
570 2288 656 2362 ἡνίκα
674 2287 712 2362 μὴ
732 2293 768 2358 Ιι;
792 2292 826 2347 cf.
846 2292 930 2348 Proll.
949 2311 975 2362 p.
995 2298 1038 2346 94.
1058 2323 1091 2332 -
1115 2297 1131 2345 2
1151 2294 1257 2346 συντεί-

117 2381 177 2415 νειν
200 2362 280 2417 οοδδ.
304 2363 365 2418 edd.
390 2367 528 2418 συντείνει
552 2362 632 2419 Corn.
659 2393 692 2404 ·-
717 2365 757 2426 είς
775 2383 801 2418 τι
820 2364 874 2417 τῶν
893 2363 926 2417 K.
950 2395 983 2402 -
1008 2358 1157 2431 διαφόρων
1179 2363 1259 2417 οοδδ.

117 2431 177 2487 edd.
202 2427 370 2502 ἀδιαφόρων
395 2451 452 2490 nos.
481 2465 514 2474 -
541 2429 691 2504 tonderem
719 2433 775 2488 LM
799 2431 879 2489 Corn.
907 2429 1039 2502 τυγχάνει
1063 2432 1201 2488 ΔΒΟλιΚ.
1226 2465 1258 2473 -

117 2509 133 2556 b
151 2500 285 2574 τυγχάνει
304 2505 335 2560 L.
356 2537 387 2545 -
407 2500 622 2576 δμολογημένοις
640 2505 712 2574 ΜΑ;
732 2505 766 2561 cf.
785 2504 869 2560 Proll.
888 2523 916 2574 p.
936 2511 978 2560 39.
998 2536 1033 2544 -
1052 2511 1068 2560 8
1086 2500 1191 2558 ἀτοπία
1210 2521 1260 2574 pro

116 2573 193 2630 αἰτία
220 2575 249 2630 L.
275 2607 307 2616 -
336 2571 477 2644 ὁραθεῐοα
502 2576 582 2632 οοδδ.
608 2577 670 2630 edd.
696 2570 849 2645 εὑρεθεῖσα
876 2593 934 2631 nos.
960 2608 990 2615 -
1020 2583 1036 2630 9
1065 2570 1178 2644 ὁρατοῖς
1203 2575 1260 2629 le

115 2641 242 2732 ὁρειιτοῐς
260 2647 286 2702 Α
304 2641 429 2714 όρειιτοῖς
448 2645 546 2702 BchK
565 2644 686 2716 αἷρετοίς
704 2665 766 2715 nos;
790 2647 824 2702 cf.
843 2647 928 2702 Proll.
952 2665 978 2717 p.
998 2653 1041 2701 39.
1061 2679 1093 2686 -
1120 2653 1152 2700 13
1172 2647 1212 2709 είς
1229 2666 1259 2700 τε

114 2737 170 2785 γαρ
184 2718 215 2773 L.
232 2749 264 2758 —
287 2725 319 2772 lb
334 2713 429 2780 πάθος
443 2713 673 2788 ὁμολογουμένως
691 2719 723 2789 ζῇ
743 2721 780 2788 (p.
795 2725 857 2786 452,
872 2737 916 2774 vv.
938 2725 950 2772 t
966 2721 996 2774 et
1010 2721 1036 2788 2)
1050 2717 1169 2786 omissis,
1188 2734 1261 2787 quae

117 2789 267 2844 interiecto
285 2792 359 2858 eunt,
378 2789 471 2844 uerbis
489 2790 526 2844 Μ.
546 2821 579 2830 -

115 2968 216 3036 idem
245 2969 349 3034 valet
376 2991 417 3034 ao
445 2971 575 3035 vivere
604 2971 880 3036 convenienter
906 2973 1082 3054 naturae,
1110 2969 1259 3053 quando

114 3077 153 3142 id
173 3099 250 3142 non
268 3081 432 3162 anguste
451 3080 603 3162 spectat
620 3078 665 3142 ad
684 3077 960 3142 indifferentia
974 3074 1261 3159 consequenda?

113 3183 154 3248 ld
184 3183 326 3248 sufficiat
352 3183 493 3249 fortasse
521 3184 561 3249 ad
589 3183 873 3250 demonstrandam
894 3182 1118 3262 insulsitatem
1142 3203 1262 3265 eorum,

58 3357 69 3374 ‚
113 3315 199 3376 quae
223 3289 425 3376 Chrysippus
449 3291 488 3355 de
511 3291 574 3356 fine
593 3290 783 3375 disputavit,
806 3313 878 3354 eum
897 3290 1056 3375 exposuit,
1079 3311 1142 3374 quo
1166 3289 1262 3354 modo

112 3397 198 3462 illud
226 3398 354 3481 assequi
382 3419 565 3480 possemne,
594 3400 631 3461 ut
654 3397 883 3462 convenienter
909 3399 1045 3461 naturae
1068 3396 1261 3480 viveremus,

112 3503 221 3566 satius
243 3507 354 3568 tumen
377 3525 446 3568 esse
465 3504 615 3568 existimo
639 3503 738 3567 etiam
762 3525 809 3585 ea,
832 3523 913 3587 quae
937 3505 1113 3585 sequuntur
1136 3501 1262 3566 aPosi-

112 3609 215 3674 donio
239 3609 374 3692 scripta,
403 3611 517 3674 afferre
545 3608 597 3674 his
621 3609 742 3674 verbis:
789 3607 911 3673 ‘Hane
938 3630 1027 3674 vero
1056 3609 1261 3674 absurdam

112 3713 314 3779 rationem
338 3737 453 3780 causa
480 3715 824 3799 perturbationum
852 3715 1054 3800 explorata
1082 3717 1261 3796 sustulit,

111 3821 320 3906 principia
350 3822 627 3906 perversitatis
655 3823 694 3888 in
726 3823 956 3906 appetendis
985 3821 1261 3906 fugiendisque

111 3929 236 3992 rebus
263 3927 469 4012 patefecit,
501 3930 634 3995 modos
663 3929 961 3994 exercitationis
989 3926 1189 4010 distinxit,
1216 3927 1261 3991 ad

109 4057 161 4100 ea
198 4033 377 4120 denique,
419 4057 514 4119 quae
551 4035 595 4100 de
636 4035 974 4120 perturbationum
1016 4035 1261 4120 appetitione

108 4141 237 4206 dubia
271 4146 372 4224 sunt,
404 4138 612 4225 aperienda
645 4141 960 4227 explanandaque
991 4141 1137 4208 valuit?
1185 4140 1261 4206 Non

108 4271 221 4332 parva
244 4269 303 4312 neo
326 4249 475 4333 vulgaria
505 4249 590 4314 bona
613 4248 661 4312 ait
682 4269 741 4313 nos
769 4270 809 4312 ex
838 4271 954 4313 causae
981 4247 1263 4332 perturbationum

108 4356 306 4421 inventione
329 4378 388 4422 nos
412 4377 482 4420 esse
510 4357 749 4421 consecuturos.
793 4353 879 4420 Nam
903 4354 990 4438 inde,
1017 4355 1094 4439 quid
1121 4355 1166 4420 sit
1189 4376 1262 4419 eon·

108 4463 287 4528 venienter
313 4467 449 4528 naturae
472 4463 594 4545 vivere,
621 4462 751 4546 penitus
778 4461 1008 4545 intellegimus.
1053 4459 1153 4526 Cuius
1177 4461 1289 4526 enim·

998 4565 1050 4620 29⁸
