3296 5150
640 467 883 532 -357-

186 625 266 705 ‘oero
288 651 321 693 τε
349 626 404 693 καὶ
433 623 646 704 καταστάσεις
669 621 817 705 ἀπειθεῖς
840 651 873 692 τε
901 627 946 716 τῷ
975 622 1063 714 λόγῳ
1086 625 1149 692 είσὶ
1178 624 1232 692 καὶ
1257 621 1333 692 ἁπε-

187 734 416 820 ’στραμμέναν
445 728 532 800 καθὸ
561 732 615 799 καὶ
644 727 773 818 ἀλόγως
794 730 906 818 φαμὲν
932 733 1097 818 φέρεσθαι
1119 728 1198 810 τοὺς
1224 729 1335 798 τοιού-

186 841 287 921 ’τοος,
311 835 371 926 οὐχ
396 833 470 908 οἷον
493 842 600 917 κακῶς
624 840 727 930 ἐντῷ
752 843 1016 924 διαλογίζεσθαι,
1044 835 1088 917 ὡς
1112 835 1155 904 ἄν
1177 865 1226 916 τις
1249 847 1334 905 είποι

186 945 279 1013 εκατὰ
312 943 349 1014 τὸ
380 951 467 1034 ἔχειν
495 947 652 1025 ἐναντίως
679 943 761 1033 πρὸς
793 943 829 1013 τὸ
860 942 1020 1032 εὐλόγως,
1053 942 1136 1012 ἄλλα
1165 942 1246 1011 κατὰ
1274 941 1336 1030 τὴν

186 1053 258 1119 (τοῦ
287 1051 391 1139 λόγου
418 1049 656 1139 ἆποστροφήν.’
703 1053 851 1140 ἐναργῶς
874 1053 911 1119 ἐν
937 1051 1069 1130 τούτοις
1099 1049 1116 1118 ὁ
1143 1048 1362 1138 Χρόσιπποςσ

186 1159 393 1226 ἐνδείκνυται
418 1157 457 1227 τὰ
478 1157 540 1227 δύο
560 1157 788 1247 σημαινόμενα
812 1162 869 1246 τῆς
888 1157 1010 1244 ἄλογος
1028 1160 1156 1245 φωνῆς,
1180 1155 1262 1243 ἅπερ
1281 1157 1334 1224 καὶ

187 1261 292 1344 ὄντως
316 1267 382 1334 ἐστὶ
406 1264 495 1354 παρὰ
518 1281 588 1346 τοῖς
602 1264 751 1353 Ἕλλησι,
774 1265 810 1334 τὸ
835 1265 897 1354 μὲν
921 1267 1050 1354 ἕτερον,
1078 1255 1104 1355 ᾦ
1133 1262 1169 1331 τὸ
1194 1262 1336 1349 εὔλογον

187 1371 342 1440 ἐναντίον
365 1373 444 1458 ἐστί,
467 1371 504 1442 τὸ
530 1373 566 1441 δὲ
591 1374 716 1463 ἕτερον,
739 1364 765 1465 ᾦ
788 1372 895 1460 μηθὲν
918 1373 1044 1460 με’τεστι
1070 1370 1182 1458 λόγου.
1217 1369 1254 1438 τὸ
1274 1369 1337 1458 μὶν

187 1469 251 1545 οὖν
290 1475 519 1567 ἀντικείμενον
561 1483 605 1572 τῷ
644 1477 771 1572 εὐλόγῳ
808 1476 984 1567 ἁμάρτημά
1027 1479 1094 1544 ἐστι
1136 1478 1190 1544 καὶ
1229 1483 1362 1566 κρίσιςο

186 1583 355 1673 μοχθηροί·
382 1585 419 1654 τὸ
445 1585 481 1654 (lt
510 1587 639 1674 ἕτερον,
667 1583 685 1655 ὃ
709 1587 810 1675 χωρὶς
835 1587 840 1676 Ι
865 1585 969 1673 λόγου
992 1590 1118 1671 γίνεται
1142 1583 1280 1668 παντός,
1314 1582 1403 1672 ἥκεις

186 1690 268 1759 κατὰ
296 1689 333 1759 τὸ
361 1691 472 1773 πόθος
504 1691 590 1783 ὁρμὴ
624 1695 678 1762 καὶ
705 1700 845 1782 κίνησις.
897 1697 927 1760 εί
959 1694 999 1759 θί
1024 1717 1060 1778 γε
1088 1683 1132 1778 ἦν
1162 1697 1264 1759 πλείω
1297 1691 1336 1758 τὰ

187 1795 415 1885 σημαινόμενα
447 1804 507 1868 τοῦ
540 1798 661 1887 ἄλογος
692 1797 871 1889 ὀνόματος,
903 1796 966 1868 οὐκ
998 1794 1042 1866 ἂν
1074 1796 1225 1883 ὤκνησεν
1258 1794 1336 1864 οὐδὲ

187 1905 262 1991 περὶ
290 1906 428 1973 ἐκείνων
455 1912 560 1975 εἰπεῖν
589 1904 776 1988 ἐπιδεικνὺς
804 1903 882 1975 οὐδὲ
906 1903 986 1974 καθ’
1017 1909 1055 1973 ἓν
1078 1901 1190 1973 αὐτῶν
1213 1901 1338 1989 ἄλογον

190 2013 344 2098 είρῆσθαι
369 2010 405 2080 τὸ
429 2015 486 2100 τῆς
510 2016 617 2100 ψυχῆς
638 2012 762 2098 πόθος,
786 2009 868 2081 ἀλλὰ
892 2012 974 2081 κατὰ
998 2011 1106 2099 μόνον
1134 2009 1214 2098 ὅπερ
1238 2007 1339 2089 αὐτὸς

190 2113 412 2252 εόνόμασε
380 2147 417 2186 το
450 2117 532 2187 κατοὶ
569 2146 631 2206 την
667 2115 885 2206 ἀποστροφὴν
916 2122 979 2188 τοῦ
1010 2119 1114 2205 λόγον
1147 2115 1377 2204 γινόμενονοι

223 2292 334 2352 aeaut
354 2297 487 2352 Mnssen
506 2292 580 2350 καθ’
601 2289 733 2352 ὃΟΚ.-
737 2298 997 2354 -3είποιεομ-
965 2291 1159 2364 -ὓόλόγον
1178 2293 1337 2350 ΜΟΑΒΟΙι

186 2362 290 2452 ἄλογον
309 2368 332 2422 K
352 2364 454 2437 ἄλογος
477 2386 541 2432 n0s3
564 2367 598 2422 cf.
618 2368 702 2422 Proll.
727 2387 753 2439 p.
774 2375 807 2422 32
837 2368 901 2423 adn.
920 2375 953 2422 43
974 2371 1052 2453 etp.
1074 2374 1190 2422 116.-
1218 2373 1250 2419 10
1268 2361 1337 2418 πάν-

186 2433 437 2572 ἷῗςίόιςὸεὴικῖός
424 2447 493 2566 urieli
513 2439 730 2571 Οεέοηόίςίόόδὲ
744 2434 921 2577 θθῖἐθῖίὲῗ
940 2438 975 2564 iil.
985 2435 1337 2578 illicillvplilllgthm—r-

186 2577 237 2634 τόν
257 2581 346 2635 Μ.-
368 2589 401 2636 14
419 2583 512 2651 ψυχῆς
530 2576 582 2636 ὄνό
602 2582 662 2650 (sic)
681 2595 781 2651 prou
801 2577 949 2644 παθοςθ.
969 2611 1005 2621 -

188 2761 494 2846 stitutionesque
509 2764 873 2847 nonobtemperant
887 2763 1198 2846 aversanturque
1214 2759 1336 2826 ratio·

189 2893 286 2954 nem3
310 2869 407 2934 unde
431 2872 469 2932 et
486 2890 567 2952 eos,
590 2869 653 2954 qui
676 2867 735 2933 ita
754 2869 893 2935 affecti
917 2873 1020 2952 sunt,
1042 2869 1337 2933 irrationaliter

187 2976 287 3041 ferri
306 2975 484 3058 dicimus,
507 2995 673 3058 nonque
693 2976 731 3040 in
750 2975 1022 3042 ratiocinando
1041 2977 1185 3059 errent,
1209 2996 1337 3061 quern·

188 3081 387 3148 admodum
423 3081 569 3166 aliquis
606 3079 736 3146 dicere
773 3083 902 3168 possit
940 3081 1146 3147 secundum
1184 3088 1339 3147 contra-

189 3190 289 3256 riam
320 3190 370 3274 ei,
397 3187 496 3274 quod
529 3188 674 3255 rationi
703 3194 998 3256 consentaneum
1027 3193 1099 3273 est,
1130 3188 1338 3274 signitica-

188 3297 345 3380 tionem,
369 3296 433 3360 sed
460 3299 622 3381 propter
649 3297 818 3362 rationis
842 3293 1150 3363 aversationem?
1196 3295 1337 3360 Eviden-

188 3405 238 3465 ter
270 3401 324 3467 hic
355 3401 558 3488 Chrysippus
589 3402 668 3468 duas
701 3405 956 3490 significationes
989 3403 1086 3468 huius
1120 3402 1223 3486 vocis,
1256 3424 1337 3487 quac

190 3507 274 3592 apud
303 3507 443 3574 Graecos
477 3531 510 3572 re
544 3531 620 3573 vera
651 3509 685 3574 iu
717 3532 777 3574 usn
798 3515 900 3594 sunt,
931 3511 1085 3594 ostendit,
1122 3531 1233 3593 unam,
1264 3531 1338 3574 cum

190 3613 233 3696 ei,
256 3614 341 3698 quod
364 3615 483 3681 rationi
508 3619 759 3682 consentancum
784 3621 849 3702 est,
874 3619 1065 3703 opponitur,
1089 3617 1241 3699 alteram,
1265 3638 1337 3681 cum

189 3721 325 3785 rationis
356 3743 470 3806 expers
499 3722 708 3808 intellegitur.
753 3722 838 3788 Illud
862 3725 977 3809 igitur,
1005 3723 1090 3810 quod
1120 3723 1238 3789 rationi
1263 3745 1338 3789 con·

189 3829 342 3893 sentaneo
366 3830 566 3894 contrarium
590 3833 648 3912 est,
673 3852 762 3896 error
784 3835 834 3896 est
857 3834 890 3895 et
913 3831 1068 3897 iudicium
1093 3852 1243 3916 pravum3
1266 3830 1339 3914 hoo,

189 3934 274 4019 quod
303 3936 372 4000 sine
401 3934 525 4001 ratione
554 3934 621 3999 ulla
649 3937 698 4020 fit,
731 3939 781 4002 est
809 3938 967 4023 appetitio
997 3962 1069 4004 omn
1093 3938 1338 4023 perturbatione

189 4044 222 4105 et
245 4041 430 4108 commotio.
468 4039 502 4106 Si
527 4063 602 4107 vero
626 4042 736 4127 plures
760 4050 869 4111 essent
892 4045 1025 4110 huiusce
1049 4044 1191 4109 nominis
1216 4043 1338 4129 signiti-

189 4149 348 4233 cationes,
375 4149 414 4214 de
442 4149 508 4213 illis
537 4171 663 4234 quoque
691 4149 797 4216 dicere
824 4173 890 4218 non
919 4155 1072 4236 gravatus
1101 4155 1188 4216 esset
1210 4151 1339 4216 demon-

189 4259 295 4320 strans
327 4255 428 4320 animi
461 4255 739 4340 perturbationem
769 4258 859 4324 nulla
889 4281 927 4321 ex
959 4257 1001 4322 iis
1036 4279 1106 4322 esse
1140 4259 1339 4344 appellatam

189 4363 420 4448 irrationalem,
445 4363 500 4426 sed
524 4361 582 4428 illa
605 4367 745 4447 tantum,
768 4385 832 4449 qua
855 4365 926 4450 ipse
948 4364 991 4448 iu,
1015 4366 1101 4450 quod
1124 4387 1162 4430 ex
1186 4387 1336 4451 aspenra·

189 4469 277 4536 tione
301 4469 439 4535 rationis
463 4469 617 4553 efficitur,
646 4469 792 4554 intellegi
820 4473 899 4536 vult.
945 4471 1031 4537 Nam
1055 4496 1128 4538 curn
1157 4474 1229 4558 quis
1253 4474 1338 4538 male
