3300 5146
628 391 782 463 -2'59
829 435 871 444 —

216 549 252 620 ’ὁ
277 551 389 640 θυμὸς
411 548 516 620 αὐτὸν
538 557 607 622 τῶν
630 537 766 640 φρενῶν
789 550 877 642 ἐξῆρ’
902 551 995 622 dvm?

170 659 226 728 καλ
249 657 351 728 πάλιν

216 767 344 852 ’πηδῶν
367 761 398 832 δ’
425 762 443 833 ὁ
466 765 577 853 θυμὸς
600 769 746 836 ἔνδοθεν
768 766 1011 858 μαυνεύεται.’1

170 873 225 940 καὶ
252 877 355 960 μυρία
383 871 477 961 ἕτερα
504 877 641 942 τοιαῦτα
668 872 757 961 παρὰ
785 871 867 942 ὅλον
893 873 931 942 τὸ
958 873 1093 963 γράμμα
1120 875 1390 950 maamad-aar

172 985 268 1060 ζοντα
291 977 329 1048 τὸ
353 977 573 1066 θυμούμενον
596 977 757 1068 ὑπάρχειν
781 981 818 1049 ἐν
840 985 880 1071 τῇ
898 985 1031 1072 καρδίᾳ,
1055 983 1134 1050 δέον
1155 980 1195 1070 μδ
1219 987 1346 1052 τούτου

170 1085 354 1170 δεικνύειν,
382 1082 465 1154 ἀλλὰ
493 1085 531 1154 τὸ
559 1087 775 1176 λογιζόμενον
801 1083 823 1175 ἢ
851 1085 893 1174 νὴ
922 1094 1004 1176 Δία,
1037 1097 1127 1176 εἴπερ
1153 1085 1319 1171 ἀδύνατος

170 1183 213 1278 ἦν
244 1190 402 1281 ἄντικρυς
433 1193 660 1262 ἐπιδεικνύναι
691 1198 807 1279 τοῦτο,
840 1198 1065 1283 πειρασθῆναι
1096 1199 1182 1282 γοῦν
1214 1199 1318 1279 δεῖξαι

170 1295 251 1367 καθ’
278 1303 316 1368 ἓν
338 1303 436 1370 τοῦτο
459 1300 497 1369 τὸ
520 1300 642 1389 μόριον
665 1299 752 1370 εἶναι
775 1301 813 1370 τό
835 1329 870 1370 τε
892 1301 1112 1391 θυμούμενον
1133 1306 1172 1388 τί
1175 1329 1191 1383 ς
1213 1308 1320 1393 ψυχῆς

170 1406 225 1474 καὶ
260 1405 298 1474 τὸ
331 1406 555 1494 λογιζόμενον.
611 1405 629 1477 δ
664 1409 705 1476 δι’
734 1435 770 1496 γε
802 1409 895 1478 τουτὶ
924 1409 987 1497 μὲν
1019 1406 1099 1479 odat
1130 1412 1318 1500 ἐπεχείρησε

170 1513 289 1600 πρᾶξαι
313 1512 395 1582 κατὰ
424 1509 526 1583 οὐδὲν
553 1516 652 1604 μέρος
674 1520 736 1584 τού
762 1521 911 1604 βιβλίου,
938 1521 1055 1605 χρῆται
1084 1517 1121 1585 δὲ
1148 1515 1237 1611 αὐτῷ
1262 1519 1318 1588 διὰ
1333 1541 1359 1580 1⁰

169 1617 293 1699 παντὸς
325 1621 357 1701 ἐξ
390 1621 525 1709 ἑτοίμου
552 1620 742 1710 λαμβάνον.
792 1619 897 1703 εὐθὺς
928 1628 1013 1711 γοῦν
1042 1626 1080 1693 ἐν
1105 1639 1176 1705 τοῖς
1203 1627 1319 1715 ἐφεξῆς

171 1725 257 1796 οὕτω
281 1726 415 1815 γράφει·
439 1729 509 1816 *τῆς
531 1729 593 1816 μὲν
612 1721 675 1798 οὖν
694 1727 796 1818 ὀργῆς
812 1733 992 1820 γενομένης
1010 1733 1158 1800 ἐνταῦθα
1177 1730 1319 1820 εὔλογον

171 1834 235 1902 ’καὶ
259 1833 317 1914 τὰς
339 1835 457 1916 λοιπὰς
480 1838 659 1925 ἐπιθυμίας
682 1839 831 1905 ἐνταῦθα
854 1835 940 1907 εἶναι
963 1839 1019 1907 καὶ
1042 1837 1084 1927 νὴ
1108 1846 1177 1908 Δία
1200 1839 1318 1910 καὶτὰ

170 1938 279 2009 ’λοιπὰ
311 1940 405 2029 πύθη
438 1943 493 2011 καὶ
525 1943 604 2024 τοὺς
635 1943 874 2032 διαλογισμοὺς
904 1944 960 2013 καὶ
997 1942 1060 2017 ὅσα
1091 1946 1223 2028 τούτοις
1249 1949 1318 2018 ἐστὶ

170 2047 414 2137 παραπλήσια]
469 2047 571 2119 οὐδὲν
603 2049 668 2140 γὰρ
698 2048 899 2138 ἀναγκαῖον,
931 2055 1017 2120 ἔνθα
1048 2051 1088 2120 τὰ
1120 2053 1230 2150 πύθη,
1262 2055 1316 2124 καὶ
1332 2073 1357 2113 1⁵

169 2153 248 2233 τοὺς
275 2156 514 2245 διαλογισμοὺς
545 2159 694 2227 ἐνταῦθα
724 2156 902 2247 ὑπάρχειν,
934 2155 989 2244 ὥς,
1022 2169 1055 2228 εἰ
1083 2187 1120 2247 με
1151 2165 1251 2230 τούτο
1282 2164 1318 2230 ἐκ

174 2283 282 2292 n—-—.—-.

175 2400 187 2422 ν
207 2342 219 2388 l
240 2329 335 2417 αὐτῶν
349 2337 419 2418 L·M;
439 2337 474 2390 cf.
488 2336 573 2392 Proll.
614 2343 699 2392 .125.
720 2368 752 2377 —
779 2333 879 2406 ἐξῆρεν
897 2333 957 2392 ἅνω
972 2339 1059 2394 ΜΑΒ
1079 2333 1179 2412 ἐξῆρεν
1198 2336 1226 2396 ἆ.
1245 2340 1318 2396 chK

168 2424 228 2460 ανω
243 2425 272 2460 ιο
287 2407 308 2460 L
323 2407 518 2473 obliteratum
533 2409 568 2466 ci.
608 2409 734 2464 reenhill.
750 2409 779 2464 in
793 2409 913 2464 Hensch.
928 2410 989 2466 Jan.
1004 2411 1024 2478 Ι,
1040 2417 1100 2466 621.
1128 2411 1267 2468 Matthiae
1281 2413 1317 2468 ad

168 2477 263 2548 Eurip.
279 2477 326 2546 IX,
341 2485 410 2534 466:
423 2474 501 2548 ἐξῆρ’
517 2473 586 2534 ἄνω.
602 2511 635 2520 -
650 2487 666 2534 3
680 2480 715 2536 cf.
728 2479 837 2534 Nauck.
852 2480 946 2552 Frgm.
961 2481 1048 2608 'P‘rssg0
1060 2482 1156 2540 Graec.
1171 2502 1198 2554 p.
1209 2489 1271 2540 617.
1282 2516 1316 2526 -

169 2553 183 2601 1
203 2549 274 2618 γοῦν
293 2545 471 2620 ἐπιχειρῆσαι
493 2552 586 2618 δεῖξαι
604 2551 685 2608 οοδδ.
709 2552 771 2607 cdd.
790 2547 967 2622 ἐπιχειρῆσαι
1049 2553 1152 2619 simum
1177 2555 1211 2610 cf.
1231 2554 1316 2611 Pron.

168 2637 196 2690 p.
214 2627 272 2676 128.
287 2651 321 2660 -
338 2629 371 2677 10
385 2619 417 2677 dd
432 2617 542 2677 αύτῶΙι
558 2617 635 2692 αύτῷ
650 2639 705 2678 om.
718 2621 890 2678 MABchK.
906 2655 938 2663 —
956 2631 988 2678 12
999 2616 1052 2679 ούυ
1066 2628 1132 2680 ante
1146 2620 1232 2696 ὀργῆς
1245 2627 1316 2683 inac-
1435 2685 1441 2698 ,

168 2691 275 2747 ruimus
289 2691 353 2748 coll.
367 2711 394 2763 p.
410 2699 459 2748 eal
475 2710 500 2749 a.
516 2694 588 2749 med.
598 2693 632 2750 K.
648 2725 681 2734 ——
698 2701 730 2749 13
746 2690 885 2750 ἐντεῦθεν
899 2695 929 2749 L.
945 2727 977 2735 -
993 2691 1028 2765 νὴ
1043 2698 1092 2752 δία
1106 2695 1315 2756 nathaniam.

168 2761 301 2818 MABch
307 2763 340 2819 K.
356 2795 388 2804 -
406 2770 438 2819 1⁶
452 2758 520 2820 ὅσον
534 2767 564 2821 et
575 2760 771 2836 παραπλήσιον
786 2765 864 2822 codd.
880 2766 942 2820 cdd.
956 2760 1011 2822 ὅσα
1024 2769 1054 2822 ct
1067 2763 1251 2838 παραπλήσια
1265 2787 1316 2826 nos

169 2834 231 2890 coll.
240 2835 258 2890 l.
268 2834 287 2891 l.
298 2865 332 2876 -—
344 2841 376 2891 16
386 2838 451 2906 post
459 2831 659 2908 διαλογισμούς
668 2838 755 2892 verba
763 2837 813 2892 καλ
824 2869 854 2878 -
866 2833 1064 2908 παραπλήσιον
1073 2839 1103 2894 in
1113 2839 1135 2894 Ιι
1146 2840 1275 2912 repetita.
1283 2873 1316 2882 -

169 3039 207 3082 ac
230 3039 341 3082 rursus
389 3016 495 3084 ‘Hunc
518 3018 568 3084 ira
591 3019 760 3084 turbatum
783 3019 901 3084 extulit
921 3020 1142 3104 praecordiis?

311 3129 344 3189 et
389 3123 493 3190 ‘Intus
517 3125 598 3190 mihi
622 3125 720 3190 ardor
743 3130 922 3212 auguratur
945 3125 1133 3212 palpitans!

169 3237 201 3297 et
224 3235 375 3297 sexcenta
398 3231 431 3296 id
454 3253 556 3318 genus
579 3232 646 3299 alia
668 3253 725 3317 per
748 3236 854 3298 totum
877 3234 1011 3318 librum,
1034 3235 1153 3320 quibus
1177 3235 1317 3300 efficitur

168 3338 368 3404 iracundiam
391 3339 426 3405 in
454 3339 549 3404 corde
573 3361 658 3424 esse,
688 3361 760 3404 cum
783 3362 850 3405 non
872 3338 970 3423 hane,
998 3341 1053 3405 sed
1081 3341 1241 3418 rationem
1259 3341 1316 3407 =ibi

169 3468 238 3512 csse
257 3447 479 3512 demonstrare
498 3447 631 3512 deberes
650 3446 703 3512 vel
722 3450 819 3530 certe,
843 3447 871 3511 si
889 3447 979 3512 nullo
1003 3448 1100 3514 modo
1124 3447 1157 3513 id
1175 3453 1316 3533 poteras,

168 3555 279 3619 conari
302 3554 418 3618 saltem
446 3553 559 3618 docere
587 3555 621 3618 in
644 3575 714 3618 -una
742 3553 917 3637 cademque
943 3557 1036 3638 parte
1059 3554 1260 3620 iracundiam
1284 3561 1316 3620 et

167 3661 326 3726 rationem
355 3683 434 3726 csse.
480 3660 526 3725 At
552 3661 585 3726 id
612 3660 720 3726 facere
747 3661 810 3725 iste
838 3682 878 3724 nc
906 3680 1080 3745 aggressus
1109 3661 1238 3746 quidam
1267 3665 1317 3727 cst

166 3767 201 3834 in
223 3767 290 3832 ullo
313 3767 390 3833 libri
412 3766 498 3852 loco,
526 3767 582 3832 sed
604 3788 662 3852 per
689 3769 797 3833 totum
824 3769 991 3850 tamquam
1019 3787 1208 3832 concessum
1235 3767 1317 3833 illud

167 3873 277 3940 sumit.
327 3873 447 3940 Statim
480 3873 566 3938 enim
599 3875 633 3938 in
661 3873 716 3957 iis,
750 3895 832 3959 quae
865 3877 1057 3957 sequuntur,
1084 3873 1164 3938 haec
1188 3875 1316 3942 scribit:

168 3974 275 4046 ‘Oum
294 3981 418 4066 igitur
435 3980 506 4045 hoc
529 3980 614 4045 luco
637 3981 697 4045 ira
715 3983 915 4064 nascatur,
939 3983 1239 4046 consentaneum
1258 3985 1316 4047 est

167 4088 285 4152 etiam
308 4087 482 4171 reliquas
503 4087 744 4172 cupiditates
769 4089 929 4152 atcerte
952 4087 1126 4171 reliquos
1147 4087 1315 4153 affectus

167 4197 204 4258 et
230 4193 508 4260 meditationes
537 4199 588 4280 et,
616 4217 713 4280 quae
741 4197 830 4260 sunt
858 4195 1013 4280 generis
1042 4193 1226 4278 eiusdem,
1260 4194 1316 4260 ibi

167 4299 376 4367 collocari’
422 4301 467 4366 At
491 4302 577 4368 enim
600 4303 636 4366 in
659 4303 770 4367 eadem
794 4300 868 4366 sede
891 4323 961 4367 esse
984 4301 1227 4385 meditationes,
1250 4324 1314 4386 qua

167 4409 316 4494 affectus,
347 4408 439 4474 nulla
467 4413 517 4474 est
548 4409 739 4494 necessitas3
772 4409 857 4493 quod
886 4410 915 4474 si
941 4409 1027 4493 quis,
1059 4406 1153 4492 quasi
1177 4410 1318 4494 constet,

1050 4511 1104 4566 1⁷*
