3444 5140
606 407 849 472 -673-

156 570 294 636 ἕκαστον
317 579 482 652 στοιχεῖον
505 562 595 632 εἷναί
614 583 696 651 φησι
719 567 781 632 τοῦ
804 561 923 649 πυρός,
946 558 991 641 ῶς
1018 566 1049 629 εί
1070 561 1123 629 καί
1148 564 1208 630 τοῦ
1230 565 1298 630 τῶν

111 711 120 718 ·
152 679 267 763 πυρῶν
291 675 404 759 σωροῦ
424 685 588 758 στοιχεῖον
603 676 714 756 ἔλεγεν
733 667 823 738 εἶναί
842 696 891 748 τις
914 669 1054 738 ἕκαστον
1076 673 1145 738 τῶν
1167 673 1296 757 πυρῶν·

153 782 234 850 κατὰ
259 781 295 849 δὲ
318 779 379 848 τὸν
402 777 506 848 αὐτὸν
529 777 708 864 λόγονκαὶ
731 775 771 844 τά
790 779 847 864 τῆς
870 779 985 864 φωνῆς
1007 791 1150 865 στοιχεῖα
1173 782 1298 864 γεννῶν

152 891 283 974 πρῶτον
311 887 373 974 μὲν
395 884 454 966 τάς
482 884 663 972 συλλαβάς,
692 881 760 951 εἶτα
788 885 821 964 ἐξ
849 879 960 950 αὐτῶν
987 887 1171 970 γεννᾶσθαι
1199 882 1236 951 τό
1264 910 1298 951 τε

153 993 259 1082 ὄνομα
289 993 344 1061 καὶ
367 992 403 1061 τὸ
432 994 521 1080 ῥῆμα
544 993 598 1059 καὶ
621 991 684 1078 τὴν
706 989 872 1077 πρόθεσιν
890 987 1022 1078 ἄρθρον
1045 990 1156 1058 τεκαὶ
1180 988 1325 1058 corte-⁵

152 1121 254 1187 σμον,
287 1096 308 1166 ἃ
334 1099 437 1168 πάλιν
464 1096 481 1167 ὁ
510 1097 704 1187 Χρύσιππος
734 1094 886 1184 ὀνομάζει
917 1101 979 1165 τοῦ
1010 1096 1115 1185 λόγον
1146 1111 1298 1184 στοιχεῖα.

151 1208 245 1276 ταυτὶ
266 1209 272 1294 Ι
291 1206 353 1294 μὲν
377 1199 440 1275 οὖν
463 1225 532 1292 σοι,
559 1211 666 1273 καίτοι
690 1230 726 1291 γε
750 1201 812 1272 οὐκ
835 1201 938 1290 οὔσης
960 1199 1120 1291 άνάγκης,
1144 1207 1300 1291 διῆλθον,
1309 1221 1364 1278 erl

152 1311 243 1394 ὅπως
269 1313 315 1402 μή
342 1341 392 1394 τις
419 1311 581 1401 ἐριστικός
607 1310 766 1400 ἐπηρεάζῃ
794 1338 860 1398 μου
887 1315 932 1403 τῷ
963 1309 1051 1401 λόγῳ
1079 1313 1299 1399 διαφέρεσθαι

151 1420 295 1506 φάσκων
318 1421 354 1488 ἐν
376 1423 421 1512 τῷ
445 1421 518 1508 περὶ
541 1423 609 1487 τῶν
632 1424 804 1506 στοιχείων
829 1416 968 1506 δόγματι
990 1418 1051 1486 τὸν
1065 1416 1232 1486 Πλάτωνα
1254 1421 1299 1509 τῷ

147 1525 368 1615 Ἱπποκράτει.
403 1524 465 1613 την
489 1523 595 1614 ἀρχὴν
618 1522 764 1612 μὲνγὰρ
789 1521 868 1592 οὐδὲ
891 1521 1067 1612 ὠνόμασεν
1085 1521 1302 1612 Ἱπποκράτης
1317 1547 1341 1586 ιο

153 1648 303 1722 στοιχεῖα
330 1631 392 1720 τὴν
419 1637 483 1720 γῆν
511 1633 565 1699 καὶ
598 1631 634 1700 τὸ
663 1631 756 1720 ὕδωρ
788 1631 843 1699 καὶ
870 1629 931 1699 τὸν
958 1628 1039 1719 άίρα
1071 1631 1126 1698 καὶ
1158 1630 1195 1700 τὸ
1223 1635 1301 1719 πῦρ,

153 1739 239 1810 ἀλλὰ
265 1742 299 1822 ἐξ
322 1735 433 1808 αὐτῶν
450 1737 536 1827 ἡμᾶς
559 1744 623 1826 ἔφη
646 1737 847 1806 συνεστάναι
870 1740 983 1826 μηκίτι
1008 1741 1124 1825 ζητῶν,
1147 1737 1204 1806 διὰ
1227 1744 1302 1806 τίνα

151 1853 267 1916 αἰτίαν
291 1848 430 1914 ἕκαστον
449 1843 560 1914 αὐτῶν
579 1851 643 1932 ἔχει
663 1843 810 1932 δύναμιν
829 1848 931 1931 ἰδίαν,
950 1842 994 1932 ἣν
1008 1847 1155 1933 ἐναργῶς
1173 1843 1304 1934 ὁρῶμεν

152 1955 191 2021 ἐν
210 1949 328 2031 αὐτοῖς
350 1949 579 2039 ὑπάρχουσαν·
612 1949 630 2020 ὁ
650 1950 796 2020 Πλάτων
810 1952 847 2018 δὲ
866 1953 921 2019 καὶ
944 1955 1042 2020 τοῦτο
1067 1951 1198 2039 ἐζήτησε
1221 1951 1304 2040 πρὸς

150 2063 197 2151 τῷ
219 2072 407 2148 συγχωρεῖν
427 2059 462 2125 ἐκ
480 2061 548 2126 τῶν
561 2057 726 2145 τεττάρων
740 2055 869 2126 ἅπαντα
883 2057 923 2126 τὰ
937 2057 1080 2145 γεννητά
1098 2058 1153 2125 καὶ
1167 2057 1304 2145 φθαρτά
1318 2077 1344 2117 1⁵

150 2165 293 2254 σῶματιι
317 2166 572 2252 συμπεπηγέναι.

245 2272 316 2340 Καὶ
335 2270 402 2359 μὴν
420 2271 475 2339 καὶ
493 2268 554 2339 τὸν
571 2269 707 2360 τρόπον,
727 2267 769 2340 όν
787 2273 907 2340 ἐκτῶν
926 2277 1097 2360 στοιχείων
1114 2271 1155 2339 τά
1173 2268 1301 2360 σώμαθ’

190 2517 206 2563 2
228 2503 309 2574 ἔλεγέ
329 2524 371 2567 τις
385 2499 460 2559 εἷναι
474 2503 531 2560 FP.
552 2535 584 2544 -
604 2504 661 2559 τῶν
679 2505 777 2574 πυρῶν
791 2521 798 2533 ·
813 2505 861 2559 καὶ
879 2501 936 2575 μὴν
954 2504 1003 2560 καί
1020 2502 1071 2560 τὸν
1085 2501 1189 2575 τρόπον
1203 2525 1228 2561 ιι.
1243 2525 1266 2562 τ.
1281 2509 1303 2559 2.

152 2581 190 2647 (v.
213 2583 260 2647 17)
287 2575 345 2630 FP.
373 2607 406 2615 -
437 2581 453 2629 3
481 2571 515 2628 τά
565 2572 596 2628 ὲν
623 2575 673 2644 τῆς
700 2577 778 2631 codd.
805 2575 868 2632 edd.
892 2576 944 2646 μὲν
969 2576 1135 2643 delevimus;
1163 2576 1197 2631 cf.
1221 2577 1304 2631 Proll.

150 2670 183 2777 μό
198 2656 315 2776 lpib':
335 2653 352 2701 4
370 2640 482 2714 πράτοις
500 2663 532 2700 co
552 2646 578 2700 d.
594 2647 655 2702 edd.
675 2647 785 2716 πρῶτον
804 2663 863 2703 nos.
882 2679 915 2687 -
937 2654 968 2702 13
989 2645 1064 2718 ἔχειν
1078 2647 1115 2704 Μ.
1132 2679 1164 2687 -
1185 2655 1218 2702 14
1236 2644 1307 2717 πρὸς

151 2921 245 3008 ignis
266 2919 463 2984 elementum
482 2938 551 2981 esse
572 2916 627 3000 ait,
645 2917 739 3002 quasi
757 2938 861 3003 grana
879 2918 1008 3004 singrrla
1026 2918 1129 2984 tritici
1148 2920 1308 2986 elementa

152 3028 269 3095 acervi
298 3024 419 3090 triticei
443 3046 512 3088 esse
541 3013 644 3107 dicas,
676 3023 749 3109 pari
771 3024 850 3089 item
877 3025 1003 3092 ratione
1032 3025 1120 3091 vocis
1149 3026 1308 3091 elementa

152 3136 307 3222 syllabas
330 3131 473 3216 primum
491 3131 634 3216 gignere,
656 3131 770 3196 deinde
790 3153 828 3194 ex
846 3131 886 3196 iis
905 3132 996 3196 nasei
1014 3153 1143 3216 nomeu,
1165 3133 1308 3216 verbum,

152 3238 451 3329 praepositionem,
475 3237 657 3322 articulum,
676 3237 944 3322 coniunctionem,
966 3259 1048 3322 quae
1070 3261 1181 3304 rursus
1205 3237 1308 3323 Chry·

154 3351 279 3434 sippus
303 3343 462 3409 erationis
487 3344 647 3408 elemento
669 3343 823 3428 appellat.
858 3343 948 3408 Haec
972 3343 1101 3430 quidem
1124 3367 1197 3410 cum
1219 3345 1310 3410 nulle

157 3458 252 3522 esset
271 3451 458 3533 necessitas,
479 3453 590 3514 tamen
609 3449 756 3533 disserui,
777 3451 909 3536 nequis
932 3450 1031 3515 homo
1049 3450 1215 3535 litigiosus
1239 3473 1309 3516 ora·

152 3561 245 3628 tioni
271 3579 362 3623 meae
385 3555 521 3620 insultet
544 3556 579 3620 in
601 3557 763 3620 sententia
790 3556 829 3619 de
852 3557 1020 3620 elementis
1044 3555 1214 3621 dissentire
1237 3557 1309 3623 Pla·

154 3673 278 3734 tonem
298 3663 339 3728 ab
358 3661 560 3746 Hippocrate
579 3663 755 3728 affirmans.
786 3663 833 3728 At
852 3663 938 3728 enim
957 3663 1088 3728 omnino
1107 3684 1147 3727 ne
1168 3664 1310 3747 appella-

154 3775 206 3840 vit
239 3769 380 3855 'quidem
418 3767 577 3834 elementa
608 3768 826 3853 Hippocrates
859 3773 995 3852 terram,
1032 3791 1162 3854 aquam,
1195 3775 1311 3854 acrem,
1354 3844 1356 3850 y

152 3883 286 3968 ignem,
309 3875 364 3939 sed
388 3895 426 3938 ex
449 3874 490 3938 iis
512 3897 573 3940 nos
597 3879 745 3940 constare
768 3875 864 3960 dixit,
886 3898 952 3941 non
976 3876 1163 3960 anquirens,
1185 3899 1250 3961 qua
1272 3877 1311 3941 de

153 4007 265 4054 causa
288 3980 456 4065 propriam
479 3981 626 4066 quodque
650 3982 844 4046 elementum
864 3981 939 4066 vim,
962 4004 1059 4066 quam
1082 3982 1188 4046 inesse
1211 3982 1246 4046 in
1269 3983 1311 4047 iis

153 4091 334 4160 evidenter
352 4108 564 4170 cerneremus,
581 4088 730 4172 haberet,
749 4088 843 4153 Plato
859 4091 967 4152 autem
986 4089 1311 4174 praeterquamquod

154 4196 287 4279 omnia,
310 4215 393 4278 quae
416 4193 594 4278 gignuntur
613 4199 646 4259 et
667 4196 841 4278 intereunt,
865 4217 1003 4278 corpora
1021 4217 1060 4260 ex
1082 4194 1134 4260 his
1158 4198 1313 4279 quattuor

154 4308 317 4375 constare
341 4301 510 4384 concessit,
533 4302 632 4366 etiam
655 4301 736 4366 illud
757 4304 980 4386 perscrutatus
1004 4305 1061 4367 est.

256 4408 366 4492 Atque
395 4406 494 4472 etiam
522 4408 667 4492 modum,
696 4429 759 4492 quo
783 4429 920 4491 corporo
946 4411 1059 4473 nestra
1082 4429 1121 4472 ex
1144 4407 1313 4472 elementis

217 4521 304 4572 ualent
319 4521 346 4560 dc
360 4520 421 4560 Pluc.
435 4521 492 4562 Plnc
506 4524 529 4560 et
543 4521 649 4570 Hippocr.
663 4521 724 4562 librl.
1066 4517 1099 4566 43
