3376 5144
619 426 860 491 -775—

162 584 230 652 ‘nul
261 583 392 652 τούτων
421 581 521 652 εἶναι·
553 589 668 670 τρίτον
700 584 736 651 δὲ
765 581 854 664 εἶδος
886 583 1089 673 γραμμάτων
1117 584 1313 674 διεστήσατο

161 690 213 760 ετὰ
247 695 312 760 νῦν
335 689 497 778 λεγόμενα
521 688 641 776 ἄφωνα
678 688 772 778 ἡμῖν·
810 689 847 758 τὸ
886 687 966 777 μετὰ
1004 695 1103 759 τοῦτο
1140 690 1248 782 διῄρει
1272 691 1313 760 τά

160 803 208 866 ετε
233 798 353 886 άφωνα
376 799 430 866 καὶ
455 796 613 885 ἄφθογγα
636 799 751 886 μέχρις
774 796 849 877 ἑνὸς
878 796 1018 866 ἑκάστου
1046 799 1101 866 καὶ
1136 799 1140 887 l
1172 801 1213 866 τὰ
1242 820 1380 886 qun-rso

161 905 297 993 ’νήεντα
320 906 373 973 καὶ
399 903 438 973 τὰ
462 906 546 992 μέσα
568 903 650 972 κατὰ
673 903 735 973 τὸν
758 902 862 972 αὐτὸν
896 903 1037 992 τρόπον,
1071 907 1133 985 ἕως
1162 901 1311 993 άριθμὸν

161 1010 288 1082 ἀὐτῶν
316 1011 429 1098 λαβὼν
458 1012 523 1108 ε’νίΙ
540 1037 575 1078 τε
605 1010 729 1100 ἑκάστῳ
752 1011 806 1078 καὶ
832 1010 975 1099 ξύμπασι
1000 1027 1166 1100 στοιχεῖον
1189 1011 1337 1082 trevi-⁵

160 1123 267 1208 ‘nuce
313 1121 473 1205 καθορῶν
497 1115 544 1204 δ’,
573 1115 618 1196 ὡς
642 1113 753 1196 οὐδεὶς
776 1114 872 1204 ἡμῶν
896 1115 970 1186 οὐδ’
997 1113 1040 1186 ἂν
1063 1121 1101 1188 ἓν
1125 1115 1206 1188 αὐτὸ
1230 1117 1308 1187 καθ’

160 1226 272 1296 (ἑαυτὸ
297 1224 379 1294 ἄνευ
406 1226 541 1294 πάντων
574 1221 686 1292 αὐτῶν
716 1223 838 1311 μάθοι,
870 1228 992 1294 τοῦτον
1023 1223 1085 1294 τὸν
1117 1225 1243 1314 θεσμὸν
1269 1219 1314 1294 αὖ

160 1332 394 1422 “λογισάμευος
430 1330 475 1412 ὡς
504 1330 585 1400 ὄντα
616 1333 676 1400 ἕνα
698 1332 752 1400 καὶ
785 1335 888 1400 ταῦτα
920 1331 1028 1400 πάντα
1065 1334 1103 1400 ἕν
1138 1359 1208 1414 πως
1242 1358 1313 1403 ποι-

161 1445 296 1526 “οὗυτα,
341 1445 423 1527 μίαν
460 1435 509 1506 ἐπ’
549 1435 662 1518 αὐτοῖς
698 1436 744 1519 ὦς
780 1430 889 1507 οὖσαν
926 1437 1157 1528 γραμματικὴν
1193 1441 1314 1530 τέχνην

160 1549 399 1635 ἐπεφθέγξατο
424 1545 635 1633 προσειπών]
680 1549 784 1614 ταῦτα
811 1544 912 1633 μὲν
897 1575 915 1615 ο
940 1547 1084 1615 Πλάτων
1107 1553 1252 1634 ἔγραφεν
1275 1549 1312 1616 ἐν
1327 1575 1352 1614 ιο

163 1654 302 1746 Φιλήβῳ
326 1654 400 1741 περὶ
424 1653 612 1732 συστάσεως
635 1658 772 1740 τεχνῶν,
794 1657 853 1740 τῆς
875 1653 957 1721 κατὰ
979 1655 1132 1741 μέθοδον
1152 1655 1310 1741 δηλονότι

157 1759 222 1848 τὴν
264 1759 418 1846 λογικήν,
460 1757 501 1828 οὐ
541 1764 599 1846 τῆς
641 1762 676 1827 ἐκ
716 1763 774 1847 τῆς
814 1757 1040 1848 πολυχρονίου
1081 1761 1250 1849 τηράσεως
1290 1758 1310 1849 ἢ

157 1873 221 1956 τῆς
244 1869 370 1935 ἐκτῶν
392 1865 475 1934 κατὰ
498 1867 598 1954 μέρος
621 1862 864 1956 ἁθροιζομένης
888 1869 1067 1956 ἐμπειρίας.
1113 1867 1164 1938 ὅτι
1188 1866 1288 1938 δὲ’
1249 1896 1311 1938 ουκ

158 1973 243 2042 ἄνευ
278 1976 339 2042 τοῦ
380 1972 612 2060 γεγυμνάσθαι
656 1974 729 2061 περὶ
771 1977 937 2060 θιαίρεσίυ
979 2001 1014 2042 τε
1051 1976 1106 2044 καὶ
1148 1975 1313 2045 σύνθεσιν

159 2076 236 2150 οἷόν
258 2107 294 2149 τε
316 2083 475 2167 γενέσθαι
497 2079 560 2168 τὴν
583 2080 722 2168 λογικὴν
745 2080 906 2149 σύστασιν
920 2085 988 2149 τῶν
1006 2086 1144 2169 τεχνῶν,
1166 2081 1312 2171 εὔδηλόν
1325 2105 1351 2148 rs

198 2289 210 2334 1
231 2279 333 2332 τοῦτον
324 2231 440 2332 Μ-
408 2272 634 2364 -2λεγόμενα
653 2270 708 2344 άφ’
729 2297 769 2330 ων

157 2383 191 2392 —-
208 2350 431 2419 στοιχεῐνΜ-
399 2343 548 2402 -6ιιαθ’
565 2343 740 2434 ὀρώνΜ.-
739 2267 902 2409 Silenici}
906 2282 1021 2402 MA.-5
1011 2271 1230 2418 σΜΜπῖάέμοφοὲἓ
1242 2279 1308 2416 ἕάάιο

157 2422 208 2476 FP
233 2420 308 2490 (vide
328 2423 488 2545 sussreloe
515 2425 548 2473 12
567 2414 602 2474 οὔ
622 2419 671 2508 rjrc
690 2413 740 2472 τὸν
761 2414 793 2501 ἐν
817 2419 922 2473 lineola
943 2436 1026 2490 super
1049 2441 1063 2474 ι
1065 2419 1112 2506 ἦς
1122 2371 1308 2475 decuti.-

157 2492 438 2628 νωλφέωέἓομλονῐ
449 2485 602 2602 -τ-ηρὴσεως
628 2485 659 2544 εἰι
683 2490 732 2559 τῆς
754 2491 810 2544 τῶν
831 2490 911 2544 codd.
931 2489 993 2545 edd.
1016 2509 1075 2560 τηρ.
1095 2485 1182 2561 ἢτῆς
1201 2487 1233 2546 ἔνι
1251 2509 1309 2548 nos.

157 2749 313 2814 quoque
349 2747 546 2792 numerum
585 2726 774 2809 quendam
813 2747 912 2810 esse,
947 2727 1110 2793 tertium
1147 2728 1311 2813 denique

157 2833 394 2903 distinxisse
432 2833 658 2898 litterarum
690 2853 826 2919 genus,
864 2855 958 2916 quse
995 2856 1096 2900 nunc
1134 2839 1260 2900 mutae
1293 2857 1312 2900 s

156 2943 274 3009 nobis
293 2941 543 3026 appellantur
563 2977 604 2986 -
629 2942 662 3004 is
681 2941 809 3026 igitur
832 2939 919 3005 inde
938 2945 1064 3004 mutes
1085 2945 1122 3006 et
1149 2943 1310 3007 insonas

158 3051 204 3116 ad
234 3071 346 3113 unam
373 3069 493 3133 usque
521 3046 660 3112 divisit
687 3049 725 3109 et
756 3046 912 3111 vocales
946 3049 984 3110 et
1010 3047 1155 3112 medies
1186 3047 1309 3113 simili

157 3156 283 3238 modo,
302 3156 423 3220 donec
442 3159 479 3218 et
503 3153 672 3240 singulis
693 3158 730 3217 et
753 3154 904 3218 cunctis
927 3153 1149 3218 litterarum
1172 3174 1309 3220 nomen

158 3263 362 3345 attribuit,
382 3283 462 3326 cum
482 3283 546 3326 ess
566 3263 672 3326 certo
692 3261 855 3346 quodam
873 3283 1029 3326 nurnero
1048 3259 1308 3326 definivisset

159 3371 231 3438 Sed
251 3391 335 3435 cum
359 3368 611 3453 intellegeret
627 3368 816 3433 neminem
837 3373 1013 3434 nostrum
1031 3391 1076 3434 ne
1094 3389 1205 3435 unam
1224 3367 1308 3452 qui·

157 3481 242 3546 dem
262 3499 328 3562 per
348 3499 386 3541 se
400 3476 527 3560 ipsam
547 3476 628 3541 sine
644 3475 796 3540 cunctis
816 3475 907 3541 aliis
921 3479 1191 3560 percepturum
1210 3498 1307 3553 esse,

157 3587 230 3652 hcc
243 3583 439 3648 vinculum
454 3605 585 3648 rursus
608 3585 794 3668 reputans
812 3605 926 3648 unum
944 3584 1210 3650 tantummodo
1225 3605 1309 3651 esse

159 3695 273 3776 atque
297 3689 367 3754 ills
390 3690 518 3755 omnin
541 3689 818 3774 quodammodo
847 3711 961 3755 unum
980 3689 1159 3775 efficere,
1182 3712 1308 3778 grem-

159 3798 340 3864 msticsm
370 3800 491 3862 artem
520 3801 713 3882 tamquam
746 3819 861 3862 unam
889 3797 938 3862 iis
973 3797 1167 3880 praefecit
1194 3802 1308 3885 atque

158 3905 312 3970 nomine
337 3927 402 3970 suo
432 3903 670 3989 appellavit!
716 3903 806 3969 Haec
830 3904 924 3970 Pluto
952 3904 988 3968 in
1009 3902 1146 3970 Philebo
1173 3905 1213 3970 de
1237 3927 1308 3972 con-

160 4013 332 4078 stitutione
352 4011 470 4075 artium
490 4012 629 4096 scripsit,
652 4033 734 4096 quae
754 4011 931 4076 disserendi
949 4011 1004 4076 vis
1028 4011 1219 4094 secretione,
1242 4034 1308 4077 non

159 4119 312 4184 diuturna
335 4119 560 4184 observatione
588 4120 639 4184 vel
666 4119 787 4204 peritis
810 4142 849 4184 ex
876 4118 1099 4204 singularibus
1122 4118 1218 4184 rebus
1243 4119 1306 4183 col-

159 4225 245 4290 lecta
268 4225 444 4290 conficitur.
490 4224 583 4289 Hunc
606 4229 716 4290 sutem
739 4225 1005 4291 constitutionem
1028 4245 1094 4289 non
1117 4246 1212 4309 posse
1236 4223 1305 4288 sine

162 4333 391 4397 exercitatione
423 4331 586 4397 dividendi
618 4337 651 4398 et
679 4331 892 4417 componendi
920 4331 990 4396 fieri
1019 4333 1228 4398 menifestum
1256 4337 1307 4396 est

161 4459 198 4504 ex
225 4439 280 4522 iis,
312 4461 392 4522 quse
420 4438 584 4522 hucusque
608 4461 628 4503 α
653 4461 705 4504 me
729 4439 816 4504 dicte
842 4441 927 4504 sunt
974 4437 1081 4524 Atque
1110 4439 1307 4505 etiamnum
