3168 5136
769 397 1013 464 -816-

312 551 451 622 είναι
420 581 457 622 το
478 555 682 642 λογιστικόν,
705 553 787 626 ἀλλο
812 554 898 626 δὲ
866 582 904 624 το
923 555 1112 642 θυμοειδές,
1131 552 1211 624 ἀλλο
1230 551 1313 622 dl
1283 581 1321 622 το
1341 553 1463 622 ἐπιθυ-

310 665 399 749 μοῦν
424 657 685 743 ἀποδεικνύντος
707 659 825 733 αὐτοῦ.
865 654 891 755 ᾧ
914 662 957 749 δὴ
981 663 1036 731 καὶ
1059 659 1216 750 δῆλον,”
1197 686 1276 748 οπερ
1299 657 1374 742 ἐξ’
1355 687 1464 788 ωρχης

311 769 412 855 λέγω,
439 768 670 856 χαλεπώτατον
705 768 792 839 εἶναι
824 774 1008 857 διακρίνειν
1035 765 1093 848 τὰς
1120 765 1322 856 ὁμοιότητας.
1372 765 1463 836 ὅπου

311 873 375 963 γὰρ
399 872 511 944 αὐτων
534 881 601 946 τῶν
625 879 856 946 Πλατωνικῶν
877 876 995 945 πολλοὶ
1019 867 1234 954 ἐναντίως*
1198 900 1248 953 οις
1270 871 1288 942 ὁ
1312 873 1463 942 Πλάτων

285 979 505 1072 εάπεφήνατο
530 982 703 1069 ἐδόξασαν,
727 988 797 1064 πῶς
820 981 863 1052 ἀν
886 1011 935 1063 τις
958 981 1011 1051 ἐπὶ
1033 997 1103 1063 τοῖς
1125 979 1237 1061 ἀλλοις
1258 979 1464 1069 φιλοσόφοις

310 1090 517 1180 θαυμάσειεν
537 1088 700 1178 ἀγνοοῦσι
721 1077 907 1179 διακρίνειν
929 1089 966 1159 τὸ
986 1088 1135 1158 πιθανὸν
1153 1090 1225 1177 μίν,
1248 1085 1309 1156 οὐκ
1331 1085 1464 1176 ἀληθὲς

314 1195 352 1266 δὲ
380 1201 442 1266 τοῦ
473 1203 615 1284 βεβαίως
647 1194 811 1286 ἀληθοῦς;
843 1195 924 1284 ὅπερ
958 1193 1019 1264 οὐκ
1049 1192 1092 1263 ἀν
1124 1197 1267 1282 ἐγένετο,
1298 1191 1461 1284 οὐδεμιᾶς

317 1300 512 1391 ὁμοιότητος
539 1303 640 1391 οὔσης
666 1319 736 1385 τοῖς
768 1305 905 1386 ψευδέσι
932 1303 987 1372 καὶ
1019 1311 1177 1383 πιθανοῖς
1202 1301 1285 1390 πρὸς
1309 1302 1348 1370 τὰ
1375 1303 1463 1390 μετὰ

319 1410 496 1498 ἐπιστήμης
523 1409 731 1498 δεικνύμενα.
784 1411 908 1500 μάθοις
937 1411 974 1478 δὲ
1005 1405 1048 1477 ἂν
1077 1411 1223 1497 ἐναργῶς
1249 1407 1328 1478 αὐτὸ
1354 1413 1461 1478 τοῦτο

280 1538 305 1578 1⁰
319 1514 381 1585 κάκ
403 1521 465 1587 τοῦ
486 1517 642 1606 τετάρτου
664 1522 723 1607 τῆς
741 1525 924 1599 Πολιτείας.
961 1514 1118 1604 ἀξιώματι
1141 1517 1204 1604 γὰρ
1227 1521 1273 1597 είς
1294 1515 1354 1603 τὴν
1377 1513 1462 1585 ἀπό-

320 1627 425 1708 δειξιν
446 1626 578 1712 μέλλων
600 1628 746 1713 χρῆσθαι
769 1629 830 1695 τοῦ
857 1631 959 1694 πλείω
982 1622 1022 1693 τὰ
1045 1625 1103 1711 τῆς
1129 1627 1234 1712 ψυχῆς
1257 1620 1348 1710 ἡμῶν
1371 1621 1462 1690 εἶναι

318 1731 419 1819 μόρια
436 1733 610 1820 προσέχειν
624 1729 768 1820 ἀκριβῶς
786 1728 874 1824 αὐτῷ
889 1729 1143 1819 παρακελεύεται
1162 1729 1335 1818 γινώσκων
1347 1731 1466 1810 ἐνίους

250 1855 306 1912 lto
318 1834 539 1926 ἀντεροῦντας
562 1836 607 1918 ὡς
630 1836 691 1908 οὐκ
710 1837 832 1928 ἀληθεῖ
848 1837 904 1907 διδι
927 1837 964 1908 τὸ
984 1837 1029 1926 μὴ
1050 1845 1055 1921 Ι
1075 1836 1243 1906 δύνασθαι
1266 1834 1465 1922 ἀποκρίνειν

311 1941 378 2015 ἀπὸ
401 1949 469 2014 τῶν
492 1941 667 2034 ἀληθινῶν
690 1945 730 2015 τά
749 1944 879 2016 πιθανίι
901 1946 974 2034 μέν,
998 1941 1060 2015 οὐκ
1083 1941 1192 2032 ἀληθῆ
1217 1943 1253 2012 δὲ
1276 1949 1399 2032 πολλῆς
1422 1947 1464 2012 ἐν

280 2074 305 2115 1⁵
319 2050 433 2134 αὐτοῖς
463 2051 565 2141 οὔσης
600 2051 804 2143 ὁμοιότητος.
862 2054 1022 2122 ἐντεῦθεν
1055 2051 1120 2141 μάρ
1151 2078 1202 2120 τοι
1232 2051 1286 2120 καί
1320 2050 1358 2120 τὸ
1389 2079 1464 2120 τιν

363 2193 526 2202 --————-

346 2281 522 2372 δχαλετιότα
489 2286 679 2340 τατ.-ονΜ
703 2293 719 2340 δ
738 2279 924 2356 ἀληδῶςτον
943 2284 1079 2342 ΜΔΒΟΙι
1097 2279 1300 2353 ἀληθδςδδτ.
1319 2283 1458 2368 CprnK

310 2352 467 2412 -λονδδ
486 2375 553 2428 ας
570 2356 650 2412 codd
670 2356 783 2412 εδδ-
775 2305 973 2426 ηδμειίιέιιι
942 2351 1248 2480 ιιιστημηςαοωδδω
1217 2361 1352 2410 -τα11
1342 2351 1460 2410 ιλε“ίι

231 2493 237 2504 ¹
310 2427 441 2482 nlsscn
464 2447 514 2482 ο
539 2429 693 2482 π..-λΚ
718 2433 750 2482 13
771 2423 1052 2498 ἀληθὴοοδδ.εδ
1083 2423 1181 2496 Ηληδε
1201 2443 1310 2482 nos-
1333 2419 1460 2492 ἀιιτιιρί

309 2517 370 2554 νειν
354 2499 468 2554 ν.εοδδ
488 2499 551 2555 εδδ.
570 2493 690 2566 ἀποκρίν
674 2518 734 2554 νιεν
754 2516 817 2565 nos;
838 2499 872 2555 oi
892 2500 977 2555 Proll
996 2517 1023 2569 p.
1046 2505 1105 2554 104.
1126 2529 1160 2538 -

309 2697 435 2762 serendi
458 2699 581 2764 versari
610 2696 760 2764 videntur
786 2698 1094 2782 demonstrationes,
1126 2697 1241 2783 quibus
1273 2695 1459 2762 aliudesse

307 2805 521 2889 ratiocinans,
553 2803 640 2871 aliud
666 2805 824 2890 irascens,
852 2805 942 2870 aliud
969 2805 1200 2890 concupiscens
1227 2803 1350 2888 probat
1399 2801 1457 2870 Ex

308 2933 371 2995 quo
395 2915 495 2997 patet,
517 2909 551 2977 id
573 2911 659 2997 qnod
682 2935 703 2977 a
724 2912 886 2997 principio
909 2911 986 2996 diri,
1014 2909 1243 2976 similitudines
1265 2909 1450 2976 discernere
1574 2959 1575 2970 ,

310 3038 379 3082 esse
407 3017 643 3084 difficillimum.
689 3015 771 3084 Cum
795 3019 880 3084 enim
904 3039 944 3084 ex
970 3018 1051 3103 ipsis
1074 3015 1253 3082 Platonicis
1280 3015 1374 3082 multi
1401 3037 1458 3082 ex·

309 3123 466 3207 stiterint,
492 3125 553 3209 .qui
580 3129 695 3192 contra
718 3147 815 3211 quem
837 3122 1117 3209 Platoni'placuit
1139 3123 1360 3208 opinarentur,
1388 3143 1456 3206 qno

309 3229 405 3296 modo
424 3229 604 3315 miraberis,
627 3232 656 3296 si
675 3231 733 3296 alii
750 3231 940 3318 philosophi
959 3231 1003 3316 id,
1020 3231 1107 3315 quod
1125 3229 1294 3315 probabile
1312 3229 1455 3314 quidem,

307 3355 374 3400 non
396 3339 507 3402 tamen
529 3357 642 3404 rerum
664 3340 727 3422 est,
764 3337 806 3404 ab
829 3359 882 3422 eo,
918 3337 1004 3422 quod
1036 3341 1161 3404 certum
1191 3355 1363 3420 rerumque
1394 3339 1456 3416 est,

309 3440 508 3528 distinguere
544 3443 713 3510 nesciunt?
764 3440 855 3519 Quod
896 3444 1044 3530 proiecto
1079 3465 1146 3510 non
1182 3441 1354 3526 evenisset,
1389 3439 1455 3506 nisi
1573 3479 1574 3509 ι

309 3547 420 3632 aliqua
459 3549 495 3614 in
534 3549 627 3617 falsis
667 3549 957 3636 probabilibusque
999 3573 1073 3617 cnm
1113 3549 1169 3634 iis,
1209 3569 1291 3635 quae
1319 3569 1336 3612 a
1365 3551 1455 3612 certa

309 3653 446 3719 scientia
468 3653 745 3742 demonstrantur,
772 3656 952 3724 similitudo
975 3661 1070 3722 esset
1114 3655 1186 3722 Hoc
1213 3655 1299 3720 idem
1323 3653 1449 3738 poteris

310 3758 408 3825 etiam
431 3781 448 3825 e
471 3765 588 3846 quarto
610 3761 822 3848 Reipublicae
848 3763 934 3829 libro
962 3763 1128 3829 evidenter
1154 3781 1356 3848 cognoscere.
1399 3757 1452 3824 Ibi

310 3863 396 3930 enim
418 3869 632 3950 pronuntiato
656 3869 798 3955 quodam
820 3891 938 3935 usurus
967 3868 1008 3936 ad
1030 3865 1317 3936 demonstrandum
1339 3865 1448 3952 plnres

310 3969 411 4036 animi
433 3979 543 4056 partes
567 3997 648 4060 esse,
671 3976 814 4042 animum
838 3975 880 4042 ed
902 3975 983 4042 illud
1010 3975 1183 4063 diligenter
1209 3977 1246 4040 ut
1273 3973 1452 4056 advertant,

309 4079 433 4160 monet,
463 4079 582 4166 quippe
615 4104 689 4148 oum
720 4081 791 4149 fore
823 4081 951 4168 sliquos
983 4081 1107 4167 videat,
1142 4083 1199 4169 qui
1235 4101 1346 4146 rernm
1381 4101 1451 4144 essa

308 4185 442 4266 negent,
474 4205 512 4250 eo
544 4188 630 4271 quod
662 4211 683 4254 a
714 4189 800 4254 veris
823 4209 875 4272 ea,
904 4209 986 4274 quae
1009 4189 1194 4274 probabilis
1225 4187 1354 4274 quidem
1377 4187 1451 4270 siut,

308 4290 505 4354 nontamen
528 4312 619 4378 vera,
646 4296 690 4362 ob
717 4315 872 4382 magnam
894 4295 979 4360 inter
1001 4318 1041 4361 ea
1064 4295 1311 4362 similitudinem
1333 4291 1449 4358 uscue
1571 4273 1572 4358 Ῑ

308 4405 384 4452 nere
415 4395 572 4464 nesciant
622 4399 708 4468 Hinc
746 4423 824 4468 sane
860 4401 1064 4469 decretorum
1096 4403 1131 4468 in
1161 4401 1320 4468 medicina
1352 4403 1385 4464 et
1415 4397 1448 4464 in
