3228 5148
572 410 816 474 -109-

110 573 253 638 verbum
277 591 373 656 aegre
396 569 573 656 desideres3
596 592 627 653 p.
642 569 706 634 524
730 593 762 654 p.
781 569 862 634 med.
882 573 958 653 post
981 563 1041 652 όγε
1059 565 1101 653 δή
1125 594 1181 654 μοι
1204 564 1267 653 τὴν

113 675 234 742 εἰκόνα
258 671 336 742 κάπὶ
364 670 404 740 τὰ
433 675 498 764 ζῷα
526 676 645 741 excidit
672 675 843 763 μετένεγιιε
866 677 917 741 vel
940 677 1006 741 tale
1030 675 1120 761 quid,
1147 699 1178 759 p.
1202 677 1264 741 587

111 785 189 848 init.
213 781 424 848 MABchK:
454 778 566 865 ἐπειδὴ
590 786 707 848 τοίνυν
729 784 798 848 τῶν
819 779 961 868 ιιροότων
983 778 1048 868 ἤδη
1072 776 1267 866 ὑπομνημά-

112 915 187 954 των
210 884 273 955 οὐκ
295 885 429 966 ὤκνουν
451 885 538 965 τινὲς
562 887 726 971 ἐπαινεῖν,
749 883 795 966 ὡς
816 883 968 974 ἀληθεῖς,
992 883 1051 966 οὓς
1073 885 1268 973 Χρίσιττιτός

113 1019 150 1062 τε
176 995 232 1062 καὶ
256 992 350 1061 ἄλλοι
364 991 452 1071 τινὲς
464 990 548 1079 ὑπὲρ
562 989 761 1080 ἡγεμονικῆς
779 994 865 1082 (lege
879 990 1096 1080 ἡγεμονικοῦ,
1115 993 1155 1060 cf.
1169 1016 1268 1078 supra

114 1125 148 1186 p.
172 1099 230 1188 32)
263 1101 371 1186 ψυχῆς
402 1095 579 1186 ἠρώτησαν
606 1098 727 1184 λόγους
758 1126 787 1167 ιι.
813 1125 840 1167 τ.
868 1107 911 1180 ί..;
944 1106 979 1166 at
1005 1101 1081 1186 quid
1108 1101 1267 1165 faciamus

115 1209 289 1274 Genetisis
311 1209 380 1273 τῶν
397 1204 539 1292 τρόπον
556 1203 827 1292 ὑιτομνημότωνῬ
849 1209 1009 1293 Equidem
1029 1211 1105 1291 post
1123 1201 1267 1290 ὑπομνη-

115 1310 234 1400 μάτων
257 1315 413 1380 excidisse
437 1313 717 1400 γεγραμμένων
739 1316 894 1398 arbitror,
918 1314 957 1380 cf.
981 1338 1010 1399 p.
1030 1315 1092 1380 591
1115 1318 1191 1378 aute
1213 1315 1267 1378 fiu.

119 1421 158 1486 εἰι
180 1422 308 1486 πολλοῦ
331 1421 569 1508 γεγραμμένων
591 1423 659 1486 τῶν
681 1417 744 1506 πρὸ
769 1418 891 1487 τούτου
913 1423 1063 1504 βιβλίων.
1097 1421 1132 1486 Ρ.
1149 1420 1213 1485 588
1237 1442 1267 1504 p.

117 1529 203 1592 med.
231 1527 372 1612 editores
405 1529 558 1612 orationi,
590 1531 818 1614 praeterquam
845 1529 932 1613 quod
963 1531 1040 1612 post
1068 1521 1268 1612 ἡγεμονικόν

116 1635 257 1700 verbum
280 1629 366 1700 εἶναι
390 1633 546 1700 excidisse
564 1656 631 1698 nou
650 1638 831 1722 senserunt,
854 1639 1066 1719 praepostera
1084 1635 1267 1717 interpunc-

118 1741 210 1806 tione
237 1741 388 1806 tenebras
419 1741 630 1805 obduxerunt.
676 1740 729 1804 Au
751 1741 923 1825 quisquam
945 1763 1003 1825 per
1023 1741 1098 1806 illas
1123 1740 1267 1804 salebras

118 1847 332 1912 eluctabitur:
362 1844 497 1930 ἐδείχθη
521 1841 585 1931 γὰρ
608 1839 664 1910 ἀπ’
685 1831 787 1930 αὐτῆς
808 1848 870 1912 τοῦ
893 1844 1096 1931 ζητουμένου
1117 1843 1267 1932 πράγμα-

118 1977 177 2029 τος
198 1955 258 2037 τῆς
285 1954 408 2028 οἰκείας
434 1949 566 2036 φύσεως
593 1945 613 2036 ἢ
644 1946 760 2028 οὐσίας
786 1945 807 2036 ἢ
836 1947 925 2030 ὅπως
951 1949 994 2019 civ
1016 1979 1066 2030 τις
1093 1948 1268 2037 ὀνομάζειν

120 2058 221 2146 ἐθέλῃ
249 2055 312 2143 τὴν
337 2061 450 2124 πίστιν
477 2061 555 2142 ἕχον
581 2053 795 2142 ἡγεμονικὸν,
828 2052 985 2124 ἁπάντων
1012 2057 1185 2125 νοοόντων
1212 2057 1267 2123 καὶ

120 2163 293 2250 λεγόντοιν,
311 2162 349 2230 τὸ
372 2161 538 2250 κατάρχον
560 2161 749 2250 αἰσθήσεώς
770 2187 805 2228 τε
827 2163 882 2229 καὶ
905 2167 963 2251 τῆς
984 2160 1063 2231 καθ’
1089 2160 1198 2251 ὁρμὴν
1220 2190 1268 2230 κι-

121 2269 271 2357 piceos?
314 2271 385 2338 Nos
412 2273 461 2336 ita
488 2273 595 2337 locum
623 2271 820 2354 effluximus,
850 2275 886 2335 ut
915 2272 982 2337 iam
1010 2273 1098 2338 clara
1125 2273 1169 2336 sit
1197 2294 1266 2337 sen·
1342 2293 1347 2305 ·

121 2380 240 2445 tentia:
264 2378 533 2445 ‘demonstratum
556 2379 642 2443 enim
666 2381 730 2461 est,
753 2399 791 2440 ex
813 2376 886 2460 ipsa
909 2379 970 2462 rei,
995 2379 1033 2443 de
1057 2401 1121 2463 qua
1144 2379 1268 2463 quaeri·

122 2493 190 2570 tur,
214 2487 265 2550 vel
287 2491 405 2552 natura
427 2486 562 2570 propria
586 2486 637 2550 vel
660 2485 844 2549 substantia
869 2483 921 2549 vel
942 2487 1104 2572 utcunque
1127 2485 1268 2551 volueris

123 2593 302 2678 appellare,
324 2592 405 2656 illud
427 2593 523 2656 fidem
541 2592 674 2676 habere,
697 2589 916 2674 principatum
936 2591 1063 2656 animae
1081 2591 1115 2656 id
1132 2613 1202 2656 esse
1220 2589 1267 2678 (id

123 2700 210 2785 quod
232 2721 344 2765 omues
368 2698 563 2784 intellegrmt
585 2703 618 2763 et
641 2695 779 2783 dicunt),
805 2698 889 2762 unde
912 2701 945 2762 et
968 2721 1079 2762 seusus
1103 2702 1137 2762 et
1158 2699 1268 2764 volun-

123 2807 227 2872 tariae
251 2804 406 2872 motionis
429 2805 625 2891 principium
648 2805 837 2869 duceretur?
883 2804 917 2868 P.
941 2805 1005 2869 593
1033 2808 1112 2869 extr.
1135 2809 1212 2889 post
1238 2808 1269 2871 εί

125 2915 161 2978 δὲ
183 2910 239 2976 καί
261 2908 322 2977 τὸν
345 2908 459 2996 θυμὸν
483 2912 680 2976 inseruimus
703 2913 821 2995 ἔχομεν
845 2915 878 2976 et
899 2934 930 2995 p.
955 2912 1017 2977 786
1041 2911 1084 2976 in.
1108 2917 1185 2995 post
1206 2908 1268 2996 τὴν

125 3013 231 3104 αὐτὴν
255 3008 318 3084 οὖν
340 3021 476 3084 ἔννοιαν
499 3017 713 3101 Participium
736 3019 880 3100 ἔχοντες,
903 3041 934 3101 p.
950 3017 1015 3082 628
1039 3041 1069 3100 p.
1092 3019 1174 3082 med.
1193 3023 1269 3102 post

125 3125 162 3192 ἐν
184 3137 254 3202 τοῖς
276 3123 416 3210 πέρασιν
438 3123 653 3208 Participium
675 3117 842 3208 ὑπάρχον,
865 3124 952 3208 quod
975 3123 1016 3187 ad
1039 3125 1197 3189 orationis
1220 3126 1267 3190 iu-

124 3235 312 3318 tegritatem
335 3231 446 3315 utique
468 3229 687 3296 necessarium
705 3234 767 3314 est,
790 3253 821 3314 p.
836 3231 900 3294 652
915 3231 996 3294 med.
1015 3229 1123 3295 locum
1143 3232 1184 3295 ab
1203 3231 1268 3296 edi-

125 3341 252 3406 toribus
272 3360 422 3403 maucum
440 3337 589 3402 relictum
608 3337 656 3400 ita
674 3337 890 3420 restituimus,
913 3339 950 3401 ut
967 3340 1042 3419 post
1054 3335 1128 3420 περὶ
1147 3338 1269 3402 παθόν

125 3446 260 3512 verbum
282 3434 340 3529 ἦν,
363 3447 439 3528 post
461 3445 498 3508 οί
512 3437 568 3508 ἆτ’
591 3441 720 3508 ἐκείνου
738 3444 871 3508 verbum
890 3438 1000 3525 εἶπον,
1023 3447 1098 3527 post
1116 3439 1156 3506 τὰ
1174 3440 1268 3528 πάθη

126 3553 323 3618 Particulam
346 3554 405 3615 καί
428 3547 483 3636 (cf.
507 3573 605 3633 supra
628 3573 658 3634 p.
682 3547 738 3636 34)
762 3550 965 3634 adderemus3
992 3571 1023 3633 p.
1048 3549 1110 3612 799
1135 3572 1162 3613 a.
1186 3551 1268 3615 med.

125 3661 210 3724 inter
233 3653 363 3741 οὐδαμῆ
386 3661 419 3721 et
442 3652 577 3721 ἑστάναι
599 3658 689 3720 ἔστιν
711 3657 905 3720 inseruimus
928 3653 982 3743 (cf.
1006 3678 1104 3739 supra
1126 3679 1157 3739 p.
1180 3655 1246 3744 27).

213 3765 283 3831 Nec
300 3787 377 3830 vero
396 3763 526 3849 singula
545 3764 650 3827 solum
668 3763 840 3846 vocabula,
863 3762 919 3826 sed
937 3761 1033 3844 plura
1050 3762 1150 3826 etiam
1171 3763 1268 3828 simul

127 3873 247 3941 omissa
272 3895 291 3936 a
313 3870 457 3936 librariis
482 3891 552 3934 esse
574 3869 766 3934 invenimus.
802 3869 909 3952 Atque
932 3868 967 3934 in
989 3867 1023 3932 M
1047 3868 1175 3953 quidem
1198 3891 1268 3952 per-

127 3979 231 4044 multa
253 3978 373 4043 idcirco
397 3977 568 4060 excidisse,
591 3976 676 4061 quod
698 3975 852 4039 librarius
876 3976 945 4040 sive
963 3974 1082 4040 codicis
1106 3977 1174 4040 sive
1196 3998 1269 4058 pro·

127 4087 226 4171 positi
244 4085 438 4169 exemplaris
457 4084 570 4150 eodem
584 4081 743 4148 vocabulo
757 4081 810 4146 vel
823 4083 1055 4148 vocabulorum
1074 4081 1162 4145 exitu
1178 4081 1269 4144 brevi

128 4191 298 4258 intervallo
323 4191 479 4256 aGaleno
498 4189 637 4274 repetito
661 4188 814 4271 deceptus
838 4189 879 4253 ad
902 4190 1002 4254 alium
1026 4207 1155 4252 versum
1178 4187 1268 4250 aber-

129 4299 257 4382 raverit,
279 4298 346 4362 iam
368 4297 404 4360 in
421 4296 534 4382 Progr.
547 4295 576 4379 I,
594 4317 625 4378 p.
641 4297 658 4358 7
676 4298 709 4358 et
723 4317 821 4379 supra
834 4318 864 4379 p.
881 4295 922 4358 16
937 4293 1269 4359 commemoravimus.

129 4404 335 4482 Quinetiam
363 4403 495 4487 accidit,
521 4406 559 4467 ut
585 4401 715 4488 integra
740 4401 862 4488 pagiua
888 4399 1050 4486 propositi
1077 4399 1269 4484 exemplaris
