3376 5144
661 399 903 475 -7'59-

208 564 463 653 ἐξηρθρηκότων
486 571 640 652 φαίνεται
663 563 825 652 γινόμενα
848 567 954 654 μηδὲν
972 573 1128 639 τοιοῦτον
1146 567 1356 655 πασχόντων,

208 667 259 752 οἷς
294 668 497 740 ἀπέσπασται
533 671 571 757 τὸ
614 669 799 760 άκρωμιον·
839 673 947 761 μόνον
983 674 1048 764 γὰρ
1087 673 1202 755 αὐτοῖς
1237 674 1358 744 κοινόν

208 780 275 847 ἐστι
297 777 334 848 τὸ
358 780 421 866 τὴν
444 781 594 867 ἐπωμίδα
614 785 800 866 ’φαίνεσθαι
837 787 962 869 κοίλην.
1008 788 1076 851 ἐστι
1114 783 1150 852 dl
1186 783 1242 851 καὶ
1272 780 1356 850 κατά

206 891 304 954 τοῦτο
337 885 374 953 τὸ
407 883 525 954 κοινὸν
558 882 599 955 οὐ
622 885 730 974 μόνον
753 883 925 974 ὁμοιότης,
957 886 1041 957 sold
1068 890 1124 957 καί
1146 886 1355 978 ἀνομοιότης.

207 999 360 1079 φαίνεται
381 990 447 1082 γάρ
470 990 488 1060 ὁ
512 991 612 1072 τόπος
635 987 684 1060 τόν
705 993 948 1081 ταπεινότερος,
971 993 1012 1064 οὐ
1034 994 1103 1084 μὴν
1129 996 1184 1064 καὶ
1208 995 1382 1084 γεγονάςε

206 1098 347 1187 γεκατὰ
371 1097 535 1188 ἀλήθειαν
558 1099 679 1167 ἑαυτοῦ
715 1099 961 1188 ταπεινότερος,
994 1099 1039 1182 ὥς
1075 1105 1126 1173 ἐπὶ
1162 1107 1231 1172 τῶν
1264 1105 1355 1191 ἐξηρ-

207 1207 384 1296 θρηκότων
403 1205 513 1295 ὤμων.
546 1206 598 1274 ἐπὶ
622 1208 759 1274 ἐκείνων
782 1205 844 1293 μὲν
866 1207 932 1294 γὰρ
954 1211 1013 1295 τῆς
1034 1214 1179 1297 κεφαλῆς
1200 1213 1262 1278 τοῦ
1275 1215 1354 1297 βρα-

207 1321 319 1402 χίονος
337 1319 384 1394 εἰς
405 1313 467 1400 τὴν
490 1312 663 1401 μασχάλην
685 1313 933 1401 καταπεσούσης
952 1312 969 1384 ὁ
989 1315 1152 1403 πρότερον
1173 1313 1353 1406 ὑπάρχωνΙ

207 1418 304 1506 ὄγκος
327 1422 364 1488 ἐν
387 1424 432 1512 τῷ
455 1419 537 1487 κατὰ
559 1418 621 1507 τὴν
645 1421 794 1509 ἐπωμίδα
830 1418 919 1512 τόπῳ
956 1421 1038 1490 κατά
1074 1420 1237 1510 ἀλήθειαν
1267 1419 1347 1491 άπό-
1361 1439 1414 1498 m

207 1534 325 1616 λωίεν,
357 1528 395 1595 ἐν
427 1525 464 1596 δέ
500 1540 570 1605 τοῖς
603 1523 860 1614 άποσπάσμασιν
897 1519 994 1607 οὗτος
1022 1527 1124 1616 pluri
1158 1527 1259 1609 αὐτὸς
1281 1535 1352 1597 δια·
1368 1555 1394 1594 ιο

206 1636 311 1721 μένει,
344 1632 566 1731 μεταστάντος
603 1633 639 1700 δέ
676 1638 723 1713 είς
759 1631 845 1714 ὕψος
879 1638 941 1702 τοῦ
977 1632 1149 1724 άκρωμίον
1185 1643 1354 1724 φαντασία

206 1740 330 1828 ψευδὴς
366 1747 493 1827 γίνεται
533 1743 591 1828 τῆς
626 1744 688 1808 τοῦ
727 1739 832 1810 τόπου
872 1740 1110 1822 ταπεινώσεως.
1169 1752 1250 1823 ίσως
1290 1735 1353 1812 οὖν

205 1844 343 1934 ἄμεινόν
367 1848 436 1914 ἐστι
467 1847 521 1914 καὶ
544 1852 626 1934 μίαν
649 1845 754 1934 άλίην
782 1852 829 1915 ἐτι
857 1848 1075 1938 παραγράψαι
1109 1851 1207 1938 ῥῆσιν
1235 1852 1271 1917 ἐκ
1293 1853 1353 1918 τοῦ

204 1954 277 2041 περὶ
301 1951 456 2041 άρθρων,
494 1955 530 2021 ἐν
553 1945 574 2042 ᾖ
596 1950 676 2021 καθ’
703 1957 741 2021 ἓν
762 1952 872 2033 πάθος
895 1956 1122 2026 ἐπιδείκνυσιν
1145 1955 1354 2045 ὁἾπποκρά-

203 2087 261 2146 της
283 2057 463 2147 ὁμοιότητά
485 2087 519 2129 τε
543 2061 598 2128 καὶ
622 2057 843 2150 ἀνομοιότητα
867 2062 1087 2149 σφάλλουσαν
1109 2063 1188 2144 τοὺς
1209 2063 1354 2145 πολλοὺς
1369 2087 1394 2126 1⁵

203 2170 270 2234 τῶν
298 2171 431 2255 ἰατρῶν.
476 2167 558 2235 ὅταν
584 2195 634 2247 τις
661 2167 850 2258 ἐξαρθρήση
879 2169 1068 2249 σπόνόνίος
1096 2173 1143 2250 είς
1166 2168 1202 2239 τὸ
1226 2170 1352 2258 πρόσω,

203 2273 361 2342 ταπεινὸν
383 2272 466 2342 κατὰ
489 2279 587 2342 τοῦτο
611 2280 736 2361 γίνεται
764 2271 801 2344 τὸ
830 2282 956 2365 χωρίον
981 2279 1040 2362 τῆς
1065 2275 1199 2363 ῥάχεως.
1245 2277 1351 2344 ἐνίοτε

203 2381 240 2450 di
262 2385 579 2469 περιθραυσθεισῶν
614 2384 682 2450 τῶν
704 2378 786 2448 κατὰ
818 2379 898 2462 τοὺς
935 2380 1147 2463 σπονὸόίους
1182 2381 1351 2454 ὀπισθίων

240 2620 252 2666 1
274 2607 475 2702 ἐξηθρηκόηων
495 2611 575 2667 ChK.
595 2645 628 2652 —
651 2608 787 2668 τοιοότιον
806 2613 843 2668 Μ.
869 2645 901 2654 -
928 2611 1063 2685 2μόνοις
1081 2614 1160 2670 codd.
1180 2614 1243 2672 edd.
1262 2611 1349 2686 μόνον

202 2701 260 2738 nos.
280 2715 314 2724 -
333 2690 351 2740 8
369 2703 490 2753 οπαρχει
509 2683 551 2750 M;
570 2683 604 2738 of.
625 2683 712 2741 Proll.
730 2703 757 2754 p.
779 2692 837 2740 100.
858 2717 891 2725 —

201 2920 374 3006 inquibus
402 2941 479 2986 uero
507 2919 640 2985 avulsus
664 2923 714 2985 cst
741 2942 886 2984 summus
909 2919 1078 3004 humerus,
1105 2921 1149 2986 iis
1173 2921 1256 2987 nihil
1283 2924 1350 2990 tole

201 3027 332 3114 occidIt3
352 3028 458 3093 solum
477 3028 564 3092 enim
582 3027 634 3092 his
648 3027 728 3092 illud
743 3047 912 3093 commune
926 3029 985 3110 est,
1003 3026 1090 3110 quod
1109 3027 1258 3111 superior
1272 3053 1348 3114 psrs

202 3159 282 3200 ouva
296 3134 504 3220 conspicitur.
541 3133 603 3199 Est
616 3139 726 3199 tumen
741 3135 775 3199 in
788 3135 850 3199 hso
864 3155 989 3219 quoque
1005 3134 1237 3200 communitate
1252 3158 1350 3221 quae-

200 3245 275 3309 dem
299 3247 371 3307 tum
394 3241 587 3328 similitudo,
609 3244 680 3307 tum
708 3240 947 3307 dissimilitudo.
991 3239 1128 3306 Videtur
1150 3239 1236 3306 enim
1258 3242 1350 3308 locus

200 3351 255 3414 ille
278 3331 461 3435 depressior
485 3371 564 3434 esse,
586 3372 652 3414 non
675 3351 786 3413 tomen
806 3349 857 3412 cst
878 3369 913 3412 re
937 3370 1015 3413 vers
1033 3369 1067 3412 ss
1090 3348 1163 3432 ipso
1185 3346 1348 3433 humilior,

202 3459 285 3523 sicut
308 3458 342 3521 in
364 3457 507 3522 humeris
530 3456 659 3521 luxatis.
704 3455 743 3520 In
766 3453 831 3519 illis
856 3455 956 3539 enim,
984 3477 1058 3519 cum
1085 3453 1236 3548 brocchii¹
1251 3460 1351 3540 caput

201 3567 233 3630 in
249 3567 336 3630 elom
354 3565 522 3647 delapsum
542 3563 612 3648 erit,
629 3566 747 3648 tumor,
765 3562 820 3647 qui
839 3562 930 3646 prius
949 3562 982 3626 in
1001 3561 1166 3646 superiore
1184 3565 1277 3646 perte
1296 3585 1348 3628 ex-

200 3672 323 3754 stabat,
350 3692 384 3734 re
414 3691 492 3744 vern
518 3671 695 3754 evanescit,
731 3671 767 3736 in
795 3668 1019 3734 evulsionibus
1051 3671 1165 3733 contra
1193 3668 1246 3734 hic
1278 3671 1348 3754 ipse

200 3781 381 3862 permonet,
413 3777 468 3841 sed
502 3779 529 3842 si
562 3799 706 3843 summus
738 3777 891 3842 humerus
920 3797 1048 3841 sursum
1080 3775 1247 3841 traductus
1276 3778 1347 3862 erit,

199 3882 283 3950 falsa
306 3884 369 3950 loci
393 3884 610 3968 depressionis
633 3885 757 3970 species
781 3884 930 3950 obicitur.
978 3881 1040 3948 Sed
1067 3881 1183 3948 melius
1206 3883 1347 3951 fortusse

200 3995 250 4056 est
272 3991 373 4056 alium
397 4014 413 4054 e
436 3991 520 4057 libro
544 3992 583 4056 de
607 3991 751 4057 articulis
779 3991 888 4057 locum
912 3989 1109 4072 adscribere,
1136 3989 1192 4055 ubi
1220 3991 1254 4055 in
1282 4015 1345 4058 unu

199 4099 374 4183 eademque
402 4098 571 4163 affectione
605 4097 852 4163 similitudinem
885 4101 918 4162 st
950 4095 1247 4163 dissimilitudinem
1278 4100 1345 4183 plc-

199 4225 317 4290 rosque
340 4205 483 4271 medicos
506 4203 621 4270 fellere
639 4205 858 4292 Hippocrates
882 4204 1033 4270 ostendit
1069 4201 1153 4268 Cum
1176 4203 1263 4271 enim
1286 4207 1345 4272 uli·

199 4333 263 4396 qua
281 4311 431 4377 vertebra
450 4313 483 4377 in
503 4312 698 4378 anteriorem
718 4315 846 4398 purtem
863 4313 975 4378 luxato
993 4310 1101 4395 fucrit,
1119 4310 1210 4376 sedes
1230 4313 1344 4398 spinos

198 4417 232 4484 in
264 4441 303 4482 ee
339 4418 492 4504 depresso
523 4419 569 4484 fit.
623 4419 791 4486 Interdum
824 4425 932 4486 sutem
969 4419 1067 4486 etism
1103 4419 1345 4503 posterioribus
