3246 5148
788 395 1008 460 ..58-

324 553 391 618 rius
419 553 616 638 pravitatem
646 554 824 640 scripturae
855 556 946 619 auxit
976 555 1098 620 edendo
1128 549 1246 640 ἆρχαῖς
1275 555 1337 641 μέν
1368 555 1482 622 ἐστιν

324 655 450 744 μόνον
478 653 540 726 οῦκ
568 657 725 739 ἐνδόξοις.
770 663 840 728 Nos
867 663 915 727 ita
938 663 1150 729 correximus:
1181 657 1297 747 ἀρχαῖς
1319 660 1381 747 μὲν
1404 659 1482 730 οὐκ

325 769 432 831 ἔστιν
455 761 701 852 ἀρκούμενος
724 766 887 848 ἐνδόξοις,
915 768 1123 834 ‘Ostendimus
1150 771 1243 833 etiam
1271 771 1373 852 ι’γεοιιι
1394 769 1481 836 Ῑιιιικ1

322 877 473 938 rationem
496 897 558 939 κου
577 877 813 957 acquiescerem
826 877 1037 957 probabilitas
1051 876 1238 958 principiis?
1263 877 1297 942 P.
1313 879 1377 943 626
1391 879 1479 942 med.

325 979 514 1046 Charterius
537 1006 641 1068 neque
665 987 860 1047 structuram
885 985 1043 1048 orationis
1066 985 1232 1067 perspexit
1255 989 1287 1047 et
1310 985 1478 1050 inconcin-

323 1110 399 1151 nam
423 1089 577 1173 reddidit,
600 1113 674 1154 cum
697 1090 842 1174 scripsit:
870 1084 943 1153 ὅσοι
967 1084 998 1152 δ’
1017 1088 1217 1174 ἐπιχειροῦσι
1237 1089 1292 1154 καὶ
1311 1085 1475 1174 ὀσφρήσει

323 1192 376 1257 καὶ
396 1187 479 1279 ἀκοή
502 1190 573 1278 τὴν
596 1194 712 1260 θέσιν
734 1192 795 1262 τὸν
814 1189 920 1278 ιἰτμὸν
937 1189 1189 1280 ἆποπὲμποντος
1207 1193 1359 1280 σώματος
1376 1192 1479 1282 ἢτοῦ

323 1297 507 1384 πλήξαντος
528 1298 589 1366 τὸν
606 1297 687 1380 ἀέρα
706 1299 921 1387 μεταδιδόναι
939 1304 997 1385 τῆς
1016 1300 1240 1387 διαγνώσεως,
1264 1299 1352 1380 ὅπως
1368 1299 1477 1389 ἆμαρ-

323 1405 500 1488 τάνουσιν,
524 1404 565 1474 οῦ
589 1412 653 1474 νῦν
676 1405 790 1493 καιρὸς
813 1407 910 1492 ε’ρεΐν.
956 1409 1049 1472 ΜΑΒ
1074 1413 1148 1473 ante
1176 1405 1237 1474 τὸν
1264 1404 1370 1493 ἀτμὸν
1393 1406 1477 1476 cirro-

323 1513 507 1597 πέμποντος
539 1513 689 1600 σώματος
721 1516 905 1580 Articulum
937 1516 1008 1579 τοῦ
1043 1516 1238 1580 collocatum
1275 1517 1409 1601 habeut3
1444 1519 1475 1582 is

324 1622 465 1684 intactus
496 1624 723 1706 relinquendas
756 1623 819 1686 fuit
847 1625 880 1684 et
910 1622 1006 1684 simul
1036 1622 1249 1686 Accusativns
1281 1619 1344 1706 τήν
1373 1621 1476 1689 θέσιν

323 1729 549 1793 mutandusin
569 1729 762 1795 Genetivum
784 1730 841 1812 τῆς
863 1726 1003 1810 θέσεως,
1031 1729 1085 1813 qui
1109 1730 1297 1814 penderete
1319 1731 1377 1813 τής
1401 1733 1475 1796 δια·

323 1831 490 1916 γνώσεωςε
532 1835 611 1915 ‘oea
637 1842 787 1901 certantur
814 1836 942 1915 olfaciat
968 1841 1000 1898 et
1027 1837 1150 1900 arridei
1174 1836 1353 1916 sandwicus
1376 1840 1474 1901 oseri-

323 1942 389 2005 δοκι
411 1943 601 2008 discernendi
626 1946 801 2026 posituram
828 1944 963 2024 corporis
993 1944 1039 2006 cri
1064 1964 1204 2024 vaporem
1235 1944 1397 2008 occidentis
1427 1946 1475 2009 vel

322 2052 651 2132 aereaspacuraaris,
673 2051 838 2131 laqueato
861 2051 894 2113 ιῗκ
917 2071 1018 2113 errore
1044 2054 1212 2132 versertur,
1239 2049 1293 2113 hoc
1321 2051 1382 2114 loro
1409 2072 1474 2114 κοιι

321 2158 432 2221 attinet
457 2157 574 2222 dicere?
618 2158 653 2222 P.
682 2159 745 2222 737
780 2157 838 2220 snb
872 2157 923 2220 fin.
954 2157 988 2220 in
1019 2157 1091 2220 loeo
1123 2155 1293 2220 Platonico
1327 2155 1385 2220 Ch.
1418 2153 1474 2222 ὅτε

321 2263 406 2327 inter
434 2260 507 2328 τότε
540 2268 573 2328 et
603 2260 644 2329 τδ
675 2258 915 2347 ἐπιτηδεύματα
948 2258 1030 2348 ἄλλῃ
1063 2259 1163 2346 φύσει
1195 2257 1278 2326 ἄλλα
1311 2264 1345 2328 iu
1376 2263 1472 2328 MAB

322 2372 464 2453 positum
489 2394 659 2455 perperam
687 2371 794 2455 eiecit3
827 2393 857 2453 p.
882 2371 946 2433 774
974 2375 1050 2454 post
1078 2371 1159 2434 med.
1184 2394 1220 2452 γε
1248 2371 1335 2434 inter
1361 2365 1472 2454 ω’σιιερ

322 2482 354 2541 et
385 2475 439 2541 xci
473 2480 511 2542 ai
535 2473 617 2543 κατὰ
648 2471 707 2552 τὰς
738 2473 840 2552 καλὰς
871 2473 1017 2559 πράξειςς
1052 2499 1082 2561 p.
1112 2477 1173 2541 781
1208 2476 1252 2540 in.
1285 2478 1352 2540 ἔστι
1386 2477 1472 2541 inter

322 2579 371 2648 ὅτι
396 2581 459 2668 γάρ
484 2589 516 2649 et
538 2609 568 2649 τι
593 2597 742 2666 κρεῖττον
765 2577 951 2665 ἄνθρωπον
979 2579 1130 2666 δυνάμει.
1174 2582 1223 2646 De
1247 2583 1371 2647 duobus
1396 2584 1470 2647 aliis

321 2691 416 2774 loeis,
444 2691 499 2774 qui
526 2714 579 2774 pp.
609 2693 670 2754 717
706 2695 739 2754 et
767 2691 830 2753 726
863 2689 1071 2753 inveniuntur
1103 2691 1219 2753 misere
1252 2713 1271 2752 a
1300 2687 1469 2754 Charterio

322 2797 477 2879 truncati,
506 2797 545 2860 cf.
567 2797 768 2881 Programm.
791 2795 960 2878 nostrii,
985 2799 1019 2878 8,
1041 2797 1080 2860 14
1100 2801 1133 2860 et
1150 2796 1180 2878 Ι,
1201 2797 1241 2860 16
1261 2800 1339 2860 extr.
1382 2797 1469 2872 Quae

321 2904 402 2968 vitia
425 2905 548 2987 recepit
571 2904 680 2968 omnia
703 2902 883 2984 Kuehnius,
912 2903 1031 2986 quippe
1060 2903 1115 2986 qui
1142 2906 1231 2967 totns
1258 2925 1275 2966 e
1300 2899 1469 2968 Charterio

321 3014 417 3095 aptus
447 3033 513 3074 non
543 3011 678 3074 vidisset
708 3032 746 3073 ea
768 3008 878 3092 huius,
910 3033 976 3073 non
1004 3011 1150 3093 priorum
1183 3010 1343 3074 editorum
1374 3011 1469 3095 culpa

321 3119 495 3184 commissa
519 3139 598 3182 esse.

410 3223 599 3289 Charterius
620 3228 727 3287 autem
747 3225 784 3286 ut
803 3221 914 3285 eiectis
934 3223 1120 3306 omissisve,
1145 3223 1192 3286 ita
1211 3223 1330 3287 additis
1354 3227 1469 3288 contre

319 3332 416 3396 fidem
445 3332 623 3396 editionum
651 3330 758 3395 verbis
786 3333 910 3392 textum
938 3329 1050 3392 maltis
1078 3329 1158 3393 locis
1187 3330 1220 3392 in
1248 3331 1340 3412 peius
1367 3331 1469 3395 finxit.

321 3438 386 3503 Cur
409 3439 495 3503 enim
518 3462 549 3523 p.
573 3439 636 3502 307
665 3440 740 3520 post
768 3434 810 3499 in.
838 3435 922 3499 iuter
949 3431 1116 3517 μανθάνει
1145 3431 1207 3517 μὲν
1235 3433 1345 3519 δήπου
1372 3442 1405 3500 et
1430 3434 1469 3503 τὸ

319 3543 461 3629 μέγεθος
488 3535 537 3610 ὧν
563 3541 672 3628 μέλλει
702 3538 840 3624 δράσειν
870 3542 980 3605 κακῶν
1008 3541 1191 3606 Pronomen
1222 3566 1257 3606 τι
1287 3543 1470 3626 inseruerit,

319 3653 468 3736 equidem
496 3649 623 3733 assequi
651 3671 789 3732 nequeo,
818 3671 877 3712 neo
908 3671 964 3712 eur
993 3670 1023 3731 p.
1049 3647 1114 3710 316
1143 3648 1185 3711 in.
1216 3649 1385 3733 scripserit
1412 3649 1468 3714 καὶ

320 3754 384 3841 γὰρ
408 3758 443 3823 οἱ
462 3754 593 3838 ποιηταὶ
617 3752 679 3818 καὶ
703 3749 773 3819 κατ’
795 3748 900 3818 αὐτοῦ
919 3752 1075 3836 λέγουσιν
1098 3748 1253 3831 ῦπαντεςς
1277 3756 1357 3821 illud
1380 3758 1468 3820 enim

319 3866 378 3928 καί
393 3866 478 3926 reete
499 3862 592 3925 abest
610 3861 644 3925 in
659 3861 766 3946 MAB3
790 3884 847 3924 nee
864 3861 969 3924 minus
985 3882 1134 3944 perverse
1150 3864 1208 3923 καί
1220 3861 1343 3925 addidit
1357 3885 1388 3946 p.
1403 3862 1468 3925 372

318 3970 474 4055 posteris
498 3968 579 4050 ζωῆς
603 3969 746 4031 scribens
775 3961 793 4030 ὁ
822 3965 884 4050 μὶν
911 3963 975 4051 γὰρ
999 3960 1081 4048 ὑπὲρ
1108 3967 1169 4030 τοῦ
1197 3967 1301 4030 σῶσαι
1324 3963 1387 4050 τήν
1409 3989 1466 4032 πα-

318 4079 415 4161 τρίδα
438 4076 496 4160 τῆς
521 4074 603 4157 ζωῆς
626 4072 689 4138 καὶ
712 4075 780 4138 τῶν
803 4072 930 4137 τέκνων
952 4069 1209 4154 καταφρονήσας
1231 4095 1291 4156 pro
1310 4074 1368 4155 τῆς
1387 4075 1469 4156 ζωῆς

318 4185 386 4248 τῶν
417 4180 544 4246 τέκνων
571 4179 707 4267 (ΜΑΒ),
735 4203 751 4243 e
795 4203 825 4263 p.
848 4181 914 4242 440
938 4180 980 4242 in.
1003 4179 1133 4262 θερμοῦ
1161 4177 1214 4241 καὶ
1243 4179 1375 4261 ψυχροῦ
1403 4177 1467 4242 καὶ

320 4289 422 4371 ξηροῦ
445 4285 498 4351 καὶ
524 4281 630 4370 ὑγροῦ
653 4309 712 4371 pro
730 4293 765 4349 θ.
789 4309 816 4349 κ.
840 4286 985 4367 ψυχροῦ,
1010 4284 1112 4366 ξηροῦ
1135 4281 1189 4348 καὶ
1212 4277 1329 4366 ὑγροῦ.
1355 4285 1467 4348 Etiam

319 4418 350 4479 p.
374 4394 439 4458 445
463 4396 540 4477 post
562 4394 604 4457 iu.
628 4394 748 4457 vitiosa
772 4392 933 4476 scriptura
957 4391 1103 4457 codicum
1128 4394 1160 4454 et
1183 4390 1362 4456 editionum
1384 4388 1466 4456 ἐπει-
