3298 5136
746 439 987 502 -198—

293 598 366 678 ὄψει
390 597 427 666 τὸ
453 602 554 688 ζῷον·
579 596 763 681 ἐγκέφαλον
786 595 822 663 δὲ
847 593 1024 682 γυμνώσας
1046 596 1114 660 τιῦν
1138 589 1246 660 ὀστιῦν
1270 588 1289 680 ἢ
1313 599 1438 673 θλίψας

291 704 452 792 ἡντινοῦν
484 701 589 770 αὐτοῦ
625 709 756 780 κοιλίαν
789 700 849 770 οῦκ
886 701 1026 788 ἄφωνον
1058 698 1164 787 μόνον
1197 696 1276 767 οῦὸέ
1309 698 1439 766 ἄπνουν

293 809 411 894 εῦθῦς,
444 808 527 877 ἀλλὰ
555 810 609 876 καλ
643 809 853 877 παντάπασιν
886 806 1095 893 ἀναίσθητόν
1126 833 1160 873 τε
1192 807 1247 873 καὶ
1280 803 1439 892 ἀκίνητον

293 915 431 984 ἁπασῶν
453 921 521 984 τῶν
544 914 623 983 καθ’
650 914 760 1004 ὁρμὴν
783 916 947 1004 κινήσεων
971 913 1093 1002 έργιίση
1117 912 1153 979 τὸ
1181 917 1272 1003 ζῷον.
1314 922 1439 999 είρηται

266 1027 333 1091 roe
358 1051 414 1110 μοι
442 1025 495 1090 καὶ
525 1022 691 1110 πρόσθεν,
720 1022 764 1103 ὡς
794 1021 835 1090 οῦ
863 1022 924 1109 χρὴ
953 1019 1168 1106 συντιτριίναι
1196 1023 1257 1086 τοῦ
1285 1018 1440 1104 θώρακος

294 1128 474 1218 οὐδετέραν
505 1129 680 1216 κοιλότητα
714 1135 923 1217 γυμνοῦντας
954 1127 1016 1215 τὴν
1049 1130 1199 1210 καρὸἰάν.
1250 1131 1280 1192 εί
1305 1123 1368 1212 γὰρ
1397 1124 1438 1211 ὀὴ

293 1237 416 1305 τούτου
438 1236 532 1324 τύχοι
556 1264 620 1321 τις,
645 1234 686 1304 οῦ
709 1236 817 1323 μόνον
841 1235 899 1302 έῦν
922 1241 1055 1320 θλίβειν
1079 1229 1098 1319 ἢ
1122 1237 1211 1299 θλῦν
1235 1230 1254 1318 ἥ
1278 1259 1307 1299 τι
1332 1236 1439 1299 τοιοῦ-

293 1371 355 1413 τον
378 1345 492 1430 ἕτερον
514 1343 708 1430 ἐργάζεσθαι
733 1345 902 1429 βουληθῇ,
927 1339 1103 1426 δυνήσεται
1128 1343 1334 1426 κατορθοῦν,
1358 1335 1440 1404 ἀλλὰ

295 1452 348 1518 καὶ
377 1451 557 1537 βουληθεὶς
586 1447 720 1536 ἀθρόως
755 1448 837 1535 ὅλην
868 1451 989 1528 ἐξελεῖν
1018 1444 1079 1514 οῦκ
1111 1443 1266 1532 ἀτυχήσει
1293 1450 1352 1531 τῆς
1378 1435 1441 1532 χεῖ-

256 1582 281 1619 10
296 1563 463 1646 ρουργίας.
512 1563 637 1643 γίνεται
665 1555 728 1642 μὶν
756 1547 818 1622 οῦν
845 1558 943 1621 τοῦτο
977 1555 1031 1620 καί
1059 1552 1141 1620 κατὰ
1169 1551 1293 1632 πολλὰς
1320 1558 1442 1629 θυσίας

296 1667 328 1745 έξ
353 1670 454 1743 ἔθους
478 1662 582 1741 οὕτως
607 1664 859 1748 ἐπιτελουμένας
881 1662 935 1727 καὶ
956 1668 1109 1746 φαίνεται
1133 1659 1172 1726 τὰ
1198 1665 1263 1751 ζῷα
1285 1663 1343 1747 τῆς
1366 1686 1443 1746 καρ-

297 1776 371 1848 δίας
390 1769 454 1856 ἤδη
473 1769 554 1837 κατὰ
574 1775 641 1837 τῶν
665 1775 788 1856 βωμῶν
807 1769 1011 1854 ἐπικειμένης
1030 1764 1090 1834 οῦκ
1109 1763 1317 1834 ἀναπνέονια
1336 1767 1443 1853 μόνον

297 1873 316 1965 ἢ
344 1877 527 1964 κεκραγότα
557 1876 740 1956 συντόνως,
774 1871 857 1940 ἀλλὰ
889 1875 943 1940 καὶ
972 1873 1159 1960 φεύγοντα,
1190 1876 1283 1961 μέχρι
1312 1899 1372 1958 περ
1401 1869 1444 1939 civ

296 1981 361 2052 ῦπὸ
385 1987 443 2070 τῆς
466 1988 685 2069 αίμορραγιάς
708 1979 874 2068 νἰτιοθάνη.
918 1980 1053 2066 τάχιστα
1078 1981 1113 2047 δὲ
1138 1979 1311 2067 δήπουθεν
1335 1977 1445 2046 ειῦτών

259 2112 283 2151 1⁵
300 2092 489 2158 ἐκκενοῦται
509 2088 545 2156 τὸ
567 2083 647 2175 αἷμα
665 2087 831 2174 τεττάρων
850 2093 1013 2173 μεγίστων
1032 2084 1176 2173 νἰγγείων
1196 2087 1445 2172 θιασπωμένων,

232 2195 381 2273 uoueri&
406 2195 481 2285 ῦχρι
500 2221 560 2284 περ
584 2190 626 2262 ἂν
645 2200 691 2263 ἔτι
713 2198 759 2282 ζῇ,
789 2195 793 2283 λ
822 2195 876 2260 καὶ
897 2191 1039 2260 ἀναπνεῖ
1059 2193 1113 2260 καί
1134 2209 1242 2280 φωνεῖ
1258 2194 1311 2260 καὶ
1331 2195 1446 2279 τρέχει.

335 2431 349 2475 2
371 2418 506 2491 Ιἡντινοῦν
526 2419 638 2473 CMAB
661 2412 816 2485 ἡντιναοῦν
836 2417 919 2480 (ἶΙιΚς
944 2417 978 2469 cf.
1004 2435 1028 2484 p.
1051 2425 1100 2469 182
1121 2420 1188 2470 extr.
1208 2418 1241 2470 K.
1262 2449 1293 2456 -
1320 2411 1392 2478 δός
1411 2410 1445 2470 οῦ

300 2490 351 2563 χρὴ
372 2512 425 2548 om.
446 2492 475 2546 C.
500 2523 532 2531 —-
561 2497 574 2544 λ
595 2485 665 2558 τύχη
685 2491 735 2542 CA
758 2485 827 2558 τῦχη
847 2487 945 2540 BChK
970 2484 1047 2556 τῦχοι
1069 2489 1110 2548 Μ;
1135 2489 1169 2541 cf.
1190 2489 1273 2542 Proll.
1298 2507 1345 2556 pp,
1366 2495 1397 2540 21
1420 2490 1447 2540 ot

300 2573 342 2620 80.
362 2595 395 2605 -
420 2558 569 2687 ἢθλίβειν
589 2560 609 2614 C
631 2559 657 2613 εί
674 2564 703 2612 θ.
724 2559 782 2612 MA
801 2562 879 2626 cett„
901 2554 952 2612 έάν
970 2563 1001 2612 θ.
1022 2577 1079 2613 uos.
1100 2593 1131 2598 -
1157 2561 1227 2630 βοῦν
1247 2561 1274 2612 Μ
1299 2560 1342 2624 ref.
1362 2559 1447 2612 Proll.

300 2655 326 2705 p.
347 2639 391 2704 83)
410 2635 486 2688 θλᾶν
532 2635 563 2687 Α.
584 2663 616 2670 ——
642 2637 657 2684 8
678 2632 804 2702 βουληθῇ
824 2647 878 2682 om.
899 2629 927 2683 C.
948 2661 979 2668 -
1005 2631 1214 2694 κατορθοῦνται
1235 2631 1271 2684 Μ.
1291 2662 1323 2668 -
1348 2625 1447 2684 9ᾰτυ-

300 2703 394 2775 χηοεις
414 2706 443 2759 C.
465 2737 497 2744 -
519 2712 551 2758 10
570 2701 622 2784 μέν
642 2721 693 2755 ουν
713 2703 796 2755 καιΟ
817 2721 869 2770 μιν
888 2720 971 2754 τουτο
990 2701 1038 2754 καὶ
1058 2702 1085 2753 Μ
1094 2702 1229 2755 ussChK.
1252 2733 1283 2740 -
1309 2709 1337 2754 12
1358 2697 1467 2769 μόνον“

302 2796 354 2832 om.
369 2778 397 2832 G.
418 2809 449 2814 --
472 2782 504 2828 14
524 2770 580 2827 α’πο
601 2774 651 2839 της
666 2773 695 2827 C.
715 2803 747 2812 -
770 2781 802 2827 1e
822 2772 870 2825 καὶ
889 2766 1013 2826 ἀναπνεῖ
1031 2790 1083 2827 om.
1103 2772 1123 2827 C
1143 2767 1256 2842 ἆνατινὴ
1277 2773 1306 2826 Μ
1325 2768 1449 2826 α’ναπνεί

301 2853 334 2903 Α.
354 2880 387 2888 -
407 2849 487 2917 (γωνη
509 2847 557 2900 καλ
576 2844 659 2914 τρέχη
679 2843 708 2898 C.
729 2875 761 2884 —

303 3058 379 3142 diri3
409 3056 437 3120 si
469 3076 545 3119 vero
577 3052 744 3117 cerebrum
772 3051 925 3116 detractis
961 3054 1087 3117 ossibus
1117 3053 1281 3137 aperueris
1313 3054 1361 3118 vel
1391 3053 1448 3118 eli-

304 3187 398 3250 quem
421 3160 636 3226 ventriculum
660 3160 727 3224 cius
751 3160 994 3244 οουιμτοοοενία,
1023 3161 1132 3224 statim
1158 3161 1292 3242 officim,
1323 3165 1357 3224 ut
1382 3161 1448 3224 uui·

303 3271 369 3335 mal
391 3292 457 3335 non
480 3267 575 3332 modo
604 3271 727 3332 mutum
759 3266 1010 3351 spirationisquo
1034 3289 1147 3349 expers
1171 3269 1241 3350 fiac,
1273 3267 1326 3330 sed
1352 3268 1448 3331 eiiam

305 3377 456 3444 omuibus
475 3397 609 3458 prorsus
630 3375 777 3438 sensibus
798 3373 1060 3457 motionibusque
1079 3374 1271 3437 voluntariis
1296 3375 1449 3458 privetur.

287 3483 491 3550 ⁴Cavendum
510 3486 629 3566 tamon,
653 3480 822 3566 quodiam
843 3502 942 3563 supra
961 3480 1079 3563 monui,
1102 3502 1152 3563 ne,
1177 3480 1252 3544 dum
1273 3503 1328 3545 cor
1350 3481 1449 3544 uude-

304 3616 391 3675 muS,
424 3593 562 3656 altorum
591 3611 628 3652 ex
660 3588 804 3652 thoracis
833 3587 920 3650 cavis
948 3587 1164 3672 perforeruus3
1197 3588 1282 3672 quod
1314 3589 1340 3652 si
1370 3589 1449 3652 satis

305 3697 520 3786 praecaveris2
553 3718 619 3760 non
647 3698 774 3758 rantum
808 3693 1021 3775 comprimere
1053 3716 1109 3757 cor
1140 3695 1191 3757 vel
1222 3695 1372 3759 collidere
1400 3695 1451 3757 vel

305 3807 371 3871 tole
395 3805 472 3889 quid
499 3804 605 3868 facere
635 3803 696 3865 tibi
725 3823 796 3864 cum
828 3821 978 3862 successu
1001 3800 1129 3884 licebit,
1156 3823 1268 3864 vorum
1298 3802 1395 3864 etium
1424 3800 1452 3865 si

306 3916 411 3979 totum
446 3911 594 3976 avulsum
623 3908 791 3972 exiruhcre
824 3907 978 3988 voluerim
1009 3929 1075 3970 nou
1112 3907 1237 3972 minore
1269 3908 1453 3993 chirurgiae

306 4041 457 4084 successu
481 4017 695 4099 consequerio
740 4014 796 4079 Fit
819 4037 944 4098 quoque
968 4015 1002 4078 in
1025 4014 1136 4078 multis
1161 4015 1342 4098 sacrificiu,
1371 4036 1452 4100 quae

307 4127 345 4190 de
369 4149 458 4191 more
482 4123 595 4210 peragi
620 4123 735 4205 solent,
763 4123 800 4185 ui
822 4120 974 4184 victimae
999 4122 1093 4185 corde
1118 4121 1183 4185 uris
1207 4122 1273 4185 iam
1297 4120 1452 4203 imposito

306 4255 373 4298 non
401 4233 506 4296 solum
534 4228 695 4314 respirent
727 4231 783 4291 eut
810 4249 930 4312 magua
966 4250 1045 4292 voce
1078 4229 1232 4309 clement,
1265 4228 1320 4290 sed
1354 4226 1453 4290 etium

307 4338 444 4424 fugiam,
470 4337 570 4402 donec
590 4335 757 4421 sanguinis
777 4335 936 4419 profluvio
958 4335 1138 4400 concidunt.
1174 4334 1338 4399 Nimirum
1358 4356 1453 4417 quam

310 4441 474 4507 celerrime
498 4443 631 4527 sanguis
655 4441 852 4527 exinanitur,
880 4443 1032 4526 quonium
1051 4444 1190 4525 quotuor
1213 4461 1291 4503 vasu
1313 4438 1456 4504 maxima
