3298 5136
649 374 891 444 -237—

195 562 299 624 μενον
329 538 463 624 πρᾶγμα
496 539 565 604 τῶν
599 537 863 623 ἐπιστημονικῶν
891 534 976 605 εἶναι
1005 535 1200 624 λημμάτων,
1232 533 1273 605 τὰ
1306 535 1343 605 δὲ

195 641 278 710 ἄλλα
306 641 482 729 σύμπαντα
509 643 563 711 τὰ.
576 642 638 729 μὲν
666 643 869 728 διαλεκτικοί,
897 643 937 712 τὰ
966 643 1002 712 δὲ
1026 641 1090 712 ἀπὸ
1121 649 1189 712 τῶν
1217 645 1343 725 ἔξωθεν

196 743 376 837 μαρτύρων
399 747 573 836 ῥητορικά,
600 747 640 816 τδι
665 749 701 816 δὲ
729 747 936 837 ὁμωνυμίαις
962 745 1093 837 scotori
1120 765 1191 830 τοῖς
1212 755 1270 838 τῆς
1292 753 1343 819 λε’-

197 856 276 936 ξεως
298 854 441 942 σχήμασι
469 857 769 942 πεπανουργημὲνα
797 857 983 943 σοφιστικά.
1028 856 1067 924 τὰ
1095 857 1157 944 μὶν
1184 850 1248 924 οὖν
1276 859 1343 925 ἐπι-

196 960 379 1048 στημονικδ
408 958 487 1028 καθ’
517 963 657 1030 ἕκαστον
689 966 823 1050 πρᾶγμα
849 963 1060 1032 παντάπασιν
1093 961 1190 1050 ὀλίγα
1221 990 1255 1032 τε
1288 966 1376 1032 καὶὸ

197 1065 404 1158 εὐαρίθμητοί
428 1070 512 1154 ἐστι,
534 1067 575 1135 τὰ
599 1069 635 1136 δὲ
659 1068 865 1156 γυμναστικδ
888 1071 1075 1159 πάμπολλα·
1099 1067 1177 1137 καθ’
1204 1071 1344 1138 ἕκαστον

196 1173 260 1262 γὰρ
295 1177 363 1242 τῶν
396 1171 616 1262 ὑπαρχόντων
648 1201 682 1243 τε
718 1177 773 1244 καὶ
806 1177 1063 1265 συμβαινόντων
1098 1181 1143 1268 τῷ
1176 1176 1342 1264 πράγματι

196 1288 399 1350 συνίσταται.
442 1280 503 1350 τὸν
526 1285 611 1367 γοῦν
634 1278 698 1351 ἀπὸ
723 1288 781 1370 τῆς
803 1287 919 1370 φωνῆς
943 1283 1158 1372 ἐρωτώμενον
1181 1284 1283 1370 λόγον
1308 1286 1343 1352 ἐκ

194 1392 253 1476 τῆς
274 1390 400 1468 θέσεως
423 1386 622 1477 ὁρμώμενον
650 1389 810 1471 ἐπέδειξα·
840 1387 926 1458 οὕτω
956 1391 992 1458 δὲ
1019 1391 1074 1458 καὶ
1102 1391 1162 1457 τὸν
1193 1388 1258 1458 ἀπὸ
1285 1395 1343 1478 τῆς

194 1499 350 1582 είσπνοῆς
376 1523 411 1563 τε
438 1496 493 1563 καὶ
517 1497 669 1582 ἐκπνοῆς·
698 1493 856 1574 ὡσαύτως
884 1496 920 1564 δὲ
943 1503 1061 1584 ἔχοντα
1085 1500 1089 1584 Ι
1111 1495 1261 1585 εὑρήσεις
1288 1499 1342 1565 καὶ
1353 1514 1410 1571 274

194 1601 255 1670 τὸν
282 1599 347 1672 ἀπὸ
374 1606 433 1690 τῆς
461 1604 498 1670 ἐν
525 1617 597 1682 ταῖς
629 1602 749 1682 λύπαις
781 1603 912 1689 δήξεως.
962 1605 1109 1689 ἐναργῶς
1140 1604 1202 1691 μὲν
1229 1604 1292 1691 γὰρ
1321 1603 1380 1691 ἡιι

197 1710 289 1795 δῆξίς
307 1711 397 1778 ἐστιν
416 1712 453 1778 ἐν
470 1714 515 1800 τῷ
535 1709 672 1796 στόματι
690 1713 749 1796 τῆς
771 1709 923 1796 γαστρός,
947 1695 983 1777 ot
999 1710 1036 1776 δὲ
1055 1715 1102 1790 είς
1119 1708 1182 1797 τὴν
1199 1715 1342 1798 καρδίαν

195 1812 425 1903 ἀναφέρουσιν
462 1813 576 1903 αὐτήν.
630 1821 661 1884 εί
692 1814 755 1903 μὲν
792 1808 870 1900 οὖν,
903 1813 953 1884 ὅτι
990 1823 1133 1903 πλησίον
1164 1814 1184 1904 ἡ
1221 1822 1341 1904 καρδία

194 1921 343 1989 τέτακται
377 1926 422 2013 τῷ
455 1921 591 2010 στόματι
623 1927 682 2009 τῆς
718 1921 874 2009 γαστρός,
907 1920 963 1989 διὰ
994 1927 1093 1990 τοῦτο
1122 1919 1185 1991 ἀπὸ
1216 1925 1343 2011 ἐκείνης
1397 2011 1407 2017 ι

195 2025 357 2114 ἄρχεσθαι
381 2035 553 2115 νομίζουσι
577 2029 613 2097 τὸ
639 2028 763 2113 πάθος,
787 2026 851 2096 ἀπὸ
875 2032 933 2115 τῆς
955 2031 1082 2108 θέσεως
1105 2031 1340 2116 ἐπιχειροῦσιν·
1357 2051 1382 2092 ιε

196 2138 227 2201 εί
249 2133 285 2202 δὲ
309 2131 415 2222 αὐτὴν
438 2134 543 2215 ὅντως
566 2145 694 2205 οίονται
712 2133 774 2222 τὴν
796 2139 940 2224 καρδίαν
963 2135 1162 2220 δάκνεσθαι,
1185 2136 1343 2224 πάμπολυ

231 2337 247 2385 2
267 2327 416 2419 σύμπαντα
430 2327 593 2386 διαλεκτικὰ
608 2332 688 2418 cpdd.
703 2332 765 2415 edd.
785 2350 808 2386 σ.
828 2327 862 2385 τὰ
881 2329 934 2402 μὲν
953 2334 978 2384 δ.
998 2347 1064 2400 n0s;
1084 2331 1117 2386 ci.
1133 2332 1218 2387 Proll.
1237 2351 1264 2402 p.
1282 2340 1340 2388 127.

196 2433 229 2442 -
258 2409 274 2458 3
299 2405 468 2527 ομρνυΙμίαις
494 2403 531 2494 M.
556 2434 589 2444 —
617 2425 635 2473 η
659 2421 702 2457 τοι
725 2421 775 2493 τής
796 2404 828 2457 L.
852 2433 886 2442 -
913 2408 931 2455 4
954 2402 1228 2488 πεπαγοοργευμίνα
1251 2399 1282 2460 L.
1307 2437 1340 2446 -

197 2480 227 2528 11
253 2478 364 2536 λοιπαις
427 2479 529 2537 λυιταις
551 2475 619 2529 MA.
638 2505 672 2514 —
696 2474 810 2538 δειξεως
828 2473 859 2528 L.
886 2504 919 2513 -
944 2469 1065 2544 ἐναργης
1088 2475 1119 2527 L.
1143 2507 1177 2515 -
1203 2483 1234 2530 12
1254 2477 1341 2541 δεῖξις

196 2543 228 2600 L.
249 2577 281 2584 -
307 2551 339 2599 13
359 2543 389 2599 οί
403 2542 461 2670 μὲν
484 2577 517 2586 -
542 2544 570 2600 οἳ
587 2540 616 2600 δ’
637 2545 698 2614 (sie)
722 2544 822 2599 nBch
848 2542 876 2598 οἳ
894 2542 946 2614 μὲν
966 2577 999 2584 -
1023 2543 1051 2599 οἳ
1069 2539 1098 2598 δ’
1118 2545 1143 2600 Κ
1166 2547 1195 2602 εί
1212 2545 1265 2617 μὲν
1283 2548 1341 2601 LM

196 2645 229 2654 -
248 2614 278 2670 οἵ
294 2611 323 2669 δ’
338 2616 367 2670 Μ
387 2635 399 2670 ε
427 2610 455 2670 δ’
472 2617 494 2670 L
514 2614 612 2686 εἰμὲν
626 2648 659 2657 -
680 2614 708 2670 εί
720 2613 752 2670 δὲ
772 2632 834 2682 οοες
855 2614 889 2669 of.
904 2615 989 2671 Proll.
1003 2634 1030 2685 p.
1046 2623 1088 2672 62.
1108 2648 1141 2656 -
1163 2625 1195 2672 16
1210 2615 1339 2673 oldvseL

196 2686 304 2741 οἴονται
323 2687 391 2742 MA.
411 2718 443 2727 -

195 2885 234 2950 de
261 2908 325 2970 qua
352 2887 499 2971 quaestio
527 2889 625 2972 esset,
647 2889 849 2970 peterentur,
876 2887 975 2970 primi
998 2875 1126 2972 generis
1151 2911 1234 2972 esse,
1258 2889 1339 2954 alias

195 3015 307 3058 omnes
330 2993 451 3076 partim
474 2993 675 3075 dialecticas,
701 2992 837 3075 partim,
867 2993 896 3056 si
923 2993 1052 3077 quidem
1076 3015 1114 3058 ex
1142 2995 1340 3060 testimoniis

195 3101 394 3165 extrinsecus
425 3099 538 3185 petitis
571 3099 770 3182 constarent,
803 3099 976 3182 oratoriss3
1014 3121 1095 3183 quse
1129 3099 1339 3184 homonymis

194 3206 387 3290 quibusdam
406 3206 458 3270 vel
480 3205 607 3271 dicendi
630 3205 744 3290 figuris
763 3205 879 3270 cellide
898 3206 938 3269 ad
961 3204 1109 3270 fraudem
1129 3206 1339 3272 concinnatae

195 3317 317 3397 essent,
349 3313 554 3397 sophistices
578 3333 656 3376 esse.
710 3312 887 3396 Elegantes
921 3311 1049 3395 quidem
1082 3312 1115 3377 in
1148 3335 1272 3398 queque
1304 3336 1339 3378 re

195 3420 368 3485 admodum
391 3441 514 3505 paucae
538 3423 614 3484 sunt
633 3422 665 3482 et
687 3420 852 3483 numerari
874 3418 971 3482 facile
990 3423 1134 3503 possunt,
1158 3421 1339 3504 gymnasti-

195 3547 251 3590 cae
278 3529 387 3591 autem
414 3550 512 3612 quum
540 3527 713 3611 plurimae,
740 3525 859 3610 quippe
883 3547 965 3609 quae
1000 3526 1042 3590 ab
1066 3526 1229 3610 omnibus,
1256 3549 1338 3611 quae

194 3633 241 3698 rei
259 3634 371 3698 insunt
389 3637 422 3698 et
440 3635 597 3717 accidunt,
621 3635 782 3718 petuntur.
823 3632 911 3696 Telis
930 3632 995 3695 fuit
1016 3631 1076 3696 illa
1095 3655 1114 3696 a
1133 3655 1210 3698 voce
1230 3638 1339 3699 sumta

194 3739 421 3827 interrogatio,
458 3763 556 3825 quam
589 3763 608 3804 a
640 3739 803 3824 positione
840 3737 1002 3822 proficisci
1036 3739 1338 3823 demonstravimus,

193 3847 271 3911 talis
295 3871 342 3932 ea,
365 3869 446 3933 quae
471 3848 512 3912 ab
536 3846 749 3931 inspiratione
774 3850 807 3910 et
825 3845 1043 3929 exspiratione
1067 3850 1175 3911 sumtu
1199 3849 1257 3930 est,
1279 3870 1338 3912 nec

194 3953 385 4019 dissimilem
403 3956 544 4038 reperies
568 3977 649 4040 eam,
672 3976 754 4039 quae
776 3975 932 4035 amorsu,
955 3953 1063 4036 quiin
1082 3954 1338 4040 aegritudinibus

194 4061 325 4144 eccidit,
352 4061 576 4144 proficiscitur.
630 4061 692 4136 Qui
725 4083 797 4126 cum
829 4059 994 4124 evidenter
1020 4059 1055 4124 in
1081 4081 1137 4124 ore
1168 4059 1338 4124 ventriculi

192 4167 362 4252 gignatur,
385 4167 442 4232 isti
464 4169 505 4232 ed
529 4189 584 4232 cor
606 4166 759 4230 referunt.
802 4166 935 4250 Quodsi,
958 4167 1035 4251 quia
1053 4167 1143 4231 iuxta
1166 4166 1337 4231 ventriculi

193 4296 229 4339 os
253 4274 352 4338 situm
375 4274 420 4338 sit
442 4295 510 4356 cor,
533 4275 605 4338 ideo
629 4295 667 4336 ex
690 4271 753 4336 hoe
776 4272 856 4336 oriri
879 4273 1031 4338 effectum
1054 4275 1185 4356 putant,
1208 4295 1228 4338 a
1250 4273 1337 4357 posi-

192 4381 281 4447 tione
314 4383 594 4466 ergumentantur3
630 4380 680 4443 sin
714 4401 770 4442 cor
800 4379 907 4462 ipsum
935 4401 970 4442 re
1002 4401 1079 4443 vera
1111 4401 1221 4444 morsu
1250 4379 1336 4444 affici
