3212 5146
585 412 827 476 -633-

139 571 291 660 στόματος
317 575 506 660 προσβολῆς
533 567 722 656 ἐπιτήδειόν
749 569 848 635 ἐστιν.
898 559 940 654 ἦν
969 567 1004 634 δὲ
1034 565 1145 636 αὐτῶν
1171 568 1284 657 πρώτη

139 679 201 766 μὲν
232 677 253 766 ἡ
289 677 370 746 κατὰ
408 676 548 764 ὀξύτητα
582 679 637 746 καὶ
670 673 876 764 ἀμβλύτητα,
909 676 1047 762 δευτέρα
1079 675 1117 742 δὲ
1149 673 1170 762 ἡ
1202 675 1283 744 κατὰ

139 785 329 874 θερμότητα
360 785 414 853 καὶ
443 784 648 873 ψυχρότητα,
680 781 761 851 κατά
793 780 1001 870 συμβεβηκὸς
1033 781 1069 849 δὲ
1097 787 1135 850 αλ
1161 788 1285 865 λοιπαί,

139 893 282 980 μέγεθός
305 920 338 961 τε
361 893 416 960 καὶ
440 896 548 980 σχῆμα
571 893 626 960 καὶ
650 898 780 978 κίνησις
802 891 858 958 καὶ
881 886 1041 976 άριθμός,
1069 895 1107 957 αἳ
1126 891 1180 957 καὶ
1204 891 1286 978 μετὰ
1340 875 1348 887 ’

140 1004 366 1087 συλλογισμοῦ
392 1001 447 1067 καὶ
475 999 623 1087 μνήμης,
656 995 697 1066 οὐ
728 996 834 1086 μόνης
862 995 1050 1083 αἰσθήσεως
1084 998 1312 1084 ἐδείχθησανῠ

140 1105 314 1194 γινόμεναι
338 1105 420 1174 κατά
444 1133 478 1173 τε
505 1103 567 1192 τὴν
595 1102 688 1192 ἁφὴν
710 1105 765 1172 καὶ
793 1103 856 1191 τὴν
879 1102 959 1184 ὄψιν
987 1105 1024 1172 ἐν
1047 1107 1086 1192 τῇ
1109 1105 1182 1191 περὶ
1206 1101 1286 1172 άπο-

141 1215 272 1294 δείξεως
294 1219 514 1302 πραγματείᾳ,
542 1209 620 1280 καθ’
647 1209 690 1299 ἢν
712 1215 845 1299 πρῶτον
869 1207 948 1292 dirui
972 1210 1203 1299 γεγυμνάσθαι
1225 1208 1287 1280 τὸν

141 1317 285 1407 ἀκριβῶς
312 1321 450 1388 ἕπεσθαι
478 1330 548 1398 τοῖς
574 1323 640 1387 νῦν
667 1319 858 1404 λεγομένοις
885 1319 1071 1405 ἐφιέμενον.
1116 1315 1225 1404 ὥσπερ
1250 1317 1286 1385 δὲ

140 1425 180 1495 τδι
203 1431 261 1514 τῆς
283 1424 420 1514 ἁπτικῆς
443 1423 630 1514 αἰσθήσεως
649 1421 793 1512 αἰσθητὰ
817 1423 873 1492 διὰ
899 1422 1112 1510 άντιβάσεως,
1137 1422 1223 1492 οὕτω
1246 1423 1286 1491 τά

141 1538 198 1620 τῆς
220 1538 392 1622 γευστικῆς
414 1532 470 1602 διὰ
498 1531 680 1620 δγρότητός
701 1558 736 1599 τε
759 1533 813 1599 καὶ
841 1535 956 1619 χυμῶν
983 1536 1030 1610 εἰς
1056 1535 1183 1618 γνῶσιν
1206 1529 1286 1618 ἥκει.
1302 1553 1326 1590 1⁰

141 1642 196 1709 καὶ
219 1637 262 1728 ἢν
286 1639 488 1729 ξηρανθεῖσά
510 1665 589 1708 ποτε
606 1639 687 1728 τάχη
712 1641 868 1726 σφοδρῶς
890 1636 910 1726 ἡ
933 1643 1072 1725 γλῶττα,
1096 1643 1287 1726 διαφθείρε-

142 1774 195 1815 ται
223 1751 292 1815 τεόν
318 1751 434 1835 χυμῶν
461 1744 481 1834 ἡ
515 1745 696 1832 διάγνωσις
726 1742 772 1832 μὴ
805 1747 998 1832 δυναμένου
1027 1750 1089 1814 τοῦ
1118 1744 1288 1824 παθόντος

142 1851 223 1922 αὐτὸ
248 1858 432 1940 διακρῖναι,
454 1860 490 1922 τί
509 1853 571 1942 μὲν
594 1850 669 1938 ὀξύ,
691 1859 726 1920 τί
747 1852 783 1920 δὲ
806 1852 927 1940 πικρόν
955 1854 1045 1920 ἐστιν
1067 1847 1088 1941 ἢ
1112 1851 1229 1940 δριμύ,
1255 1857 1291 1919 τί

143 1961 181 2030 δὲ
204 1957 374 2049 αὐστηρὸν
397 1957 417 2048 ἢ
438 1960 612 2047 στρυφνὸν
629 1955 649 2047 ἢ
669 1958 754 2039 ὅλως
777 1961 918 2046 στῦφον,
941 1958 1050 2048 ὥσπερ
1070 1957 1148 2029 οὐδὲ
1171 1965 1207 2026 τί
1225 1958 1288 2046 μὲν

142 2067 258 2155 γλυκύ,
281 2075 316 2136 τί
336 2068 372 2136 δὲ
396 2066 555 2156 ἁλμυρόν.
602 2066 791 2154 ἐμφράξεως
815 2066 851 2134 δὲ
874 2069 1057 2154 γενομένης
1082 2069 1149 2135 τῶν
1172 2065 1288 2152 πόρων
1303 2085 1327 2124 1⁵

142 2178 200 2261 τῆς
217 2171 311 2261 ῥινὸς
334 2171 353 2261 ἡ
379 2177 414 2243 ἐκ
436 2178 504 2243 τῶν
526 2171 641 2262 ὀδμῶν
664 2181 821 2259 αἴσθησις
843 2171 1050 2264 άπόλΙλυται,
1073 2173 1224 2262 καθάπερ
1248 2199 1285 2260 γε
1295 2189 1352 2244 635

179 2397 195 2446 ὅ
215 2385 303 2460 μόνον
321 2383 355 2459 ἧς
375 2390 453 2444 οοδδ,
473 2388 536 2444 edd.
557 2387 614 2443 ‘vel
633 2387 782 2442 delendum
801 2377 835 2456 ἧς
853 2388 898 2443 vel
918 2387 1066 2474 legendum
1085 2383 1184 2456 μόνης’
1205 2389 1286 2444 Corn.

144 2495 177 2504 -
198 2469 213 2518 6
233 2463 298 2528 περὶ
316 2463 366 2530 τῆς
383 2461 463 2516 codd.
483 2460 545 2514 edd.
565 2459 614 2528 τῆς
632 2458 795 2514 delevimus.
815 2491 849 2499 —
869 2467 883 2513 7
903 2479 1016 2526 πρωτην
1035 2459 1114 2513 codd.
1134 2460 1196 2514 edd.
1215 2461 1287 2526 πρῶ-

142 2555 192 2660 iiim
210 2551 274 2602 nos;
293 2533 327 2588 cfr
346 2533 429 2588 Proll.
450 2550 476 2602 p.
496 2537 538 2586 98.
560 2563 591 2571 -
613 2536 645 2584 13
665 2531 841 2600 διακρίνεται
860 2530 887 2584 M
907 2532 1051 2600 διακρίνοι
1071 2531 1130 2586 AB.
1151 2563 1183 2570 -
1203 2533 1291 2601 δρυμί

145 2745 356 2754 ---...—·-·

144 2847 240 2890 neum
276 2827 338 2907 est,
375 2821 458 2906 quod
494 2845 513 2886 a
553 2822 673 2886 terreni
716 2822 861 2906 corporis
895 2821 1079 2887 incursione
1118 2821 1289 2887 efficiatur.

143 2930 296 2996 Efficitur
328 2933 436 2994 autem
469 2927 576 3011 prima
607 2927 723 2992 harum
756 2928 975 2995 incursionum
1008 2950 1066 3012 per
1093 2931 1224 2992 acutum
1257 2931 1290 2992 et

145 3038 315 3120 obtusum,
348 3035 487 3100 secunda
513 3057 571 3118 per
598 3034 739 3099 calidum
767 3039 800 3099 et
822 3035 988 3121 frigidum,
1010 3034 1153 3119 reliquae
1177 3057 1288 3100 omnes

144 3165 203 3228 per
231 3142 378 3208 accidens
406 3144 558 3206 constant
590 3142 829 3227 magnitudine,
861 3138 1114 3228 fignra',·motu,
1144 3164 1289 3226 numero,

145 3273 225 3336 quas
250 3271 322 3314 cum
342 3249 593 3315 ratiocinatione
612 3253 645 3313 et
667 3249 833 3334 memoris,
855 3271 921 3314 non
940 3249 1011 3314 solo
1039 3269 1144 3331 sensu,
1166 3247 1289 3310 tamin

144 3359 235 3422 tactu
264 3359 296 3419 et
323 3355 395 3420 visu
423 3356 577 3420 exsistere
606 3355 806 3421 ostendimus
834 3355 868 3420 in
900 3378 996 3440 opere
1024 3355 1062 3418 de
1090 3354 1289 3420 demonstra·

145 3464 248 3546 tione,
275 3462 310 3526 in
337 3485 400 3546 quo
428 3463 519 3546 prius
548 3463 759 3528 exercitatum
787 3463 898 3548 velim,
927 3463 980 3548 qui
1009 3463 1098 3546 cupit
1126 3483 1179 3545 ea,
1206 3483 1288 3546 quae

144 3592 230 3635 nuuc
254 3569 413 3651 dicuntur,
436 3569 538 3651 probe
560 3569 758 3656 intellegere.
796 3569 1072 3647 Quemadmodum
1097 3572 1204 3633 autem
1228 3589 1289 3652 res,

146 3699 229 3762 quae
253 3677 312 3740 sub
336 3679 461 3740 tactum
481 3677 608 3760 cudunt,
632 3699 689 3761 per
711 3699 889 3760 occursum,
912 3677 969 3760 ita,
991 3698 1073 3760 quae
1098 3676 1158 3740 sub
1181 3679 1290 3761 gusta-

145 3788 225 3868 tum,
243 3805 301 3868 per
318 3783 489 3848 humorem
504 3787 537 3848 et
555 3806 667 3850 succos
685 3785 720 3848 in
739 3783 960 3869 cognitionem
977 3781 1120 3846 veniunt.
1152 3781 1197 3847 Et
1215 3805 1288 3848 cum

145 3891 352 3956 vehementer
375 3913 606 3975 nonnunquam
629 3891 751 3956 inaruit
773 3891 900 3976 lingua,
928 3911 1098 3954 succorum
1122 3889 1288 3954 distinctio

145 3997 266 4081 interit,
290 4019 362 4062 eum
386 3996 425 4082 is,
449 3998 504 4082 qui
527 3997 590 4062 hoc
613 3999 700 4064 malo
724 3999 861 4082 laborat,
883 4020 949 4062 nou
972 3996 1078 4082 possit
1100 3997 1290 4079 discernere,

145 4105 222 4190 quid
246 4105 387 4189 acidum,
411 4105 488 4190 quid
517 4127 663 4170 amarum
687 4104 731 4169 sit
753 4105 804 4170 vel
828 4127 914 4189 acre,
941 4104 1018 4190 quid
1046 4107 1211 4168 austerum
1238 4104 1289 4168 vcl

147 4212 300 4277 acerbum
323 4212 374 4276 vel
398 4212 528 4296 penitus
553 4211 773 4296 adstringens,
796 4233 854 4277 uec
877 4213 998 4296 magis,
1021 4211 1097 4295 quid
1121 4211 1213 4274 dulce
1236 4211 1289 4294 sit,

145 4319 221 4403 quid
245 4318 376 4382 salsum.
421 4319 459 4382 Iu
486 4319 615 4383 narium
643 4321 752 4383 autem
781 4318 941 4382 meatibus
965 4316 1173 4382 obturatione
1201 4316 1289 4380 facta

146 4425 280 4490 odorum
310 4447 422 4490 sensus
450 4425 626 4510 evanescit,
658 4448 773 4491 vocum
802 4425 894 4508 item,
921 4424 949 4488 si
979 4445 1073 4488 aures
1103 4424 1288 4488 obstructae
