3264 5136
754 394 972 463 ..462

287 553 410 623 dandus
439 559 502 642 cst,
534 557 634 644 quod,
661 581 742 642 quae
771 559 890 624 vitioso
921 559 1039 642 spiritu
1070 557 1122 622 vel
1155 559 1290 622 accentu
1321 557 1450 622 notata

287 669 392 748 erant,
423 665 520 749 longe
552 666 648 751 plura
674 688 773 750 quam
800 665 1003 730 Basileenses
1031 664 1180 730 correxit.
1232 662 1447 748 Quamquam

287 794 353 836 non
376 771 486 836 omnia
514 772 700 836 emendavit
727 775 759 836 et
786 771 958 855 aliquoties
987 792 1038 853 ea,
1066 791 1148 854 quae
1175 769 1256 834 bene
1280 791 1314 833 se
1337 768 1447 834 habe-

287 861 388 962 bantJ
403 877 438 942 in
460 877 601 942 deterius
620 879 774 962 mutavit,
796 877 886 942 velut
907 901 939 962 p.
958 878 1023 942 220
1046 880 1122 960 post
1139 875 1235 960 med,
1258 875 1314 940 ubi
1334 872 1445 940 Char·

269 985 401 1067 terius,
424 1006 520 1068 quem
538 985 666 1049 Kuehn.
684 987 813 1050 secutus
832 988 896 1068 est,
919 984 1020 1048 edidit
1036 979 1092 1046 καὶ
1116 976 1222 1058 οὕτως
1240 977 1308 1046 ἐστὶ
1332 978 1446 1066 (ἐστὶν

288 1087 332 1174 K)
355 1085 420 1172 ἤδη
443 1091 563 1155 τινῶν
586 1090 622 1155 ἐν
644 1102 714 1167 τοῖς
737 1086 830 1178 ζῴοις
848 1086 1026 1174 δυνάμεων
1049 1082 1069 1171 ἡ
1097 1089 1217 1173 καρδία
1239 1084 1344 1172 πηγή,
1371 1111 1445 1172 qua

287 1196 450 1278 scriptura
478 1198 718 1282 argumentatio
746 1197 835 1261 illius
861 1196 927 1262 loci
954 1217 1086 1280 prorsus
1114 1195 1241 1260 clevata
1268 1199 1327 1259 est.
1373 1194 1443 1258 Ga·

286 1303 378 1366 lenus
408 1303 495 1367 enim
524 1307 696 1377 monuerat
722 1303 954 1389 probationum
983 1323 1053 1366 esse
1085 1322 1205 1386 genera
1231 1300 1309 1384 duo,
1336 1323 1444 1365 unum

288 1430 413 1493 earum,
436 1430 518 1493 quae
541 1432 580 1474 ex
603 1410 706 1495 ipsius
730 1411 791 1495 rei,
818 1411 857 1474 dc
881 1433 944 1495 qua
967 1408 1148 1494 quaeritur,
1175 1407 1359 1471 substantia
1382 1430 1442 1490 pe-

287 1518 445 1600 terentur,
473 1516 611 1580 alterum
634 1539 758 1600 earum,
785 1539 868 1601 quac
891 1516 1090 1581 extrinsecus
1118 1516 1227 1578 essent
1249 1513 1442 1598 sumendae3

288 1621 323 1684 iu
345 1621 417 1704 illo,
439 1643 506 1685 non
528 1621 563 1685 in
586 1620 648 1686 hoc
676 1642 792 1706 genere
816 1621 959 1704 positam
982 1642 1052 1684 esse
1079 1617 1231 1703 μέθοδον
1253 1613 1442 1684 ἀποδεικτι-

287 1723 366 1810 κήο;
385 1748 463 1811 ergo
483 1727 511 1790 si
530 1727 603 1810 quis
622 1727 844 1792 demonstrare
859 1727 957 1792 vellet
974 1727 1009 1792 in
1028 1727 1122 1792 corde
1137 1747 1207 1790 esse
1227 1726 1327 1790 animi
1347 1727 1442 1810 prin-

287 1834 446 1917 cipatum,
473 1833 615 1917 primum
643 1837 794 1918 oportere
824 1856 989 1918 quaerere,
1016 1833 1094 1917 quid
1117 1836 1202 1898 esset
1224 1832 1441 1917 principatus.

289 1939 450 2014 Quoniam
473 1942 582 2004 autem
606 1945 691 2004 esset
713 1925 929 2024 principatus,
957 1937 1040 2003 unde
1068 1942 1101 2002 et
1126 1960 1240 2004 sensus
1264 1943 1297 2003 et
1318 1945 1441 2025 motus,

289 2046 344 2130 qui
366 2067 425 2129 per
448 2047 683 2130 appetitionem
706 2049 810 2130 fieret,
832 2045 1029 2130 principium
1049 2047 1148 2128 esset,
1171 2045 1263 2110 illam
1281 2046 1320 2110 de
1341 2048 1440 2112 corde

288 2153 483 2217 sententiam
521 2175 586 2219 non
623 2153 752 2218 aliunde
787 2173 885 2236 posse
921 2151 1055 2236 probari
1090 2153 1155 2216 nisi
1191 2173 1230 2216 ex
1262 2174 1314 2236 eo,
1350 2153 1440 2237 quod

290 2280 418 2325 omnem
446 2261 479 2322 et
507 2281 636 2324 sensum
664 2263 697 2323 et
724 2262 849 2325 motum
876 2258 1097 2323 voluntarium
1121 2279 1138 2322 e
1161 2257 1257 2323 corde
1282 2281 1341 2342 per
1362 2260 1438 2324 reli·

288 2386 352 2449 qua
375 2365 591 2430 animantium
621 2387 758 2449 corpora
781 2387 913 2430 manare
940 2365 1223 2429 demonstraretur.
1266 2364 1303 2430 Id
1327 2371 1437 2433 autem

287 2473 378 2537 nulla
401 2473 467 2537 alia
489 2495 524 2536 re
547 2473 617 2536 fieri
640 2493 736 2555 posse
758 2472 823 2536 nisi
846 2471 1015 2536 incidendo
1039 2471 1275 2557 aperiendoque
1299 2494 1438 2556 corpora

289 2579 492 2663 animalium3
516 2575 583 2640 ‘scal
607 2572 713 2652 οὕτως
736 2575 825 2641 ἐστὶν
847 2573 912 2660 ἤδη
939 2578 1043 2641 τινῶν
1066 2577 1103 2642 ἐν
1125 2589 1195 2654 τοῖς
1217 2574 1311 2666 ζῴοις
1334 2575 1438 2644 δυνά-

288 2707 378 2768 μεων
405 2678 425 2768 ἡ
453 2684 573 2768 καρδία
602 2679 705 2766 πηγή’
734 2682 877 2748 Galenus
905 2683 1130 2748 concluderet?
1178 2683 1284 2751 Immo
1308 2687 1354 2751 sic
1382 2686 1437 2750 de·

289 2791 362 2854 buit
385 2790 587 2855 concludere:
618 2789 730 2874 ‘atque
757 2790 806 2854 ita
829 2789 957 2854 demum
975 2791 1173 2872 pmspteaam
1195 2792 1265 2870 erit,
1287 2812 1438 2873 paranim-

287 2917 363 2962 nam
391 2897 425 2962 in
454 2896 651 2962 animalibus
679 2918 734 2961 cor
759 2895 954 2961 facultatum
985 2895 1058 2961 fons
1086 2897 1231 2961 exsistat.
1281 2897 1326 2960 Et
1353 2897 1437 2962 talia

289 3003 449 3068 Galenum
472 3003 641 3086 scripsisse
670 3025 709 3066 ex
731 3002 825 3067 ΜΑΒ
850 3002 1045 3086 scripturam
1065 3005 1186 3067 τίνων
1203 3004 1436 3087 praebentibus

288 3110 397 3176 videre
416 3110 501 3174 licet.
538 3109 628 3186 Quae
651 3109 844 3174 antecedunt
865 3109 976 3193 verba,
999 3130 1064 3174 non
1083 3109 1211 3194 integra
1230 3113 1317 3196 sunt3
1341 3109 1435 3175 MAG

288 3219 446 3302 scriptum
476 3216 598 3282 habent
626 3213 681 3280 καὶ
711 3211 817 3292 οὕτως
846 3217 955 3298 ἔχειν
984 3209 1064 3298 ipim
1094 3215 1298 3281 Basileensss
1329 3217 1436 3282 conie-

289 3328 402 3388 cerunt
423 3319 479 3387 καὶ
503 3319 609 3400 οὕτως
635 3321 715 3388 ἐστὶ
743 3317 817 3406 ἤδη.
862 3320 945 3386 Mihi
968 3322 1097 3406 quidem
1124 3344 1218 3387 usum
1243 3321 1359 3388 Galeni
1387 3345 1435 3388 re·

289 3429 439 3514 spicienti
457 3451 523 3495 non
542 3431 676 3495 dubium
695 3432 745 3494 est
763 3427 842 3513 quin
860 3451 938 3492 vera
956 3429 1025 3494 eius
1044 3451 1159 3494 manus
1177 3430 1234 3494 sit:
1257 3427 1311 3494 aot
1329 3425 1436 3506 οὕτως

288 3538 379 3600 ἔστιν
402 3537 505 3600 ἰδεῖν
527 3532 608 3620 ἤδη,
630 3538 751 3601 τίνων
773 3559 802 3600 κ.
823 3558 851 3598 τ.
873 3539 902 3599 λ.

376 3641 487 3706 Etiam
520 3643 585 3708 alio
616 3643 689 3709 loco
722 3643 814 3728 apice
845 3642 930 3708 falso
963 3643 1115 3728 apposito
1148 3641 1206 3708 ch.
1238 3643 1434 3709 sententiam

288 3748 443 3832 corrupit.
488 3749 522 3812 P.
546 3749 610 3814 354
637 3753 714 3835 post
737 3749 778 3814 in
802 3753 835 3816 et
856 3749 912 3814 ille
935 3754 968 3813 et
991 3749 1117 3814 Kuchn.
1141 3751 1354 3834 scripsenmt:
1376 3746 1436 3826 τὰς

288 3855 404 3942 τέχνας
427 3848 555 3930 ἁπάσας
577 3853 614 3920 ἐν
636 3857 675 3940 τῇ
697 3858 818 3944 καρδίᾳ
837 3855 1077 3941 συνισταμένας
1100 3851 1156 3922 διὰ
1178 3853 1239 3922 τὸν
1261 3853 1365 3939 λόγον
1388 3859 1436 3933 εἰς

288 3959 325 4029 τὸ
345 3957 494 4047 φανερὸν
508 3957 728 4046 ἐκφερόμενοί
742 3987 829 4040 τινες
847 3959 941 4046 λόγοι
960 3958 1016 4028 διὰ
1034 3964 1092 4046 τῆς
1109 3963 1254 4048 κεφαλῆς
1273 3962 1434 4041 ἐξίασιν.

289 4071 383 4136 ΜΑΒ
402 4073 502 4134 recte:
526 4065 679 4147 ἐξιᾶσιν
701 4069 721 4132 i.
740 4091 766 4134 e.
785 4070 947 4134 emittunt.
982 4068 1100 4134 Levius
1125 4075 1187 4154 est,
1210 4069 1295 4154 quod
1318 4093 1348 4154 p.
1370 4071 1433 4134 728

289 4175 339 4244 ὅτι
358 4173 398 4243 τὰ
417 4171 501 4242 αὐτὰ
524 4170 698 4262 γράμματά
722 4173 807 4240 ἐστί
826 4198 892 4242 που
909 4173 964 4240 καὶ
982 4171 1103 4242 ἄλλοθι
1127 4181 1224 4261 μείζω
1248 4199 1307 4262 pro
1331 4173 1433 4262 γράμ-

288 4309 374 4368 ματα
398 4287 478 4350 ἔστι
501 4305 567 4350 που
589 4307 618 4348 κ.
638 4307 666 4349 τ.
688 4287 717 4348 λ.
740 4281 848 4348 edidit
891 4283 929 4348 ln
952 4284 1067 4348 ceteris
1090 4285 1238 4368 portibus
1261 4283 1433 4368 orthogra-

289 4391 386 4478 phiae
412 4413 478 4458 non
504 4413 610 4477 pauca
637 4390 753 4456 vitiose
780 4389 814 4455 in
837 4391 866 4454 A
890 4391 1026 4477 scripta,
1052 4391 1185 4476 quacB
1214 4391 1338 4456 intacta
1360 4391 1433 4458 reli·
