3376 5144
625 389 866 454 -801-

158 545 248 634 μετὰ
289 550 393 614 ταῦτα
416 546 470 614 καὶ
499 545 538 614 τὰ
569 552 758 634 σοφίσματα
789 543 868 614 καθ’
913 543 1090 634 ὁμοιότητα
1131 545 1195 634 τὴν
1235 545 1318 636 πρὸς

161 653 249 733 τοὺς
273 650 412 740 ἀληθεῖς
435 653 556 741 λόγους
580 661 802 722 συντίθενται.
849 653 1081 740 διαγινώσκειν
1106 652 1142 721 δέ
1164 653 1220 721 καὶ
1245 659 1316 722 δια-

157 765 299 848 κρίνειν
323 757 407 828 αὐτδι
431 758 495 829 ἀπὸ
520 758 672 848 ἀλλήλων
696 762 732 827 ol
752 761 1017 848 γεγυμνασμένοι
1040 787 1122 829 κατα
1144 758 1206 847 τὴν
1228 758 1315 847 ὕλην

159 870 300 954 ἐκείνην
323 876 427 953 ἴσασι,
456 867 529 955 περὶ
571 863 614 954 ἣν
637 865 657 954 ἡ
681 868 777 954 τέχνη
822 870 995 954 διατρίβει,
1035 866 1115 957 μετὰ
1155 871 1215 935 τοῦ
1257 871 1314 954 δη-

159 972 281 1042 λονότι
309 975 363 1042 καὶ
391 973 453 1062 τὴν
481 972 629 1062 φυσικὴν
661 979 748 1061 ἔχειν
772 971 964 1062 ἀγχίνοιαν,
985 971 1028 1062 ἢν
1051 976 1151 1064 ἐχρῆν
1173 973 1340 1063 μάλισται

158 1087 348 1168 κρίνεσθαι
371 1081 452 1150 κατὰ
476 1082 539 1171 τὴν
561 1079 695 1170 ἡλικίαν
718 1084 787 1150 τῶν
809 1085 939 1150 παίδων
962 1079 1027 1151 ὑπὸ
1046 1087 1115 1151 τῶν
1137 1084 1175 1151 έν
1198 1082 1314 1172 ἑκάστῃ

156 1187 262 1256 πόλει
279 1189 515 1258 δυνατωτάτων
529 1190 773 1278 πρεσβυτέρων,
783 1186 865 1256 ὥστε
877 1187 1102 1276 ἐκμανθάνειν
1119 1189 1180 1277 τὴν
1194 1188 1316 1278 προσή-

157 1315 298 1362 κουσαν
319 1299 359 1384 τῇ
382 1296 482 1382 φύσει
501 1298 621 1384 τέχνην
644 1297 797 1364 ἕκαστον·
821 1292 866 1374 ὦς
884 1299 950 1362 νῦν
967 1323 1004 1383 γε
1022 1296 1166 1376 πολλοὺς
1184 1294 1315 1384 δρῶμεν

159 1402 285 1488 τέχνας
313 1401 449 1488 λογικὰς
478 1398 651 1491 μετιόντας
681 1399 760 1472 οὐδὲ
788 1395 839 1481 οἷς
866 1398 960 1470 αὐτοὶ
984 1403 1189 1489 φθέγγονται
1212 1429 1314 1492 παρα-

158 1515 431 1590 κολουθοῦντας.
1327 1531 1353 1570 10

249 1613 318 1684 Ὅτι
344 1615 381 1684 δὲ
404 1621 451 1696 είς
472 1616 531 1697 τάς
553 1615 687 1703 λογικὰς
710 1614 813 1704 ἀρχὰς
835 1613 991 1702 ἀνάγεται
1009 1615 1132 1696 παντὸς
1150 1616 1314 1706 δόγματος

160 1721 184 1810 ἡ
216 1719 395 1808 ἀπόδειξις,
425 1725 642 1792 ἐπιδέδεικται
670 1723 731 1811 μέν
759 1721 840 1810 ἡμῖν
868 1724 904 1790 έν
932 1720 1073 1803 ἁπάσαις
1099 1722 1221 1812 σχεδὸν
1243 1740 1315 1806 ταῖς

160 1837 415 1919 πραγματείαις,
439 1827 599 1899 ἀλλὰκαὶ
624 1834 701 1915 νῦν,
726 1829 838 1917 ἐπειδὴ
861 1829 899 1898 τὸ
924 1834 1109 1919 διακρίνειν
1133 1828 1196 1900 ἀπὸ
1217 1829 1314 1919 ἀλλή-

161 1947 238 2005 λων
262 1937 431 2006 δύνασθαι
458 1937 498 2006 τὰ
528 1935 702 2024 πράγματα
730 1937 785 2004 καὶ
814 1946 959 2024 θεωρεῖν
989 1939 993 2026 l
1023 1935 1166 2027 ἀκριβῶς
1192 1938 1251 2020 τὰς
1278 1940 1380 2009 lviso

162 2043 317 2124 ἑκάστοις
340 2041 537 2132 ὁμοιότητάς
559 2070 594 2111 τε
612 2045 667 2111 καὶ
688 2040 927 2131 ἀνομοιότητας
945 2045 978 2124 ἐξ
996 2041 1099 2131 ἀρχῆς
1117 2055 1353 2114 ercensindam

161 2148 398 2239 προύθέμεθα,
420 2149 604 2240 προσθήσω
628 2177 658 2217 τι
681 2149 891 2238 παράδειγμα
913 2156 1100 2237 γυμνασίας
1119 2151 1245 2234 ἕνεκεν,
1269 2147 1314 2229 ὡς

203 2391 216 2438 1
242 2383 298 2437 τάν
321 2381 391 2451 πρὸς
414 2382 493 2438 codd.
517 2382 579 2438 edd.
602 2377 655 2451 τὴν
683 2378 753 2448 πρὸς
776 2398 834 2437 uos.
864 2413 896 2424 -
925 2389 941 2438 2
969 2379 1001 2438 δὲ
1025 2381 1145 2437 inseruit
1167 2382 1246 2438 Corn.
1277 2412 1310 2421 -

163 2461 183 2508 4
203 2457 278 2538 lgent
294 2459 362 2580 ροιι
387 2455 524 2526 διατρίβει
543 2454 711 2537 collocutum
729 2454 816 2508 habet
829 2471 861 2540 μ.
888 2483 919 2493 -
944 2460 959 2508 7
978 2453 1032 2508 καίΙ
1046 2449 1240 2523 ἐκμανθάνειν
1259 2446 1311 2520 τὴν

162 2545 185 2596 p
204 2544 274 2580 ωστε
310 2545 354 2596 κμ.
374 2545 397 2579 τ.
416 2543 480 2590 nos;
501 2521 560 2592 έκμ.
580 2544 609 2578 τε
629 2545 680 2594 την
700 2527 802 2580 omisso
821 2542 892 2579 ωστε
908 2523 1083 2580 MABChK.
1104 2556 1137 2566 -
1157 2531 1173 2580 8
1193 2523 1311 2578 ἕκαστον

162 2596 267 2667 τέχνην
286 2615 313 2667 p.
335 2628 366 2636 -
389 2591 419 2652 1'1
439 2592 491 2658 τάς
510 2613 564 2652 om.
584 2596 616 2649 Κ.
637 2623 670 2635 -

164 2817 247 2881 quoe
272 2799 463 2881 sequuntur,
500 2818 537 2862 ae
574 2794 801 2862 oevillotiones
839 2796 882 2861 ob
920 2795 1181 2881 similitudinem,
1218 2817 1313 2883 quem

165 2925 238 2967 eum
262 2904 347 2966 veris
375 2903 556 2967 rationibus
586 2902 724 2985 hebent,
753 2903 939 2968 concinnari
967 2903 1081 2968 solent.
1127 2903 1217 2979 Quae
1245 2926 1313 2969 om-

164 3009 220 3074 niu
251 3009 338 3074 inter
370 3030 404 3073 se
437 3009 618 3074 discernere
652 3012 685 3073 et
717 3008 914 3094 distinguere
950 3007 999 3073 illi
1037 3009 1159 3093 optime
1197 3009 1312 3092 sciunt,

164 3115 219 3200 qui
242 3115 277 3180 in
302 3137 340 3179 ea
364 3115 515 3200 materia,
543 3116 577 3180 in
601 3137 666 3200 quo
690 3137 743 3179 ars
766 3118 928 3201 versetur,
955 3115 1141 3181 exoeroiteti
1165 3118 1254 3199 sunt,
1283 3115 1311 3179 si

164 3221 315 3286 videlieet
341 3222 484 3286 naturali
522 3243 650 3308 quoque
682 3222 822 3307 praediti
864 3227 940 3288 sunt
980 3223 1174 3309 sagacitate,
1214 3243 1311 3306 quem

164 3328 295 3414 quidem
317 3328 526 3413 potissimum
550 3329 585 3394 in
610 3328 720 3414 pueris
744 3331 893 3413 spectare
917 3336 1013 3416 etque
1032 3329 1173 3395 iudicare
1195 3327 1312 3393 debent

163 3434 411 3518 prudentissimi
457 3436 491 3501 iu
536 3457 730 3522 unaqueque
776 3435 908 3503 oivitete
952 3437 1109 3520 seniores,
1154 3441 1190 3502 nt
1235 3459 1311 3501 suae

163 3542 297 3627 quisque
321 3545 456 3607 naturae
480 3543 727 3608 convenientem
750 3545 852 3606 ortem
876 3543 993 3626 discet,
1024 3544 1050 3609 si
1075 3543 1205 3628 quidem
1226 3565 1311 3609 nune

162 3647 284 3714 multos
308 3647 454 3714 videmus
478 3653 565 3714 artes
589 3649 771 3714 rationales
794 3649 944 3734 tractore,
968 3648 1022 3733 qui
1046 3670 1087 3715 ne
1112 3651 1312 3735 sequidem,

162 3775 245 3837 quoe
269 3755 335 3839 ipsi
358 3753 478 3839 dieunt,
502 3756 583 3821 satis
610 3755 813 3840 intellegent

253 3860 306 3926 Ad
346 3862 522 3929 rationalia
565 3865 673 3928 sutem
710 3860 871 3946 principie
906 3861 1020 3927 referri
1061 3862 1311 3949 uniuscuiusque

162 3965 283 4032 decreti
307 3967 619 4035 demonstrationem
651 3991 724 4034 oum
746 3969 781 4034 iu
813 3968 964 4034 omnibus
1003 3967 1070 4034 iere
1108 3953 1259 4054 operibus
1292 3993 1312 4035 o

160 4073 259 4139 nobis
296 4073 497 4140 declaratum
537 4079 601 4160 est,
633 4079 707 4140 tum
744 4097 831 4141 nuno
865 4097 1008 4160 quoque,
1045 4076 1211 4160 quoniam,
1247 4099 1310 4162 quo

161 4181 258 4247 modo
282 4203 334 4246 res
357 4181 443 4247 inter
466 4205 500 4248 se
525 4182 706 4247 discernere
736 4185 769 4245 et
796 4180 997 4266 singularum
1026 4181 1254 4248 similitudines
1278 4185 1311 4247 et

162 4286 443 4354 dissimilitudines
476 4287 651 4373 diligenter
683 4286 886 4382 considerare
923 4289 1099 4373 possimus,
1135 4286 1176 4351 ob
1213 4286 1309 4352 initio

161 4394 340 4460 deliberare
368 4395 462 4460 nobis
485 4395 694 4480 propositum
716 4394 793 4479 fuit,
825 4395 1008 4480 exemplum
1032 4415 1194 4479 epponem
1223 4414 1310 4457 exer-

217 4507 300 4550 Gslenl
313 4509 341 4550 de
354 4509 415 4550 Plee.
429 4509 487 4550 urst.
503 4511 526 4550 st
540 4509 649 4559 Hippon.
663 4509 722 4549 librl
1062 4502 1093 4553 51
