3296 5150
757 349 1000 432 κηηρ..

241 525 298 580 aaa
308 505 505 592 φιλοσόφων
525 506 530 594 1
550 503 744 592 ὁμολόγημα
763 504 891 590 κοινόν,
915 501 956 572 οὐ
975 511 1173 594 Χρυσίππου
1197 504 1307 592 μόνον
1330 501 1350 594 ἦ
1372 503 1456 593 Ἀρι-

308 615 481 691 στοτέλους
513 609 532 699 ἢ
567 612 763 697 Πλάτωνος,
796 609 1101 700 ἀποκρινάσθωσαν
1139 609 1236 700 ἡμῖν,
1272 610 1343 698 ἥτις
1374 615 1457 680 ποτέ

309 722 399 786 ἐστιν
426 724 514 788 αι’τία
541 723 599 806 τῆς
626 719 708 788 κατὰ
736 718 828 805 πάθη
861 718 1030 805 κινήσεως.
1076 716 1118 787 οὐ
1145 718 1209 805 γὰρ
1239 719 1280 806 θη
1310 717 1328 787 ὁ
1357 719 1457 804 λόγος

308 855 344 913 γε
368 831 432 897 νῦν
455 824 588 916 ἡγεμὼν
612 823 690 894 οὐδὲ
719 835 824 904 αἴτιος
856 822 970 903 αὐτοῖς
997 823 1154 913 ὑπάρχει,
1182 825 1335 914 καθάπερ
1359 831 1396 894 ἔν
1418 854 1453 894 τε

275 949 377 1013 ereis
395 931 605 1022 ἁμαρτήμασι
628 934 682 1000 καὶ
702 931 970 1020 κατορθώμασιν.
1006 930 1024 999 ὁ
1048 932 1110 1020 μὶν
1133 925 1197 1000 οὖν
1216 931 1455 1012 Ποσειδώνιος,

308 1039 353 1120 ὡς
382 1040 440 1126 iiv,
473 1039 581 1128 οἶμαι,
613 1041 842 1128 τεθραμμένος
870 1039 907 1106 ἐν
934 1044 1115 1127 γεωμετρίᾳ
1148 1038 1201 1106 καὶ
1233 1041 1362 1126 μᾶλλον
1388 1043 1456 1106 τῶν

308 1146 420 1216 ἄλλων
442 1151 603 1219 Στωϊκῶν
632 1145 840 1226 ἀποδείξασιν
866 1146 1004 1212 ἕπεσθαι
1029 1146 1300 1232 συνειθισμένος,
1328 1142 1455 1234 ᾐδέσθη

308 1254 370 1341 την
392 1282 427 1324 τε
451 1254 534 1344 πρὸς
555 1253 595 1322 τὰ
615 1257 730 1339 σαφῶς
748 1251 937 1339 φαινόμενα
960 1251 1069 1339 μάχην
1091 1253 1146 1320 καὶ
1165 1251 1227 1339 τὴν
1246 1249 1352 1320 αὐτοῦ
1374 1251 1456 1340 πρὸς

309 1358 413 1428 αὑτὸν
437 1363 688 1447 ἕναντιολογίαν
711 1364 771 1428 τοῦ
795 1366 992 1448 Χρυσίππου
1020 1360 1074 1426 καὶ
1101 1363 1252 1444 πειρᾶται
1275 1357 1320 1446 μὴ
1350 1359 1456 1446 μόνον

271 1493 294 1530 ιι
309 1468 429 1536 ἑαυτὸν
461 1483 531 1548 τοῖς
563 1476 808 1549 Πλατωνικοῖς,
845 1463 928 1533 ἀλλὰ
966 1466 1022 1534 καὶ
1054 1465 1115 1534 τὸν
1147 1468 1282 1534 Κιττιὲα
1316 1466 1456 1552 Ζήνωνα

309 1575 505 1662 προσάγειν·
539 1579 574 1644 ol
599 1575 634 1642 di
664 1572 757 1642 iiiior
786 1573 930 1640 Στωϊκοὶ
959 1571 1080 1659 σχεδὸν
1112 1571 1254 1652 ἅπαντες
1286 1571 1348 1642 οὐκ
1379 1572 1455 1642 aida

311 1680 399 1760 ὅπως
422 1683 560 1750 ἕπεσθαι
588 1686 717 1769 μᾶλλον
741 1675 791 1760 οἷς
819 1679 945 1765 ἐσφάλη
970 1678 1164 1767 Χρύσιππος
1187 1676 1456 1767 ὑπομάνουσινῆ

309 1786 452 1873 τάληθὲς
475 1792 653 1875 αἱρεῖσθαι.

399 1895 467 1962 Καὶ
492 1899 527 1962 οἵ
551 1921 587 1981 με
611 1899 675 1962 νῦν
698 1891 809 1962 αὐτῶν
833 1893 1040 1974 ἐνδοξότατοι
1071 1896 1341 1980 πυνθανομένων
1366 1891 1458 1984 ἡμῶν

272 2025 295 2064 ιο
311 2001 479 2086 ἑκάστοτε,
509 2009 585 2070 τιίια
613 2001 690 2070 ποτὲ
719 2000 780 2088 χρὴ
808 2009 962 2068 τίθεσθαι
993 1999 1055 2086 την
1082 2005 1192 2068 αἰτίαν
1218 2005 1277 2087 τῆς
1303 2003 1384 2070 κατὰ
1417 2000 1457 2068 τά

309 2107 403 2194 πάθη
432 2108 604 2195 κινήσεως,
632 2107 702 2178 άνω
731 2108 792 2195 μὲν
819 2109 871 2174 καὶ
901 2106 988 2174 κάτω
1016 2105 1095 2185 τοὺς
1117 2107 1238 2193 λόγους
1261 2109 1458 2188 ἑλίττουσιν,

310 2212 522 2300 άποσαφοῦσι
553 2216 589 2284 dl
623 2213 739 2299 οὐθέν,
771 2212 854 2282 ἀλλὰ
892 2215 997 2282 ἐνίοτε
1037 2214 1099 2300 μὲν
1132 2213 1193 2281 τὸν
1225 2212 1458 2302 ἡμαρτημένον

315 2345 340 2350 -
361 2346 373 2351 -
380 2345 479 2352 .-----
494 2345 527 2354 ...-

346 2401 362 2448 8
382 2388 473 2461 αὐτὴν
493 2395 571 2448 oodd.
591 2393 653 2448 edd.
674 2388 762 2448 αὐτοῦ
783 2411 845 2456 uos3
866 2392 901 2446 cl.
920 2391 1005 2446 Proll.
1025 2410 1051 2462 p.
1067 2398 1109 2449 97.
1131 2425 1160 2432 -
1184 2399 1216 2448 14
1236 2392 1457 2464 πινθανομένων

310 2465 347 2518 M.
368 2497 400 2504 -
423 2471 454 2519 16
476 2462 629 2519 ἕλίττονσιν
648 2465 684 2518 Μ.
707 2496 737 2505 -

311 2647 348 2708 m
373 2649 468 2729 atque
491 2646 544 2710 hie
570 2652 619 2710 est
639 2647 782 2710 omnium
807 2645 873 2708 sere
892 2645 1161 2729 philosophorum
1181 2647 1360 2710 ‹ronmumis
1384 2668 1457 2711 eon-

312 2775 438 2834 seusus,
466 2775 531 2816 uon
561 2752 738 2836 Chrysippi
766 2757 893 2816 tautum
923 2757 980 2815 aut
1003 2752 1192 2816 Aristotelis
1223 2756 1281 2816 aut
1303 2752 1458 2833 Platonis,

311 2858 528 2941 respondeant
551 2859 663 2940 uobis,
693 2882 850 2942 qrraeuam
875 2861 918 2923 sit
941 2881 1039 2924 causa
1063 2861 1216 2926 motionis
1240 2859 1456 2943 perturbatio-

310 2986 398 3030 num.
446 2965 559 3050 Neque
590 2966 689 3050 enim,
719 2970 756 3030 ut
782 2967 817 3030 in
844 2966 985 3050 pereatis
1015 2969 1047 3029 et
1076 2971 1162 3031 reete
1190 2967 1301 3049 faetiS,
1329 2967 1377 3030 ita
1404 2965 1456 3030 hie

311 3071 462 3156 princeps
486 3075 519 3136 et
542 3095 641 3138 eausa
665 3072 705 3136 iis
729 3073 830 3136 rideri
855 3074 939 3138 ratio
958 3077 1076 3156 potest.
1116 3073 1231 3158 Itaque
1256 3073 1457 3156 Posidonius,

311 3181 424 3260 utpote
448 3179 503 3262 qui
528 3181 568 3244 ab
593 3181 722 3244 ineunte
753 3183 872 3262 aetate,
897 3181 1026 3264 opinor,
1050 3181 1083 3246 in
1107 3179 1288 3264 geometria
1311 3183 1458 3244 versatus

312 3285 481 3369 magisque
505 3307 600 3369 quam
625 3287 725 3352 ceteri
749 3285 850 3350 Stoici
879 3287 1172 3353 demonstrationes
1196 3287 1284 3370 sequi
1309 3290 1457 3354 assuetus

312 3394 410 3474 esset,
443 3393 572 3458 erubuit
600 3398 713 3458 eontra
741 3393 902 3458 evidentia
930 3397 1026 3477 atque
1055 3399 1169 3478 aperta
1200 3397 1324 3458 eerture
1353 3396 1458 3476 atque,

312 3500 347 3560 ut
378 3494 594 3583 Chrysippum
627 3499 690 3564 sibi
728 3499 790 3583 ipsi
825 3501 989 3566 contraria
1024 3501 1130 3565 dieere
1163 3505 1369 3584 conaturque.
1392 3522 1458 3564 uon

311 3607 439 3669 tautum
463 3629 505 3687 so,
530 3607 585 3670 sed
604 3606 766 3672 Zenonem
790 3608 888 3672 etiam
908 3605 1064 3672 Cittieurn
1088 3631 1161 3672 eum
1180 3607 1360 3674 Platonicis
1384 3629 1457 3672 eou-

311 3711 434 3796 eiliure3
454 3712 569 3796 reliqui
590 3715 698 3776 autem
714 3713 813 3778 Stoiei
833 3715 900 3780 sere
920 3737 1031 3780 omnes
1050 3715 1159 3778 neseio
1179 3715 1340 3798 quomodo
1355 3712 1456 3796 (luy-

311 3819 397 3902 sippi
422 3841 547 3884 errores
571 3821 661 3904 sequi
685 3842 781 3903 quum
805 3844 914 3888 verum
939 3822 1058 3906 eligere
1082 3822 1275 3886 maluerunt.

399 3925 507 4010 Atque
540 3927 653 4010 esium,
683 3927 738 4011 qui
772 3950 809 3991 ex
843 3929 911 3993 illis
943 3949 1027 3994 nune
1059 3929 1257 3994 nobilissimi
1288 3928 1458 4010 labemur,

311 4031 484 4096 identidem
509 4034 602 4098 nobis
628 4035 879 4118 sciscitantibus,
902 4057 999 4120 quam
1023 4035 1154 4100 taudem
1178 4058 1309 4100 eausam
1333 4039 1457 4118 pertur-

311 4141 479 4204 bationum
507 4147 614 4206 motus
644 4142 825 4224 ponendam
855 4143 1068 4226 arbitrentur,
1100 4143 1186 4208 ultro
1202 4142 1360 4225 eitroque
1387 4165 1457 4206 oru-
1529 4126 1530 4129 Ἴ

310 4247 432 4312 tionem
465 4251 617 4332 torquent
651 4271 688 4312 oe
725 4249 872 4334 flectunt,
910 4249 993 4314 nihil
1027 4253 1137 4312 tamen
1176 4249 1366 4332 explanant,
1402 4247 1459 4314 sed

311 4355 472 4418 interdum
512 4359 672 4422 errantem
710 4357 867 4420 rationem
904 4360 937 4420 et
973 4356 1090 4420 salsam
1129 4356 1314 4438 opinionem
1352 4357 1458 4419 motus
