3376 5144
661 325 902 389 -817-

190 483 384 571 δογμάτων
403 485 536 570 πλῆθος
559 483 685 570 ἐγένετο
709 481 791 552 κατὰ
821 480 972 570 ἰατρικήν
994 508 1028 549 τε
1056 483 1111 550 καί
1136 490 1353 570 φιλοσοφίαν,

190 587 243 658 οὐ
269 590 471 677 δυναμένων
494 586 652 657 ἁπάντων
676 593 833 677 διορίζειν
852 585 917 656 ἀπὸ
941 592 1008 657 τῶν
1026 590 1059 670 ἐξ
1083 585 1230 676 ἀνάγκης
1248 587 1353 679 ὑπαρ-

189 696 334 782 χόντων
355 697 444 764 τισὶν
468 692 488 782 ἢ
512 683 684 784 ἑπομένων
703 693 723 783 ἢ
747 698 945 783 μαχομένων
967 694 988 782 ἦ
1012 723 1087 764 τινα
1111 693 1216 782 ἀλλην
1238 697 1353 783 σχέσιν

189 803 349 891 ἐχόντων
371 803 454 891 πρὸς
482 802 564 870 ἀλλα
587 801 627 870 τά
654 803 692 873 τὸ
718 801 866 872 δυνατὸν
895 809 1012 890 έχοντα
1035 804 1151 890 μόνον.
1196 799 1352 890 ὁμοιότης

190 911 266 998 γάρ
292 913 359 978 ἐστι
383 907 557 979 κάνταῦθα
580 918 715 990 πολλοῖς
745 915 812 978 τῶν
835 907 1027 997 ἀναγκαίων
1054 909 1138 998 πρὸς
1160 908 1199 978 τὰ
1223 909 1378 978 δνυατάτ

192 1019 275 1105 μέν,
299 1017 383 1086 ὅσον
406 1018 457 1085 ἐπὶ
481 1021 519 1106 τῇ
543 1016 669 1105 νοήσει,
692 1016 737 1106 μὴ
762 1019 875 1105 μέντοι
901 1045 936 1104 γε
954 1015 1147 1106 ὑπάρχοντα
1169 1016 1251 1086 κατὰ
1274 1015 1351 1104 ἀλή-

192 1136 311 1194 θειαν.
361 1121 445 1193 ἀλλὰ
473 1125 527 1192 καὶ
555 1123 682 1194 τούτων
711 1122 912 1210 [κάνταῦθα]
945 1124 1063 1213 μόνοις
1090 1139 1160 1204 τοῖς
1189 1151 1351 1212 γεγυμνα-

193 1233 337 1320 σμένοις
364 1230 446 1300 κατὰ
479 1229 562 1300 αὐτὰ
590 1237 698 1312 καλῶς
728 1232 790 1320 τὴν
823 1231 1007 1318 διάγνωσιν
1040 1241 1152 1320 οίομαι
1179 1241 1350 1300 ποιεῖσθαι

194 1339 256 1406 καὶ
280 1341 367 1426 μόνη
392 1366 428 1425 γε
447 1335 577 1427 ἀρκέσει
599 1353 670 1420 τοῖς
692 1340 911 1427 βουλομένοις
928 1335 1169 1418 ἀποδεικτικοῖς
1191 1341 1349 1426 γενέσθαι

196 1445 282 1533 μετὰ
305 1449 366 1514 τοῦ
390 1445 546 1533 δηλονότι
571 1462 721 1526 συνετοῖς
745 1444 830 1514 εἶναι
854 1446 963 1532 φύσει.
1003 1446 1189 1534 θαυμάζειν
1213 1439 1276 1516 οὖν
1300 1450 1349 1514 δί-
1365 1469 1390 1508 10

197 1555 298 1622 κατόν
327 1555 395 1620 ἐστι
422 1554 476 1620 καὶ
505 1552 587 1621 κατὰ
614 1557 713 1622 τοῦτο
740 1551 801 1621 τὸν
823 1555 988 1621 Πλάτωνα
1015 1551 1060 1640 μὴ
1084 1553 1193 1640 μόνον
1214 1554 1273 1633 τὰς
1294 1581 1350 1641 με·

197 1660 331 1740 θόδους
358 1663 493 1728 εἰπόντα
521 1656 577 1727 διά
606 1660 798 1748 συντόμων,
830 1657 913 1729 ἀλλὰ
940 1661 995 1727 καὶ
1023 1659 1240 1747 γυμνάσαντα
1267 1658 1346 1728 καθ’

200 1767 352 1855 ἑκάστην.
398 1772 465 1834 ἔστι
488 1765 551 1854 μὲν
574 1768 638 1855 γὰρ
661 1773 736 1855 τρία
759 1767 939 1854 κεφάλαια,
966 1772 1099 1856 πρῶτον
1126 1767 1187 1854 μὲν
1215 1767 1251 1836 τὸ
1275 1768 1349 1855 περὶ

200 1879 368 1962 διαίρεσιν
390 1875 445 1942 καί
469 1873 648 1958 σύνθεσιν,
670 1875 674 1961 l
695 1874 855 1961 δεύτερον
878 1875 915 1942 δὲ
937 1875 974 1944 τὸ
999 1877 1073 1964 περὶ
1100 1875 1253 1964 τὴντῶν
1276 1873 1351 1944 ἀπο·
1362 1893 1414 1947 191

198 1980 341 2050 λούθων
363 2008 398 2049 τε
420 1984 475 2050 καὶ
499 1984 698 2070 μαχομένων
721 1985 863 2067 γνῶσιν,
892 1983 943 2049 έπὶ
973 1981 1088 2063 αὐτοῖς
1116 1983 1152 2051 δὲ
1176 1989 1289 2070 τρίτον
1312 1983 1349 2052 τὸ
1366 2003 1390 2044 ¹⁵
1445 2005 1447 2010 ’

198 2087 283 2157 κατὰ
315 2087 378 2176 τὴν
409 2089 492 2178 πρὸς
521 2088 647 2176 ἀλληλα
679 2092 747 2158 τῶν
777 2086 981 2175 πραγμάτων
1012 2091 1200 2177 μεταβολὴν
1234 2092 1270 2159 έν
1303 2095 1347 2182 τῷ

240 2331 252 2376 1
278 2317 404 2391 ἰητρικήν
427 2323 570 2378 MABch.
597 2355 628 2364 —-
657 2318 797 2391 4ἀλληλα
820 2311 962 2378 MAB'ch.
987 2354 1019 2362 -
1049 2328 1064 2378 ’ί
1090 2318 1244 2378 κάνταῦθα
1268 2322 1346 2378 uncie

198 2393 373 2448 seclusimus.
400 2426 431 2434 —
457 2401 473 2450 8
493 2399 600 2450 αι”ονται
625 2394 703 2450 codd.
728 2395 790 2449 edd.
814 2397 911 2464 οἴομαι
934 2413 995 2460 nos;
1018 2394 1052 2448 cf.
1072 2394 1155 2448 Proll.
1179 2413 1207 2464 p.
1229 2400 1286 2448 101.
1310 2425 1345 2434 -

198 2469 386 2520 πεποιεῐσθαι
405 2465 463 2520 MA
481 2467 656 2534 πεποιῆσθαι
676 2464 774 2520 BChK
793 2470 939 2520 ποιεῖσθαι
956 2483 1016 2521 nos.
1037 2497 1066 2506 ·-
1089 2474 1120 2520 11
1140 2463 1213 2519 κατὰ
1228 2466 1256 2519 Μ
1275 2463 1345 2536 μετὰ

198 2536 342 2603 nach&
362 2536 397 2590 ci.
416 2536 500 2592 Proll.
519 2557 547 2608 p.
567 2543 608 2592 25.
630 2569 662 2576 —

199 2735 412 2821 philosophia
441 2735 615 2801 multitudo
640 2736 778 2819 exstitit,
807 2737 893 2821 quod
916 2749 990 2804 non
1007 2760 1119 2804 omnes
1146 2743 1285 2823 possunt
1307 2737 1347 2803 ab

199 2843 255 2926 iis,
284 2865 369 2927 *quae
403 2865 440 2906 ex
468 2843 661 2907 necessitate
690 2845 786 2909 rebus
818 2845 930 2909 insunt
956 2845 1007 2909 νεῖ
1033 2850 1275 2929 consequuntur
1297 2846 1348 2910 vel

200 2953 385 3034 repugnant
413 2949 464 3014 rol
493 2949 592 3013 aliam
625 2951 777 3015 adversus
802 2951 866 3014 alia
888 2950 1049 3015 rationem
1077 2949 1217 3034 habent,
1248 2951 1348 3016 inter·

198 3078 333 3122 noscere
364 3077 416 3139 ea,
443 3078 524 3142 quae
551 3056 585 3120 id
613 3057 837 3122 tantummodo
860 3056 996 3140 habent,
1023 3056 1109 3141 quod
1132 3078 1202 3122 esse
1229 3061 1347 3142 potest

199 3163 286 3230 Nam
310 3167 343 3227 et
365 3162 419 3228 hic
443 3162 623 3229 similitudo
652 3165 810 3250 quaedam
838 3167 888 3228 est
910 3161 1102 3248 multorum,
1129 3185 1210 3248 quae
1238 3185 1346 3230 neces·

199 3271 287 3336 saria
311 3274 399 3354 srmt,
423 3292 497 3334 cum
519 3269 576 3353 iis,
603 3293 686 3355 quae
709 3271 908 3358 cogitatione
931 3271 1102 3363 dumtaxat
1129 3274 1266 3355 possunt
1288 3271 1346 3337 illa

199 3376 330 3462 quidem
364 3398 449 3461 esse,
485 3401 551 3443 non
592 3381 701 3443 tamen
742 3401 777 3443 re
814 3401 890 3445 vera
926 3383 1011 3443 sunt.
1062 3375 1123 3443 Sed
1161 3383 1193 3444 et
1229 3378 1345 3444 horum

198 3483 477 3551 distinctionema
496 3485 572 3549 solis
596 3485 645 3568 iis,
664 3487 720 3569 qui
743 3487 777 3550 in
799 3487 840 3550 iis
865 3485 945 3549 satis
965 3484 1133 3550 exercitati
1158 3488 1242 3567 sunt,
1264 3485 1345 3549 bene

197 3590 270 3655 fieri
302 3613 397 3675 posse
440 3593 589 3657 existimo
624 3597 721 3676 atque
752 3591 832 3656 haec
865 3591 996 3676 quidem
1034 3590 1105 3655 sola
1142 3591 1183 3656 ad
1215 3590 1344 3658 demon-

199 3696 323 3762 strandi
349 3698 428 3762 artis
456 3699 611 3783 peritum,
644 3698 698 3784 qui
721 3699 822 3781 volet,
853 3696 1064 3780 reddendum,
1100 3698 1196 3764 modo
1228 3703 1346 3764 nature

198 3825 299 3890 sagax
323 3805 375 3887 sit,
400 3805 481 3869 satis
506 3807 575 3870 erit.
613 3804 772 3881 Quocirca
794 3804 857 3870 hoc
880 3826 1008 3890 quoque
1031 3805 1162 3870 nomine
1185 3803 1344 3870 admiran-

198 3911 257 3976 dus
282 3914 331 3976 est
353 3910 458 3995 Plato,
481 3912 535 3996 qui
557 3934 623 3978 non
645 3911 741 3976 modo
765 3913 835 3976 vias
858 3911 1101 3977 demonstrandi
1124 3912 1267 3976 breviter
1289 3911 1342 3976 do-

198 4019 314 4102 cuerit,
343 4041 454 4083 verum
479 4019 578 4083 etiam
611 4019 646 4084 in
670 4019 807 4104 singulis
830 4041 889 4083 nos
914 4017 1101 4084 exercuerit.
1148 4016 1230 4082 Sunt
1257 4019 1343 4082 enim

196 4125 263 4188 tria
286 4126 403 4209 capita,
426 4127 568 4209 primum
588 4119 626 4190 de
650 4124 811 4190 divisione
835 4129 868 4190 et
890 4125 1134 4209 compositione,
1159 4122 1343 4208 secundum,

197 4230 282 4316 quod
304 4231 339 4296 in
363 4233 628 4316 consequentium
652 4236 685 4296 et
708 4231 959 4318 repugnantium
983 4231 1168 4316 cognitione
1186 4235 1343 4315 versatur,

197 4337 330 4403 tertium
355 4338 395 4402 ad
418 4338 499 4404 haec
522 4338 562 4403 de
584 4357 692 4404 rerum
714 4339 799 4403 inter
826 4361 860 4402 sc
888 4339 1083 4422 mutatione,
1111 4341 1268 4422 quantum
1302 4338 1342 4402 ad

251 4452 332 4493 Galeui
347 4453 373 4493 do
389 4453 448 4494 Plac.
464 4453 522 4493 nist.
537 4457 559 4492 et
573 4453 681 4502 Hippoor.
696 4452 754 4492 libri.
1088 4441 1137 4496 ’52
