3376 5144
609 390 852 456 -767—

154 543 233 614 ἅττα
259 550 327 614 τῶν
355 545 633 635 συγγραμμάτων.
679 549 716 615 έν
744 546 806 635 μὲν
830 539 893 615 οὖν
919 550 965 639 τῷ
988 551 1146 636 Σοφιστῇ
1173 549 1229 616 καὶ
1257 552 1303 640 τῷ

154 657 319 744 Πολιτικῷ
344 652 511 738 διδάσκει,
538 656 607 732 πῶς
629 651 672 720 άν
694 679 744 732 τις
772 649 847 722 ἀντὶ
870 657 928 741 τῆς
956 660 1181 742 προσηγορίας
1204 655 1302 742 ἑρμη-

153 759 246 828 νεόοι
284 758 372 850 λόγῳ
409 774 512 846 σαφεῖ
540 786 575 828 τε
609 758 676 848 ἅμα
709 761 764 827 καὶ
795 759 951 852 συντόμῳ
981 759 1018 830 τὸ
1051 759 1303 848 σημαινόμενον

152 863 267 952 αὐτῆς,
290 863 406 934 ὅντινα
435 864 538 951 λόγον
571 862 713 953 ὁρισμόν
745 892 779 933 τε
812 868 868 934 καλ
901 865 984 956 δρον
1017 868 1188 956 ἐξαιρέτως
1228 867 1301 934 έκά-

151 981 253 1041 λεσαν
277 976 312 1040 oi
332 970 412 1060 μετὰ
436 970 614 1041 Πλάτωνα·
639 974 676 1040 έν
699 973 736 1040 δέ
766 977 811 1064 τῷ
825 1041 831 1053 ,
847 972 984 1064 Φιλήβφ
1012 974 1136 1067 καὶτῷ
1163 977 1327 1064 Φαίδρφο

151 1083 325 1148 δείκνυσιν
367 1082 413 1157 εἰς
448 1082 575 1166 τεχνῶν
613 1079 776 1148 σύστασιν
813 1076 1081 1168 ἀναγκαιοτάτην
1117 1078 1202 1148 εἶναι
1238 1077 1301 1168 τὴν

151 1184 356 1273 διαιρετικὴν
378 1186 433 1254 καὶ
457 1185 661 1275 συνθετικὴν
683 1193 834 1274 θεωρίαν
856 1185 1090 1274 γεγυμνάσθαι
1111 1213 1147 1255 τε
1174 1185 1299 1254 κελεύει

150 1295 268 1372 διττῶς
295 1292 377 1360 κατὰ
405 1290 513 1380 αὐτὴν
540 1291 604 1362 άπὸ
642 1293 704 1381 μὲν
731 1297 793 1362 τοῦ
820 1291 954 1382 τράτου
990 1295 1044 1362 καὶ
1078 1292 1300 1382 γενικωτάτου

148 1405 411 1485 καταβαίνοντας
448 1401 499 1468 sut
528 1399 568 1467 τὰ
595 1402 710 1488 μηκέτι
742 1399 850 1488 τομὴν
882 1399 1044 1488 δεχόμενα
1078 1401 1133 1468 διά
1165 1404 1233 1468 τῶν
1262 1402 1298 1468 έν

147 1510 192 1598 τῷ
218 1504 339 1593 μεταξὺ
362 1511 552 1595 διαφοράν,
581 1508 637 1576 διὰ
661 1499 710 1576 civ
732 1508 786 1575 καί
810 1507 890 1587 τοὺς
916 1505 1079 1595 ὁρισμοὺς
1103 1511 1172 1577 τῶν
1197 1510 1298 1576 εέδιόν
1314 1528 1339 1566 1⁰

148 1614 305 1701 έδεδείχει
334 1615 597 1702 συνισταμένους
625 1617 661 1682 ἐν
685 1617 838 1702 Σοφιστῇ
866 1614 920 1682 καί
945 1618 1127 1706 Πολιτικῷ,
1157 1620 1298 1701 ἔμπαλιν

149 1719 184 1786 δέ
211 1717 275 1787 άπὸ
299 1724 368 1788 τῶν
382 1719 604 1789 εἰδικωτάτων
626 1725 759 1789 πολλῶν
782 1718 892 1789 ὄντων
915 1711 1160 1808 ἀναβαίνοντας
1184 1722 1235 1788 sut
1258 1720 1296 1790 τὸ

147 1830 281 1915 πρῶτον
317 1827 414 1914 γένος
444 1827 527 1896 κατὰ
560 1829 564 1915 Ι
599 1827 775 1896 σύνθεσιν·
813 1825 897 1896 ὁδὸν
923 1828 986 1916 μέν
1013 1828 1077 1918 γάρ
1106 1826 1192 1897 εἶναι
1215 1833 1297 1916 μίαν
1308 1845 1364 1902 754

148 1930 289 2021 άμφοῖν,
313 1931 512 2022 ὁδοιπορίαν
535 1934 571 2004 δέ
596 1933 711 2021 διττὴν
734 1930 798 2002 άπὸ
822 1936 970 2023 θατέρου
992 1940 1060 2014 τῶν
1082 1935 1224 2023 κράτων
1247 1936 1299 2004 ἐπὶ

147 2039 296 2128 θάτερον
333 2039 473 2122 ἐναλλὰξ
510 2041 606 2108 ἰόντι.
652 2043 738 2126 λέγει
780 2040 818 2108 δέ
853 2042 927 2127 περὶ
956 2039 1069 2111 αὐτῶν
1098 2044 1135 2110 έν
1163 2043 1226 2129 μὲν
1252 2047 1297 2133 τῷ
1313 2065 1338 2102 1⁵

154 2151 292 2240 Φαίδρῳ
325 2147 408 2216 κατὰ
439 2147 540 2235 τήνδε
567 2147 630 2236 την
652 2149 753 2229 λέξιν·
786 2148 870 2234 εέμολ
898 2145 961 2232 μέν
983 2154 1137 2233 φαίνεται
1160 2147 1200 2216 τά
1236 2148 1298 2236 μέν

183 2351 196 2396 l
224 2344 262 2417 τῷ
285 2346 351 2398 ante
375 2344 514 2417 Πολιτικῷ
539 2361 590 2399 nos
613 2344 790 2399 inseruimus.
819 2374 851 2384 -
880 2351 896 2397 4
925 2338 987 2413 ipro
1015 2339 1041 2398 ’ν
1065 2345 1121 2399 MP
1145 2340 1296 2416 ὁρωμένου

146 2413 227 2469 FAB
247 2410 402 2484 ὡρισμένον
421 2414 506 2482 ChK;
526 2415 560 2470 cf.
580 2416 665 2502 Pron,
684 2434 711 2502 p.
731 2422 774 2470 28.
796 2445 828 2456 -
848 2408 915 2484 ὅρον
934 2409 968 2470 ὃν
1018 2460 1023 2470 .
1045 2447 1074 2456 -
1097 2412 1246 2472 διτλάτων
1264 2415 1294 2469 Ρ.

146 2517 178 2525 —-
201 2482 309 2557 φιλὸβεο
323 2485 353 2540 P.
370 2518 401 2525 —-
422 2493 438 2541 8
457 2487 556 2548 διττῶς
576 2482 602 2540 τ’
622 2507 714 2556 αοτην
728 2486 759 2541 Ρ.
779 2517 812 2527 -
834 2495 865 2541 11
887 2483 1023 2556 ἕδεδείχει
1038 2487 1136 2542 FChK
1157 2483 1295 2556 ἓδεδείχει

144 2553 344 2697 ἕλκεα
361 2553 894 2699 λαεραεάλάιιουτ.
911 2565 945 2702 {r
963 2555 1027 2685 tr?
1043 2579 1114 2670 1¹·
1132 2562 1155 2613 ²·
1175 2558 1293 2612 phud*

146 2741 178 2747 -
183 2740 358 2748 ——---..-

144 2793 246 2857 etism
269 2793 303 2858 in
323 2791 503 2874 Republica
525 2793 662 2878 aliisque
686 2792 880 2877 quibusdem
900 2795 1032 2880 scriptis
1052 2793 1296 2861 demonstravit

143 2898 183 2964 In
212 2897 368 2982 Sophiste
397 2898 498 2983 igitur
526 2904 559 2964 et
586 2899 727 2965 Politice
759 2899 867 2982 docet,
898 2923 962 2985 quo
995 2901 1092 2966 modo
1121 2901 1193 2984 quis
1221 2901 1294 2965 loco

145 3005 381 3090 appellationis
405 3005 495 3071 brevi
516 3010 549 3070 et
571 3007 713 3072 dilucida
731 3007 879 3072 cretione
898 3005 1168 3092 significationem
1189 3007 1293 3071 nomi-

142 3113 196 3177 nis
219 3113 467 3196 interpretetur,
490 3136 572 3196 quse
596 3115 701 3180 cretio
730 3136 749 3177 c
772 3112 952 3178 Platonicis
980 3133 1038 3196 per
1066 3111 1292 3176 excellentiam

142 3219 289 3284 definitio
309 3221 343 3281 et
364 3219 439 3282 finis
457 3225 645 3304 nuncupate
668 3225 731 3306 est3
754 3221 789 3284 in
807 3218 943 3284 Philebo
963 3222 996 3283 et
1013 3215 1161 3284 Phaedro
1185 3221 1292 3283 osten-

142 3327 193 3390 dit
216 3325 257 3390 od
281 3325 400 3390 artium
425 3327 695 3410 compositionem
713 3326 878 3394 dividendi
898 3330 932 3390 et
954 3323 1166 3411 componendi
1190 3327 1292 3387 ortem

144 3433 287 3498 maxime
310 3433 527 3498 necessarium
557 3456 627 3498 esse
655 3435 844 3518 duobusque
873 3434 978 3499 modis
1006 3432 1101 3499 nobis
1127 3434 1166 3494 ut
1192 3430 1226 3494 in
1253 3452 1292 3494 es

141 3562 204 3604 nos
230 3559 436 3604 exerceamus
460 3541 630 3626 praecipit,
652 3563 725 3620 uno,
750 3543 824 3606 ute
847 3540 953 3626 primo
971 3539 1174 3623 meximeque
1197 3557 1291 3622 gene·

140 3647 204 3711 rsli
234 3645 275 3710 sd
304 3667 356 3730 es,
383 3669 465 3731 quae
493 3648 616 3713 nullam
646 3647 786 3732 emplius
819 3646 996 3712 sectionem
1023 3646 1212 3727 admittent,
1239 3643 1290 3708 de-

141 3752 333 3817 scendemus
357 3773 415 3835 per
433 3753 632 3818 differentias
656 3755 690 3819 in
710 3755 817 3820 medio
838 3753 927 3837 sites,
950 3753 1068 3837 quibus
1088 3753 1291 3818 definitiones

141 3859 324 3942 specierum
345 3862 495 3924 constare
518 3860 553 3925 in
572 3857 728 3943 Sophiste
746 3863 779 3924 et
797 3858 935 3926 Politico
960 3860 1157 3942 ostenderet,
1180 3861 1291 3944 altero,

142 3970 179 4029 ut
211 3988 231 4030 a
264 3966 403 4030 maxime
437 3966 672 4050 singularibus,
705 3988 787 4051 quae
822 3967 924 4032 multe
957 3971 1046 4052 sunt,
1079 3967 1119 4031 ed
1148 3968 1289 4050 primum

141 4092 243 4156 genus
277 4073 501 4156 componendo
535 4073 760 4160 ascendemus,
793 4074 880 4138 viam
910 4075 996 4138 enim
1024 4096 1094 4138 esse
1121 4074 1289 4157 utriusque

141 4199 254 4262 unum,
282 4178 337 4244 sed
365 4179 429 4242 iter
452 4180 569 4264 duplex
594 4181 635 4244 ab
659 4181 762 4246 altero
792 4184 935 4246 extremo
963 4181 1004 4244 od
1027 4181 1165 4244 alterum
1193 4181 1287 4244 vicis·

141 4286 204 4350 sim
227 4287 419 4351 transeunti.
464 4285 514 4350 De
538 4287 655 4372 quibus
683 4288 717 4352 in
741 4286 888 4352 Phaedro
912 4287 960 4351 itn
981 4286 1139 4370 loquitur:
1176 4285 1288 4350 ‘Mihi

140 4393 292 4476 quidem
317 4396 447 4458 cetere
466 4395 649 4458 videntur
667 4415 705 4458 re
725 4415 817 4458 vera
834 4415 901 4477 per
923 4393 1048 4457 losum
1067 4403 1151 4456 esse
1169 4392 1287 4480 δίοδος
