3228 5148
586 451 630 468 --
678 365 830 482 111⁴-

131 575 222 642 lenus
246 575 373 662 laudet,
396 577 553 642 excidisse
576 577 643 642 iem
666 575 841 643 Coruurius
863 577 944 642 vidit
966 597 1024 642 nec
1047 575 1153 642 tacere
1174 576 1279 662 potui·

131 706 217 768 mus,
241 685 321 769 quin
344 684 457 750 cosin
481 687 605 748 textum
629 684 845 768 reciperemus
869 682 924 771 (cf.
948 706 1048 768 supra
1070 706 1102 767 p.
1127 684 1190 772 ll).

220 789 395 875 Reliquum
420 793 483 872 est,
510 793 547 854 ut
573 790 740 874 devitiis,
768 813 850 876 quae
878 791 913 854 in
935 792 1153 856 additamentis
1179 792 1279 856 verbo-

132 919 201 962 rum
229 898 292 962 siue
318 899 413 962 nnius
439 897 501 962 sive
521 897 664 978 plurium
688 900 875 978 cernuntur,
904 897 1110 962 disseremus.
1155 878 1278 962 Eorum

131 1009 242 1068 autem
265 1025 367 1089 genus
389 1001 506 1086 duplex
530 1007 588 1068 est.
616 1001 684 1066 Aut
706 1001 808 1066 errori
826 1001 1035 1067 librariorum
1053 1002 1210 1068 debentur
1228 1003 1279 1068 bis

132 1110 359 1192 scribentium,
381 1131 465 1193 quse
488 1108 586 1173 semel
607 1107 778 1172 scribenda
796 1112 898 1192 erunt,
921 1113 978 1173 aut
1001 1109 1151 1175 consulto
1172 1133 1192 1174 a
1212 1132 1279 1174 cor-

130 1215 312 1282 rectoribus
344 1214 434 1280 iecte
466 1217 542 1280 sunt
574 1213 714 1280 orationi
747 1215 868 1298 aliquid
905 1219 1026 1279 temere
1061 1215 1280 1281 inicientibus.

131 1321 315 1407 Utrumque
339 1341 440 1406 genus
463 1321 497 1385 in
521 1321 685 1386 codicibus
708 1321 829 1385 nostris
851 1321 1024 1386 admodum
1045 1319 1196 1405 frequens
1220 1325 1278 1386 est.

132 1429 181 1494 Ac
205 1429 338 1514 prioris,
361 1427 446 1512 quod
469 1426 711 1511 dittographiae
732 1427 862 1492 nomine
886 1427 1144 1512 complectimur,
1168 1429 1278 1494 verice

131 1535 257 1618 species
281 1538 368 1598 sunt:
397 1555 474 1616 une,
501 1533 587 1616 quod
610 1533 696 1597 idem
719 1533 787 1596 sive
815 1555 852 1596 ex
876 1555 940 1598 uno
963 1533 1031 1597 sive
1054 1534 1201 1617 pluribus
1224 1557 1279 1601 vo·

131 1641 259 1706 cubulis
282 1643 435 1704 constans
458 1641 629 1724 repetitur,
651 1640 741 1704 velut
763 1640 797 1704 in
820 1639 868 1721 M,
890 1639 946 1704 ubi
970 1662 1000 1723 p.
1019 1639 1084 1704 536
1103 1644 1177 1704 ante
1196 1644 1277 1707 med.

117 1753 209 1830 ‘post
238 1742 423 1834 καθαρτικὰ
449 1746 518 1810 τῶν
544 1742 798 1831 περιττωμάτων
825 1746 937 1829 verba,
969 1769 1051 1830 quae
1075 1749 1278 1832 antecedunt,

131 1853 208 1918 inde
231 1875 251 1916 a
273 1853 334 1917 τοῦ
356 1853 494 1938 αἵματος
516 1854 656 1936 repetita
669 1853 830 1938 legrmtur.
865 1850 1007 1938 Insignis
1027 1855 1152 1919 veroin
1165 1855 1277 1919 eodem

131 1959 242 2025 codice
265 1958 490 2046 dittographis
512 1963 575 2042 est,
602 1982 700 2044 quum
722 1959 757 2023 in
779 1957 834 2022 fol.
858 1957 921 2022 59·
942 1980 973 2042 p.
1001 1960 1082 2024 med.
1105 1961 1280 2045 deprehen·

130 2067 254 2150 dimus,
276 2067 331 2131 ubi
353 2065 507 2131 librarius
530 2069 703 2150 postquam
727 2064 900 2147 descripsit
917 2066 1017 2130 verba
1035 2063 1219 2150 ἐγκεφάλου
1239 2063 1277 2132 τὸ

131 2169 335 2249 demendis
357 2169 442 2237 ἰστὸν
464 2171 534 2257 (sed
558 2172 620 2236 hoc
643 2169 852 2256 expunctum)
882 2169 1009 2254 πλέγμα
1033 2169 1077 2256 (p.
1101 2172 1165 2236 609
1185 2171 1278 2259 init),

130 2279 270 2344 recurrit
293 2279 333 2343 ed
357 2279 456 2343 verbs
483 2273 685 2361 γιγνόμενον
708 2277 742 2342 ἐκ
765 2277 833 2341 τῶν
857 2275 1046 2362 ἐρχομένων
1068 2279 1115 2352 εἰς
1141 2272 1203 2360 τὴν
1227 2302 1278 2344 κε·
1405 2273 1411 2284 ”

130 2382 246 2470 palin
279 2379 447 2469 ἀρτηριῶν
482 2383 527 2470 (p.
557 2385 621 2449 607
656 2407 683 2448 a.
717 2381 813 2468 med.)
847 2385 944 2468 etque
976 2383 1025 2447 ite
1058 2382 1176 2468 viginti
1209 2384 1277 2448 fere

130 2495 265 2575 στίχους
291 2490 483 2574 exemplaris
512 2491 672 2575 propositi
704 2489 843 2573 repetiit.
888 2488 1042 2554 Fortasse
1070 2493 1178 2553 eutem
1210 2490 1276 2554 inm

131 2599 165 2662 in
184 2599 308 2681 codice,
331 2595 414 2662 unde
432 2597 617 2680 descripsit,
635 2596 720 2660 hanc
738 2595 944 2660 iterationem
959 2596 1130 2661 verborum
1144 2596 1280 2662 invenit.

131 2703 302 2768 Eiusmodi
326 2725 449 2767 errores
474 2704 516 2768 nb
540 2703 716 2768 editoribus
739 2701 830 2766 facili
852 2702 983 2787 negotio
1007 2703 1220 2766 animadverti
1244 2707 1278 2768 et

131 2811 204 2876 tolli
228 2814 404 2894 potuerunt
425 2831 484 2874 nec
503 2813 614 2874 tamen
633 2831 745 2872 omnes
764 2809 884 2873 sublati
904 2812 993 2892 sunt,
1011 2813 1048 2873 ut
1065 2832 1095 2892 p.
1110 2809 1176 2874 395
1190 2813 1278 2894 extr,

131 2917 188 2982 ubi
212 2917 351 3002 lcgn'mus
374 2911 394 2999 ἡ
419 2910 450 2980 d’
476 2909 560 2999 αὐτὴ
588 2911 675 2999 μάχη
699 2908 836 2994 κᾶνέν
858 2914 902 3002 τῷ
933 2917 1058 2998 κρίσεις
1078 2938 1112 2979 τε
1135 2911 1277 2998 φάσκειν

130 3018 218 3087 εἶναι
240 3019 281 3088 τὰ
302 3018 396 3105 πάθη
419 3045 448 3086 κ.
470 3045 497 3086 τ.
521 3025 560 3106 t,
590 3025 646 3086 aut
673 3021 878 3086 scribendum
900 3019 966 3085 fuit
991 3018 1045 3084 καὶ
1072 3020 1109 3086 ἐν
1133 3027 1189 3086 eut
1212 3018 1276 3088 κάν

130 3130 175 3218 τῷ
200 3153 265 3214 up„
292 3151 346 3213 pp.
365 3129 428 3193 567
454 3133 532 3192 extr.
556 3129 620 3193 568
643 3128 686 3192 in.
710 3125 916 3192 MABOhK:
940 3121 1048 3212 ὥσπερ
1073 3116 1195 3192 οὖντὸ
1218 3130 1276 3213 τῆς

130 3232 274 3324 γαστρὸς
295 3239 456 3312 λείψανον
479 3230 667 3317 ἐπιτήδειον
690 3237 852 3317 γίγνεται,
880 3228 961 3297 κατὰ
987 3228 1048 3297 τὸν
1074 3227 1178 3298 αὐτὸν
1201 3232 1275 3318 τρό-

129 3365 198 3406 πον
219 3354 290 3418 τοῖς
312 3335 389 3426 μεθ’
414 3329 502 3425 ἧπαρ
525 3336 626 3406 ἅπασι
654 3337 691 3406 τὸ
719 3337 841 3405 τούτου
868 3335 969 3404 πάλιν
996 3333 1100 3404 αὐτοῦ
1122 3337 1275 3424 περιττὸν

130 3442 216 3514 οὐδ’
242 3438 314 3514 οὖν
337 3443 411 3513 οὐδ’
437 3443 542 3512 αὐτοῦ
564 3449 625 3512 τοῦ
647 3442 771 3531 ἥπατος
788 3485 832 3492 -
853 3440 1097 3522 ἀλλοιώσαντος
1117 3443 1180 3529 τὴν
1201 3470 1275 3531 τρο-

129 3551 202 3640 φήν
229 3579 257 3620 κ.
279 3580 307 3620 τ.
330 3559 370 3640 λ.;
400 3555 435 3618 in
463 3554 653 3638 exemplari,
683 3554 766 3618 unde
788 3553 864 3616 MA
892 3552 1104 3636 deducuntur,
1135 3553 1275 3617 fortasse

130 3655 206 3726 οὐδ’
228 3654 302 3726 οὐδ’
323 3656 428 3726 αὐτοῦ
450 3661 608 3744 scriptum
632 3665 715 3742 erat,
737 3664 853 3743 postea
877 3681 896 3722 e
919 3663 1097 3724 correctore
1116 3659 1274 3745 dittogra-

129 3767 228 3853 phiee
250 3768 365 3833 vitium
378 3743 563 3852 'ignorante
590 3754 654 3830 οὖν
680 3766 838 3830 insertum
865 3769 927 3850 est,
954 3787 1014 3830 nos
1037 3759 1111 3830 οὐδ’
1138 3755 1201 3830 οὖν
1223 3767 1275 3830 dc·

128 3875 277 3942 lenimus.

221 3982 335 4046 Altera
356 3981 480 4065 speeies
503 3979 744 4066 dittographiae
768 3980 802 4044 in
825 4001 863 4044 eo
882 3980 1036 4062 cernitur,
1059 3979 1144 4064 quod
1168 3981 1272 4043 exitus

129 4088 278 4173 syllabae
302 4093 359 4152 aut
381 4088 466 4152 idem
490 4091 547 4152 eut
570 4087 625 4170 qui
648 4086 700 4150 vel
723 4086 828 4150 forme
852 4086 1035 4164 litterarum
1059 4087 1109 4149 vel
1133 4108 1272 4168 pronun-

129 4196 235 4260 tiandi
257 4193 487 4260 consuetudine
506 4193 623 4258 similis
642 4196 705 4275 est,
728 4193 895 4277 repetitur,
913 4193 1055 4256 velutin
1072 4190 1142 4254 MA
1163 4213 1192 4274 p.
1208 4191 1273 4256 645

128 4325 160 4386 p.
185 4302 266 4367 med
289 4300 425 4387 ῥᾳδίως
447 4293 496 4376 ὡς
518 4301 549 4364 εἰ
569 4295 733 4386 πρότερον
754 4296 833 4383 μὲν,
859 4298 916 4363 ubi
939 4295 1050 4363 Chcrt.
1072 4291 1118 4372 ὡς
1140 4297 1273 4383 delerit3

128 4431 160 4494 p.
185 4407 250 4473 715
273 4407 354 4470 med.
380 4401 417 4471 τὸ
446 4403 484 4470 di
511 4401 673 4471 σκώπτειν
695 4443 738 4452 -
765 4400 937 4492 προπετὲς,
965 4393 1052 4468 οἷον
1079 4394 1126 4468 ἂν
1151 4403 1206 4470 καὶ
1233 4401 1272 4472 τὸ
