3242 5138
788 440 833 450 -
881 403 943 467 126
988 439 1032 448 -

334 564 394 629 sub
423 564 445 628 f.
476 561 568 628 ΟΜΑ
598 561 656 646 τῆς
678 555 804 644 ἀλόγου
834 537 950 645 φωνῆς
978 583 1037 647 pro
1067 584 1094 626 τ.
1123 555 1245 643 ἄλοχος
1276 584 1326 643 φ.,
1358 584 1391 644 p.
1423 559 1488 624 508

224 695 233 714 ε
333 673 409 733 ante
436 692 478 734 m.
505 667 599 733 LMA
630 667 691 732 τοῦ
718 667 875 751 σφυγμοῦ
903 661 1069 754 ὀνόματος
1096 690 1155 751 pro
1182 667 1245 731 τοῦ
1267 661 1426 750 σφνχμός
1450 660 1488 744 6.,

333 798 363 859 p.
388 775 453 840 500
476 774 626 840 medeci
649 767 814 857 άῖογίστω
837 771 1041 858 θνμονμένω
1065 796 1125 858 pro
1148 773 1193 862 τῷ
1217 767 1404 857 ἀλογίστως
1427 778 1489 835 θυ-

333 881 488 970 μουμένῳ
516 877 567 968 (at
588 903 619 966 p.
643 880 708 946 502
730 881 775 945 in.
797 879 824 943 L
848 872 1031 962 ἀλογίστως
1054 861 1199 965 scripsit,
1222 879 1290 944 MA
1312 879 1348 946 in
1373 879 1488 944 eodem

334 990 450 1055 mendo
468 984 737 1074 perseverarunt).
772 984 972 1052 Oorrectoris
987 988 1022 1052 in
1037 987 1216 1070 archetypo
1235 1007 1352 1052 manus
1373 989 1490 1070 aperta

334 1100 384 1161 est
410 1120 441 1180 p.
468 1096 534 1160 466
563 1097 655 1179 extr„
686 1094 743 1159 ubi
770 1093 865 1159 LMA
893 1087 976 1178 αὕτη
1004 1088 1068 1178 γάρ
1095 1087 1213 1179 ἀρίστη
1240 1095 1374 1160 παίδων
1402 1113 1490 1157 παι-

334 1203 445 1278 θείας
466 1196 657 1286 παρασκευὴ
680 1202 743 1266 τοῦ
764 1201 955 1285 παθητικοῦ
982 1201 1040 1284 τῆς
1062 1202 1185 1286 ψυχῆς,
1212 1223 1272 1285 pro
1295 1221 1360 1284 quo
1386 1198 1489 1263 mani·

333 1307 454 1372 festum
485 1311 537 1372 est
573 1307 778 1374 scribendum
813 1329 898 1373 esse:
935 1301 1006 1373 αῧτ.
1037 1331 1066 1391 χ.
1099 1301 1129 1373 ά.
1160 1330 1193 1373 π.
1224 1305 1376 1387 παιδεία,
1415 1326 1490 1386 παρ.

333 1437 361 1479 τ.
383 1436 415 1478 π.
437 1438 466 1479 τ.
489 1424 523 1492 ψ.
549 1414 612 1480 hoc
640 1437 751 1480 sensu:
788 1414 926 1499 ‘optima
955 1415 1041 1480 enim
1065 1437 1238 1499 pueromm
1261 1411 1432 1479 institutio
1456 1411 1489 1475 in

334 1543 372 1586 eo
400 1522 556 1606 cernitur,
590 1522 676 1606 quod
703 1522 873 1588 affectibus
907 1522 1048 1587 obnoxio
1078 1522 1179 1586 animi
1209 1543 1285 1604 pars
1315 1521 1363 1586 ita
1397 1541 1488 1604 prae

333 1629 483 1711 paratur,
514 1631 552 1691 ut
583 1627 624 1692 ad
656 1629 945 1712 obtemperandum
978 1629 1098 1694 rationi
1131 1650 1228 1712 quam
1262 1625 1489 1712 promtissima

333 1733 417 1817 fiet’,
445 1737 478 1798 et
500 1757 531 1818 p.
549 1733 617 1798 490
640 1738 733 1819 θεῖα,
756 1735 813 1800 ubi
837 1734 987 1800 Genetivi
1010 1729 1203 1819 ἀνθρώπων
1226 1728 1489 1818 ἐπιχειρούντων

333 1877 378 1886 —-
404 1836 624 1924 κοσμούντων
650 1863 819 1925 perperam
847 1846 1011 1926 ponuntur
1042 1865 1101 1927 pro
1128 1839 1258 1905 Dativis
1290 1833 1490 1922 άνθριάαοις

335 1944 537 2031 ἐπιχειροῦσι
560 1983 604 1992 —-
627 1948 805 2032 κοσμοῦσι,
829 1949 885 2035 qui
907 1948 1092 2013 refenmtur
1115 1947 1155 2012 ad
1174 1947 1403 2012 antecedentes
1425 1943 1488 2008 Da-

334 2053 422 2118 tivos
444 2060 514 2130 τοῖς
534 2064 692 2137 κωμικοῖς
714 2046 735 2137 ἢ
758 2065 933 2141 τραγικοῖς.

422 2159 535 2224 Etiam
557 2161 731 2225 verborum
754 2162 956 2246 quorundum
979 2163 1096 2228 vitiose
1119 2161 1367 2226 terminatorum
1395 2157 1488 2242 origo

335 2266 515 2331 communis
549 2270 605 2331 est.
659 2267 694 2332 P.
728 2268 793 2332 302
826 2291 854 2332 a.
886 2292 928 2333 m.
960 2267 1053 2334 LMA
1085 2290 1152 2333 non
1185 2265 1400 2351 ἐπιτιμῶντα,
1434 2261 1488 2328 sed

335 2370 561 2457 ἐπιτιμῶνται,
590 2397 621 2458 p.
645 2375 711 2441 484
737 2397 768 2459 p.
790 2376 811 2439 i.
840 2398 906 2440 non
931 2373 1194 2458 ἐπισκέπτονται,
1222 2375 1279 2440 sed
1302 2369 1486 2438 ἐπισκέπτε-

335 2484 433 2562 σθαι,
460 2502 492 2564 p.
514 2481 581 2546 464
603 2503 634 2565 p.
657 2481 678 2546 i.
700 2503 767 2547 non
796 2475 974 2566 ὑπάρχειν,
997 2482 1053 2548 sod
1080 2476 1236 2567 ὑπάρχει,
1263 2505 1294 2567 p.
1317 2481 1384 2547 515
1413 2503 1445 2564 p.
1467 2477 1486 2541 i.

334 2609 400 2652 non
423 2583 557 2669 εἰκάζει,
585 2588 640 2653 sed
668 2584 822 2670 εἰκάζειν,
854 2612 885 2673 p.
912 2590 978 2654 462
1006 2614 1037 2674 p.
1064 2613 1106 2656 m.
1133 2613 1200 2656 non
1226 2583 1486 2674 η’λλωτρίωνται,

336 2692 392 2757 sed
423 2687 648 2778 ἠλῖωτρίωται
685 2693 739 2780 (cf.
773 2694 885 2782 Progr.
917 2701 1018 2762 nostr.
1049 2697 1096 2782 Π,
1135 2697 1204 2783 15),
1240 2719 1271 2781 p.
1302 2695 1368 2760 475
1408 2695 1486 2764 extr,

335 2820 401 2863 non
424 2791 617 2883 ἀναφέρειν,
641 2800 697 2865 sed
719 2794 965 2887 άναφέρεσθαι,
988 2828 1019 2889 p.
1041 2805 1106 2870 487
1131 2827 1161 2889 p.
1185 2827 1227 2869 m.
1249 2823 1316 2869 non
1339 2799 1485 2884 ἐπιτιμη-

334 2900 489 2988 θήσεται,
514 2907 570 2970 sed
593 2904 774 2992 ἐπιτιμήσει
797 2911 1014 2998 tradiderunt3
1038 2935 1068 2996 p.
1087 2911 1153 2977 492
1171 2934 1203 2996 p.
1225 2911 1246 2975 i.
1265 2907 1343 2973 inlr
1367 2907 1484 2991 σημαί-

336 3035 431 3096 νηται
455 3007 534 3097 γὰρ,
558 3013 593 3077 in
616 3013 682 3079 MA
710 3019 856 3101 σημαίνη
879 3041 913 3083 τε
937 3019 1089 3084 submota
1110 3017 1277 3084 Particula
1299 3010 1363 3098 γάρ
1386 3013 1485 3078 tradi-

335 3122 406 3183 tum
436 3122 486 3183 est
515 3141 575 3203 pro
603 3124 757 3204 σημαίνει
784 3119 865 3207 χάρ;
896 3147 927 3210 p.
960 3126 1025 3191 496
1058 3127 1136 3190 extr.
1164 3126 1254 3192 loona
1287 3143 1304 3185 e
1336 3119 1484 3185 Platonis

335 3225 413 3310 Rep.
442 3225 487 3310 (p.
514 3226 581 3290 440
609 3223 648 3312 O)
676 3229 856 3313 exscriptus
884 3232 920 3296 in
947 3234 1115 3317 utriusque
1144 3230 1290 3294 familiae
1318 3225 1484 3292 codicibus

334 3333 464 3398 laborat
487 3335 594 3396 vetere
617 3332 691 3398 lube
715 3335 814 3401 etiam
838 3337 1002 3403 codicibus
1027 3337 1206 3408 Platonicis
1229 3335 1397 3418 adspersa,
1422 3353 1485 3418 qus

335 3439 374 3503 de
397 3429 517 3504 re'vid.
540 3439 748 3524 Apparatum
771 3443 871 3509 critic.
895 3448 929 3509 et
951 3467 1050 3530 supra
1072 3467 1102 3529 p.
1126 3443 1177 3508 59.

423 3543 569 3630 Denique
596 3569 663 3613 non
691 3548 807 3614 desunt
833 3549 1011 3635 Aduerbio,
1042 3549 1306 3634 Praepositiones
1339 3547 1484 3632 aliaeque

336 3652 532 3735 Particulee,
555 3675 637 3738 quae
662 3678 735 3720 cum
753 3661 887 3742 propter
905 3658 988 3722 alias
1008 3649 1136 3741 causus,
1158 3661 1229 3721 tum
1248 3657 1383 3740 propter
1401 3675 1485 3718 com-

336 3759 454 3843 pendia
477 3759 556 3824 olim
579 3781 644 3826 non
668 3764 748 3827 satis
771 3764 938 3830 intellecta
955 3765 990 3830 in
1008 3769 1146 3849 utraque
1168 3762 1297 3828 familie
1313 3781 1483 3846 perperam

336 3863 474 3930 aliarum
505 3865 579 3930 loco
610 3869 738 3951 positae
770 3869 928 3936 videntur.
980 3870 1015 3934 P.
1047 3871 1112 3936 516
1144 3869 1187 3935 in.
1219 3867 1315 3934 LMA
1346 3861 1365 3932 6
1398 3859 1483 3948 ἀνὴρ

336 3965 442 4047 οὕτως
468 3993 528 4055 pro
557 3965 585 4037 ὁ.
612 3967 643 4038 ά.
670 3963 782 4057 οὗτος,
810 4001 841 4063 p.
870 3977 934 4044 278
963 3999 1004 4042 m.
1034 3971 1083 4040 ἐπ’
1114 3969 1228 4052 αὐτοῖς
1255 3997 1315 4060 pro
1344 3972 1381 4039 ἐν
1403 3966 1483 4050 αὐτ,

335 4101 365 4162 p.
389 4078 455 4143 474
479 4099 506 4142 a.
530 4099 573 4142 m.
596 4079 787 4148 ἐκπίπτουσι
810 4106 869 4167 pro
893 4081 980 4167 ἐμπ,
1004 4106 1034 4167 p.
1057 4085 1120 4148 477
1146 4105 1237 4167 pm.
1259 4077 1483 4166 προστεθέντα

335 4217 395 4278 pro
417 4215 525 4278 προτ,
548 4216 579 4278 p.
603 4190 669 4256 495
692 4191 762 4275 pi.
785 4193 966 4273 προελθεῖν
988 4213 1048 4274 pro
1071 4193 1210 4275 παρελθ.
1233 4189 1441 4272 scripserimt.

423 4299 493 4364 Nec
525 4321 602 4365 vero
634 4319 755 4383 parvus
784 4300 834 4361 est
859 4317 1012 4361 numerus
1045 4294 1219 4362 eorundem
1253 4293 1482 4360 vocabulorum

335 4406 371 4470 in
393 4409 530 4490 utraque
553 4405 681 4470 familia
703 4403 906 4470 omissorum.
950 4401 1026 4470 Non
1050 4405 1156 4469 solum
1179 4401 1346 4468 Articulus
1374 4401 1409 4466 in
1432 4397 1480 4466 GL
