3228 5148
475 1267 695 1343 BIBAION
720 1265 947 1342 ΠΡΩΤΟΝ.

171 1421 457 1488 FRAGMENTA
479 1420 633 1488 PARTIS
657 1421 776 1488 LIBRI
798 1421 923 1488 PRJMI
945 1420 1239 1488 DEPERDITAE.

657 1603 761 1610 ...ι-..-

222 1763 251 1826 1.
298 1755 356 1825 ’Ev
387 1761 431 1850 τῷ
459 1755 569 1848 χρόνῳ
601 1756 707 1847 τούτῳ
735 1757 870 1846 (annum
897 1782 927 1844 p.
952 1756 1010 1825 Oh.
1040 1760 1102 1824 168
1135 1759 1282 1846 intellegi

129 1865 214 1954 vult)
247 1865 328 1953 περὶ
362 1863 424 1952 μλν
453 1867 522 1932 τῶν
548 1861 786 1951 Ἱπποκράτους
817 1865 872 1931 καλ
900 1863 1082 1943 Πλάτωνος
1109 1865 1143 1945 ἓξ
1170 1869 1282 1949 βιβλία

129 1971 464 2059 προτρεψαμένου
486 1996 529 2057 με
553 1973 622 2038 τοῦ
640 1973 808 2057 Βοηθοῦ
827 1970 880 2060 (de
895 1973 968 2038 libr.
982 1996 1091 2058 propr.
1107 1973 1180 2039 Vol.
1195 1973 1282 2058 XIX,

130 2103 159 2163 p.
182 2081 227 2146 35
253 2085 336 2146 extr.
360 2077 413 2167 K)
599 2159 605 2173 ⁸

220 2187 251 2252 2.
300 2182 487 2272 Προῦκειτο
515 2183 577 2271 μὲν
600 2185 632 2264 ἐξ
655 2180 758 2271 ἀρχῆς
781 2183 1071 2264 ἐπισκέψασθαι
1094 2183 1181 2271 περὶ
1205 2187 1281 2252 τῶν

133 2293 382 2360 διοικουστὸν
417 2287 515 2378 ἡμᾶς
551 2289 776 2377 δυνάμεων,
818 2298 894 2357 εἴτε
931 2289 970 2355 ἐκ
1006 2293 1073 2376 τῆς
1112 2294 1282 2378 καρδίας

132 2396 258 2484 μόνης
281 2395 481 2486 δρμάνται
505 2396 722 2484 σύμπασαι,
748 2395 927 2483 καθάπερ
947 2393 1220 2484 Ἀριστοτέλης
1241 2422 1281 2464 τε

133 2503 195 2570 καὶ
218 2503 475 2592 Θεόφραστος
497 2499 803 2591 ὑπελάμβανον,
832 2511 910 2571 είτε
932 2513 1038 2589 τρεῖς
1065 2499 1187 2590 άρχδις
1209 2499 1280 2570 αὐ-

132 2613 209 2677 τῶν
230 2617 423 2680 τίθεσθαι
451 2611 628 2695 βέλτιον,
655 2607 987 2697 άςἹπποκράτης
1015 2635 1054 2678 τε
1082 2611 1150 2677 καλ
1173 2608 1279 2677 Πλά-

135 2743 209 2784 των
232 2715 423 2799 ἐδόξαζον
447 2717 499 2806 (de
524 2717 610 2785 Plac.
633 2743 663 2805 p.
688 2719 754 2786 505
777 2719 831 2808 Κ).

222 2828 253 2892 3.
302 2820 435 2891 Οὐδὲν
467 2822 540 2911 γάρ
568 2823 692 2903 οὕτως
719 2824 881 2909 ἐναργές
913 2823 1038 2909 ἐστιν,
1066 2820 1115 2902 ὥς
1141 2823 1183 2892 τὸ
1213 2829 1279 2892 δν-

137 2929 276 3018 νάμεις
302 2929 413 3010 τινὰς
441 2931 482 2997 έν
509 2945 593 3010 ταῖς
624 2927 830 3018 ἡμετέραις
862 2927 967 2999 εἶναι
999 2943 1143 3017 ψυχαῖς
1176 2932 1281 3018 ἐφιε-

136 3039 258 3122 μένας
285 3037 418 3125 φύσει,
445 3035 517 3124 τὴν
548 3036 619 3125 μὲν
650 3033 812 3124 ἡδονῆς,
845 3035 917 3123 τὴν
947 3035 987 3103 δὲ
1020 3035 1188 3122 κράτους
1214 3039 1280 3105 καλ

135 3149 261 3230 νίκης,
294 3139 333 3222 ἃς
369 3143 516 3231 ἐναργῶς
547 3140 698 3229 ὁρᾶσθαί
732 3163 814 3230 φησι
844 3140 909 3211 κάν
940 3157 1011 3223 τοῖς
1042 3140 1155 3223 ἄλλοις
1187 3142 1281 3235 ζῴοις

137 3245 154 3315 ὁ
178 3249 419 3334 Ποσειδώνιος,
446 3248 557 3336 ὥσπερ
579 3250 634 3317 καὶ
657 3247 751 3337 ἡμεῖς
774 3251 985 3337 ἐπεδείξαμεν
1008 3247 1114 3329 εὐθὺς
1136 3251 1173 3317 ἐν
1196 3247 1278 3339 άρχὴ

136 3360 195 3424 τοῦ
215 3355 353 3446 πράτου
375 3355 566 3444 γράμματος
588 3356 622 3445 (l.
644 3359 666 3424 l.
688 3382 719 3444 p.
744 3360 810 3425 424
833 3358 939 3447 ωειλ).

223 3469 254 3533 4.
297 3459 385 3532 Ἐπεὶ
409 3461 445 3530 δὲ
469 3461 697 3550 Χρύσιππος
719 3459 766 3531 οὐ
788 3465 877 3551 περὶ
900 3467 977 3532 τάν
1000 3459 1135 3550 άρχῶν
1157 3461 1280 3550 μόνον

138 3564 408 3658 ἠμφισβήτησε
431 3566 633 3656 πρὸςτοὺς
650 3569 858 3655 παλαιούς,
881 3567 979 3637 ἀλλὰ
1002 3570 1066 3638 καὶ
1092 3569 1179 3656 περλ
1203 3573 1279 3637 τῶν

140 3677 343 3765 δυνάμεων
379 3672 509 3744 αὐτῶν
550 3673 638 3745 οὔτε
680 3675 751 3764 τὴν
787 3680 985 3764 θυμοειδῆ
1023 3675 1281 3764 συγχωρήσας

138 3777 328 3872 ὑπάρχειν
364 3779 453 3850 οὔτε
489 3781 560 3870 τὴν
597 3781 904 3871 ίπιθυμητικὴν,
940 3784 1033 3863 ἔδοξε
1066 3784 1185 3870 χρῆναι
1216 3781 1279 3870 τὴν

139 3888 256 3958 τούτου
278 3888 442 3977 πρότερον
465 3887 568 3970 δόξαν
596 3890 878 3976 ἐπισκεψομένους
905 3887 1011 3968 οὕτως
1038 3889 1278 3977 ἐπανέρχεσθαι

138 3994 234 4064 πάλιν
257 3994 308 4064 ἐπὶ
332 3994 368 4063 τὸ
392 4002 613 4083 προκείμενον
636 3998 668 4078 έξ
692 3993 808 4085 ἀρχῆς,
838 3993 883 4076 ὡς
906 3995 1122 4083 ἐγκέφαλός
1148 4021 1186 4063 τε
1214 3996 1278 4062 καὶ

140 4107 279 4190 καρδία
302 4103 365 4171 καλ
393 4094 495 4190 ἡπαρ
518 4099 632 4191 άρχαὶ
660 4107 737 4172 των
765 4107 1006 4172 διοικουσῶν
1033 4099 1131 4190 ἡμᾶς
1159 4100 1277 4169 δυνά-

142 4209 238 4294 μεσίν
261 4215 365 4278 εἰσιν
387 4209 421 4298 (l.
444 4212 465 4278 l.
489 4235 544 4297 pp.
568 4212 642 4279 505.
666 4211 754 4301 506).

224 4323 254 4387 5.
282 4315 351 4387 ’Ὁτι
369 4315 431 4405 μὲν
449 4315 667 4404 άναγιιαϊόν
690 4317 797 4384 ἐστιν
815 4313 862 4385 οὐ
880 4314 1119 4404 φιλοσόφοις
1136 4321 1278 4402 μόνον,

143 4417 231 4492 άλλδι
263 4426 328 4494 καὶ
362 4429 528 4514 ἰατροῖς,
561 4422 649 4494 ὅσοι
681 4450 722 4511 γε
755 4423 803 4512 μὴ
838 4421 1056 4510 άλογίστως
1087 4419 1277 4490 ἅπτονται
