3300 5146
622 467 676 490 -.
710 429 775 500 313
823 464 864 474 -·-

170 588 208 655 έν
231 584 314 676 ἀρχῇ
339 613 375 673 γε
397 591 459 654 τοῦ
481 586 585 674 λόγου
603 587 727 667 παντὸς
749 592 883 674 ἔφησθα
906 583 987 654 κατὰ
1007 587 1096 668 λέξιν
1114 578 1192 656 ῶδε·
1216 583 1315 654 εοὕτω

170 698 336 783 εφαίνεται
369 693 566 781 διαφεύγειν
595 693 613 763 ὁ
641 694 742 775 τόπος
770 692 855 783 ἡμᾶς
887 692 963 762 οὔτε
997 693 1186 780 αἰσθήσεως
1218 695 1315 781 ἐκφα-

170 805 263 882 “νοῦς
286 803 479 890 γινομένης,
507 801 586 892 ὅπερ
614 804 667 871 ἐπὶ
698 806 765 871 τῶν
794 803 798 891 l
830 805 956 870 λοιπῶν
984 803 1212 902 συντέτευχεν,
1241 799 1383 872 οὕτεσλῦ

171 913 250 978 *τῶν
277 915 480 998 τεκμηρίων,
512 907 568 978 διὰ
601 901 650 978 ῶν
681 909 724 979 ἄν
751 937 800 990 τις
828 917 1060 997 συλλογίσαιτο
1091 912 1203 977 τοῦτο·
1237 905 1315 976 οὐδὲ

171 1015 247 1104 ’γὰρ
276 1013 318 1085 ἂν
346 1017 398 1085 lul
425 1021 588 1087 τοσοῦτον
615 1016 636 1106 ἡ
669 1014 840 1104 ἀντιλογία
867 1021 1015 1104 προῆλθε
1048 1018 1102 1086 καὶ
1131 1019 1167 1085 έν
1191 1021 1343 1105 impons

172 1125 238 1192 ‘nal
263 1125 299 1192 έν
323 1123 543 1212 φιλοσόφοις.’
589 1123 607 1194 δ
630 1129 733 1193 ταῦτα
756 1122 859 1192 είπῶν
882 1122 1076 1211 Χρύσιππος
1099 1129 1129 1192 εί
1154 1122 1255 1192 πάλιν
1280 1124 1317 1190 έν

171 1228 279 1323 ταύτῷ
312 1236 430 1323 βιβλίῳ
462 1231 584 1319 φάσκοι
619 1237 686 1302 τῶν
719 1235 946 1320 διαλογισμῶν
978 1229 1063 1320 ἡμᾶς
1089 1229 1315 1300 αἰσθάνεσθαι

171 1337 254 1407 κατὰ
277 1337 340 1426 τὴν
362 1343 504 1426 καρδίαν
531 1341 732 1428 γινομένων,
761 1336 838 1408 οὔδ’
865 1340 987 1408 ἑαυτοῦ
1014 1338 1103 1420 δόξει
1124 1342 1315 1426 μεμνῆσθαι

171 1446 227 1514 καὶ
245 1444 514 1527 καταψεύδεσθαι
533 1451 601 1516 τῶν
620 1449 780 1534 ἐναργῶν.
817 1443 858 1514 οὐ
880 1444 948 1533 μὴν
967 1442 1049 1514 ἀλλὰ
1072 1445 1223 1526 τοιοῦτός
1240 1472 1277 1532 γε
1297 1443 1314 1514 ὁ

172 1550 274 1640 ἀνήρ,
297 1551 379 1622 ῶστε
404 1550 465 1622 οὐκ
488 1549 531 1622 ἂν
559 1563 644 1623 είποι
673 1552 729 1621 διὰ
753 1551 941 1640 αι’σθήσεῶς
967 1579 1058 1633 τινος
1086 1553 1317 1640 έπιγινῶσκειν
1332 1576 1356 1615 1⁰

173 1661 210 1728 ἐν
241 1665 281 1749 τῇ
313 1664 434 1750 καρδίᾳ
468 1665 535 1730 τῶν
568 1661 820 1750 προειρημένων
852 1661 991 1729 ἕκαστον
1023 1660 1213 1748 γινόμενον.
1262 1663 1316 1729 καὶ

171 1766 240 1855 μὴν
263 1771 294 1835 εί
315 1766 359 1854 μὴ
384 1765 439 1835 διὰ
463 1768 659 1856 αἰσθήσεως,
682 1766 765 1836 ἀλλὰ
789 1767 845 1836 διὰ
869 1765 1066 1849 ἀποδείξεώς
1087 1794 1189 1852 τινος,
1211 1765 1318 1854 ἡδέως

172 1869 217 1941 ἂν
243 1870 447 1962 ἀκούσαιμεν
475 1872 584 1963 αὐτῆς.
631 1877 703 1964 ἐμοὶ
726 1875 788 1964 μέν
812 1875 854 1963 δὴ
883 1880 975 1944 δοκεῖ
999 1878 1044 1966 τῷ
1067 1875 1142 1962 περὶ
1169 1878 1227 1962 τῆς
1249 1901 1317 1962 φω-

174 1985 235 2068 νῆς
258 1979 345 2072 λόγῳ
369 1982 423 2049 καί
447 1986 512 2050 νῦν
530 1987 771 2071 προσχρῆσθαι.
815 1989 1031 2070 τεκμαίρομαι
1054 1981 1091 2049 δέ
1114 1982 1169 2050 καὶ
1193 1983 1228 2050 ἐκ
1249 1985 1317 2052 τῶν

173 2090 436 2176 ἐπιφερομένων·
469 2086 566 2158 εοἰπὸ’
598 2090 662 2178 γάρ
695 2093 768 2177 ’τῆς
799 2090 965 2169 διαυοίας’
998 2095 1085 2176 φησί
1109 2092 1179 2157 ‘da‘
1208 2090 1319 2175 λέγειν
1331 2111 1357 2152 15

173 2196 228 2264 καὶ
252 2197 289 2264 έν
312 2197 416 2289 ἑαυτῷ
440 2199 548 2286 λέγειν
571 2199 626 2266 καὶ
645 2195 764 2285 φωνὴν
782 2198 949 2280 διεξιέναί
972 2203 1031 2264 καί
1051 2199 1202 2283 εκαρδίας
1220 2197 1317 2285 (ἐστὶ)

209 2420 225 2464 6
244 2407 325 2466 ταῦτ’
346 2412 432 2466 MAB
451 2407 539 2498 τῶνδ’
559 2413 637 2467 ChK.
657 2444 692 2452 -
715 2415 820 2498 9Ἂροεί
842 2408 898 2498 μὴν
922 2430 972 2466 noe
995 2405 1064 2465 ἀλλὰ
1089 2409 1262 2466 inseruimus.
1283 2441 1316 2450 —

175 2489 208 2538 10
227 2484 293 2554 είπη
312 2482 442 2538 uussch
463 2484 538 2538 είποι
557 2485 590 2538 Κ.
615 2515 646 2524 -
674 2491 705 2540 16
728 2505 746 2553 η
771 2503 871 2553 φωνην
890 2483 969 2538 codd.
993 2482 1054 2538 edd.
1078 2483 1127 2536 καὶ
1150 2502 1180 2550 φ.
1205 2498 1261 2536 noe.
1283 2512 1315 2522 —

173 2557 294 2622 καρδίαν
312 2558 444 2610 νοεῖσθαι
462 2554 542 2611 codd.
561 2555 623 2611 odd.
641 2556 761 2625 καρδίας
779 2551 837 2610 leel
855 2575 879 2610 ν.
899 2572 957 2610 uos.
977 2585 1011 2596 -

173 2739 205 2800 te
234 2736 362 2801 sentire.
413 2733 514 2821 Atqui
541 2737 576 2802 in
608 2737 769 2822 principio
802 2738 904 2803 totius
937 2735 1169 2822 disputationis
1201 2735 1250 2800 ita
1277 2734 1317 2800 ad

174 2843 308 2909 verbum
336 2842 460 2908 dixisti:
516 2843 593 2909 ‘lta
625 2844 732 2910 sedes
766 2844 854 2928 ipsa
886 2867 954 2910 nos
983 2844 1139 2909 videtur
1170 2842 1318 2928 fugere,

174 2973 256 3016 cum
279 2972 398 3034 neque
422 2971 556 3014 sensus
580 2950 693 3015 huius
716 2953 773 3016 rei
796 2951 1029 3016 manifestus
1053 2952 1193 3032 exstet,
1217 2947 1319 3014 sicut

174 3058 213 3122 in
241 3057 421 3142 reliquia,
451 3079 573 3141 neque
606 3063 850 3142 argumenta,
883 3057 1022 3143 quibus
1053 3056 1124 3122 hoc
1156 3055 1316 3120 ratioci-

173 3163 300 3230 nando
325 3163 463 3248 colligi
485 3163 627 3250 possit3
655 3187 730 3231 non
755 3165 854 3230 onim
877 3165 917 3230 in
939 3167 1090 3229 tantam
1113 3167 1192 3228 tum
1215 3162 1318 3228 inter

174 3270 361 3354 medicos,
388 3274 467 3334 tum
495 3271 599 3335 inter
626 3271 885 3356 philosophos
913 3269 1229 3338 controversiam
1257 3292 1317 3335 res

175 3376 371 3444 venisset?
426 3375 517 3442 Haeo
553 3379 669 3444 effatus
702 3377 904 3464 Chrysippus
938 3379 966 3443 si
995 3401 1107 3444 rursus
1139 3378 1174 3442 in
1206 3377 1317 3443 codem

174 3485 259 3550 libro
286 3485 408 3550 diceret
435 3484 662 3550 meditationes
690 3487 725 3552 in
752 3488 847 3551 corde
874 3486 944 3550 fieri
971 3509 1031 3550 nos
1060 3485 1192 3569 sentire,
1215 3507 1318 3570 neque

174 3591 226 3656 sui
250 3613 374 3656 memor
398 3595 431 3656 et
453 3596 567 3658 eontra
590 3596 705 3677 aperta
732 3593 968 3677 manifestaque
992 3592 1122 3657 mentiri
1146 3593 1319 3658 videretur.

175 3697 239 3762 Sed
270 3697 298 3762 is
327 3701 378 3762 est
405 3699 455 3762 vir
482 3698 559 3782 iste,
587 3703 622 3763 ut
653 3721 719 3765 non
752 3700 893 3764 affirmet
923 3723 982 3784 per
1014 3721 1144 3764 sonsum
1177 3701 1318 3785 aliquem

173 3804 306 3888 harum,
333 3827 412 3890 quas
441 3828 540 3889 supra
567 3806 721 3891 diximus,
753 3828 861 3872 rerum
893 3806 1038 3892 singulas
1065 3807 1100 3872 in
1127 3807 1222 3872 corde
1249 3807 1319 3873 fieri

175 3932 209 3976 se
234 3931 437 3997 cognoscere.
477 3911 600 3978 Verum
624 3914 777 3979 siminus
800 3937 859 3999 per
877 3936 1017 3997 senatun,
1040 3913 1096 3979 sed
1113 3935 1172 3998 per
1189 3914 1319 3980 demon·

174 4018 368 4084 strationem
391 4019 423 4083 id
442 4025 555 4105 posset
577 4023 726 4106 probare,
748 4022 888 4087 libenter
906 4020 1079 4087 admodum
1103 4043 1175 4086 eam
1194 4021 1319 4086 audire·

174 4146 256 4190 mus.
314 4124 397 4192 Mihi
432 4126 560 4212 quidem
597 4128 820 4213 disputatione
857 4128 895 4193 da
933 4144 1011 4193 voce
1048 4127 1234 4194 etiamnunc
1271 4129 1319 4193 uti

173 4229 309 4314 videtur,
332 4233 419 4316 quod
436 4255 475 4298 ex
493 4233 555 4318 his,
578 4257 659 4319 quae
678 4235 726 4300 ita
744 4235 922 4321 subiungit,
945 4235 1080 4320 colligo:
1112 4233 1154 4300 ‘A
1178 4235 1320 4300 mente'

172 4337 281 4423 inquit
308 4337 431 4424 ‘loqui
458 4343 497 4404 et
524 4363 608 4408 cum
635 4341 834 4408 nobismet
860 4341 958 4427 ipsis
982 4341 1091 4428 loqui
1120 4347 1157 4407 et
1188 4365 1319 4410 vocem

175 4444 376 4529 explicare
398 4468 561 4514 neccsse
584 4447 662 4514 eet'
703 4448 800 4514 Tum:
825 4446 979 4515 ‘Gordia
998 4451 1058 4514 cst
1081 4448 1259 4537 cogitare
1283 4454 1320 4518 et
