3298 5136
606 437 848 506 *227-

155 601 238 686 ριῶν
261 597 298 669 δέ
321 625 356 685 γε
382 597 517 684 βρόχοις
540 603 793 686 διαληφθεισῶν
816 599 853 688 ἦ,
880 596 925 680 ῶς
948 610 1090 688 εἴρηται,
1113 601 1304 689 τμηθεισῶν

155 705 294 793 ἄφωνον
317 705 379 792 μὲν
408 699 426 790 ἢ
450 709 613 793 καρῶδες,
641 703 686 784 ῶς
710 710 745 774 οί
769 715 914 775 πλεῖστοι
938 711 1006 775 τῶν
1033 705 1110 793 μεθ’
1131 705 1303 795 Ἱπποκρά-

154 839 215 899 την
237 815 346 890 κακῶς
369 807 604 898 άνατεμόντων
627 816 794 899 ἔγραψαν,
819 811 880 881 οὐκ
904 819 994 882 ἔσται
1017 813 1055 881 τὸ
1081 819 1180 906 ζῷον,
1209 821 1247 882 αί
1267 796 1302 882 δὲ

155 915 310 1005 ἀνωτέρω
333 920 401 984 τῶν
428 921 624 1003 τρωθεισῶυ
651 916 820 1007 ἀρτηριῶν
848 919 970 987 ἅπασαι
999 920 1117 1000 τελέως
1139 920 1303 1008 ἀσφυκτοι

155 1024 381 1110 γενήσονται.’
401 1021 459 1102 τὰς
488 1025 523 1091 δέ
547 1024 673 1111 φλέβας
695 1024 771 1092 οὔτε
791 1026 926 1113 βρόχοις
949 1025 1187 1113 διαλαμβάνων
1211 1025 1330 1110 οὔθ’,ῡ

156 1128 201 1209 ῶς
224 1138 367 1217 είρηται,
390 1128 521 1216 τέμνων
544 1129 619 1210 ὄψει
643 1131 718 1199 τινὰ
742 1136 857 1218 σαφῶς
876 1131 1045 1219 ἐνέργειαν
1063 1130 1305 1222 ἀπολλυμένην.

157 1238 192 1304 έκ
214 1237 345 1304 τούτων
367 1239 435 1302 τῶν
454 1237 670 1323 φαινομένων
693 1237 828 1325 ἕτοιμόν
851 1239 918 1306 ἐστι
938 1245 1200 1325 συλλογίσασθαι
1224 1240 1305 1328 μήτε

156 1343 218 1429 την
249 1346 392 1430 καρδίαν
426 1347 473 1421 είς
504 1341 567 1428 τὴν
602 1347 670 1411 τῶν
698 1347 862 1429 σφυγμῶν
892 1350 1026 1431 κίνησιν
1058 1346 1243 1433 ἐγκεφάλου
1273 1375 1304 1415 τι

157 1453 376 1536 προσδεῖσθαι
399 1449 480 1536 μήτε
504 1448 564 1517 τὸν
588 1449 773 1536 ἐγκέφαλον
796 1456 944 1537 καρδίας,
967 1455 1023 1518 ἴνα
1046 1452 1252 1539 αίσθάνηταί
1271 1481 1305 1521 τε

157 1557 212 1623 καὶ
237 1553 319 1623 κατὰ
343 1561 539 1642 προαίρεσιν
563 1557 679 1644 ἐνεργῇ
703 1553 739 1623 τό
766 1561 858 1648 ζῶον.
904 1557 954 1625 ὅτι
983 1558 1045 1644 μὲν
1072 1557 1136 1645 γάρ
1160 1556 1261 1627 οὐδὲν
1284 1558 1345 1646 ἡιν

158 1665 278 1748 καρδία
306 1661 389 1748 πρὸς
419 1660 482 1747 τὴν
514 1667 641 1730 οἰκείαν
671 1669 804 1749 κίνησιν
835 1663 1020 1750 ἐγκεφάλου
1053 1668 1173 1750 δεῖται,
1201 1664 1305 1753 δῆλόν

159 1769 249 1835 ε’στιν
277 1770 313 1834 ἐκ
339 1772 399 1835 τοῦ
432 1769 486 1834 καὶ
515 1772 582 1836 τῶν
613 1773 747 1856 φλεβῶν
775 1770 829 1836 καὶ
857 1775 924 1838 τῶν
957 1767 1124 1858 ἀρτηριῶν
1156 1771 1211 1839 καὶ
1237 1775 1305 1840 τῶν

159 1875 290 1962 νεύρων
312 1877 380 1942 τῶν
402 1875 652 1962 προειρημένων
674 1875 810 1963 βρόχοις
833 1879 1090 1963 διαληφθέντων
1113 1876 1236 1965 ὁμοίως
1259 1883 1305 1946 ἔτι
1342 1874 1347 1890 '

159 1979 297 2066 σφάζειν
330 1977 436 2067 αὐτὴν
463 1982 517 2048 καί
551 1980 610 2062 τὰς
641 1979 720 2048 καθ’
751 1980 832 2050 όλου
854 1982 892 2050 τὸ
927 1987 1011 2074 ζῷον
1043 1983 1211 2072 ἀρτηρίας·
1242 1989 1246 2070 Ι
1272 1989 1372 2054 aliod

159 2086 224 2174 γὰρ
264 2084 420 2174 ἀνωτέρω
462 2092 531 2155 τῶν
570 2088 705 2176 βρόχων
747 2092 846 2176 μόναι
888 2089 1099 2158 παντάπασιν
1138 2089 1300 2177 ἀσφυκτοι
1321 2107 1345 2147 1⁵

158 2199 310 2278 γίνονται
347 2197 408 2260 τοῦ
445 2199 607 2280 συνεχοῦς
643 2192 755 2264 αὐτῶν
791 2197 913 2284 μέρους
948 2203 1009 2264 τοῦ
1042 2197 1136 2284 μέχρι
1169 2202 1306 2284 καρδίας

195 2467 211 2516 3
232 2458 379 2530 ἔγγραφον
394 2463 424 2516 L.
446 2494 477 2500 —
497 2469 514 2516 4
533 2457 656 2531 ἀφυκτοι
671 2463 707 2516 Μ.
727 2494 761 2502 -
781 2471 796 2517 6
815 2457 895 2525 τινάς
909 2463 946 2516 Μ.
966 2493 999 2502 -
1020 2468 1035 2517 ’ί
1055 2458 1130 2516 εἶναι
1144 2462 1305 2517 LMABch

161 2526 218 2587 ἐστι
233 2531 258 2586 K
275 2531 395 2588 fortasse
410 2533 576 2588 eiciendum.
592 2566 624 2574 -
646 2542 676 2588 11
697 2536 861 2604 προσδεῖται
875 2535 907 2590 L.
927 2564 960 2574 -
981 2540 1013 2588 1³
1028 2533 1085 2587 τῶν
1098 2538 1164 2588 anie
1178 2551 1306 2602 προειρη·

160 2601 254 2672 μένων
273 2621 325 2658 oro.
342 2603 372 2656 L.
393 2635 425 2644 —
448 2611 479 2658 15
499 2600 623 2673 ἄφυκτοι
636 2605 673 2660 Μ.
694 2637 726 2646 -
749 2613 780 2660 16
800 2599 932 2667 αάτοῑςῙι
952 2599 1048 2658 αότῶν
1062 2604 1128 2658 ΜΔ.
1148 2635 1181 2644 -

159 2839 267 2902 faciei.
312 2837 461 2902 Ameriae
489 2860 565 2903 vero
589 2840 617 2902 si
641 2839 692 2903 vel
714 2839 840 2922 laqueis
863 2838 1063 2921 intercepisse
1087 2838 1136 2903 vel
1161 2861 1214 2923 eo,
1241 2862 1305 2924 quo

160 2944 240 3027 dixi,
272 2944 368 3009 modo
398 2945 557 3010 dissectae
584 2945 719 3028 fuerint,
750 2948 877 3008 mutum
910 2943 1038 3028 quidem
1071 2945 1122 3008 vel
1152 2947 1306 3029 sopitum,

160 3050 431 3134 quemadmodum
449 3051 604 3136 plerique,
627 3050 682 3135 qui
701 3053 778 3135 posi
796 3051 1032 3134 Hippocratem
1051 3050 1135 3114 male
1154 3051 1189 3114 in
1207 3051 1306 3115 disse·

161 3156 272 3221 condis
296 3155 491 3220 animalibus
515 3156 743 3240 versabantur,
767 3157 981 3240 scripserunt,
1003 3179 1068 3222 non
1092 3156 1154 3220 erit
1176 3157 1307 3240 animal,

161 3263 216 3328 sed
253 3263 408 3346 arteriae,
450 3285 531 3347 quae
574 3285 673 3346 supra.
708 3262 894 3326 vulneratas
932 3268 1022 3348 sunt,
1059 3285 1170 3327 omnes
1211 3263 1307 3347 pulsu

162 3391 296 3453 prorsus
320 3368 544 3452 privabuntur,
588 3367 690 3433 Venis
714 3373 823 3433 aulem
852 3369 902 3434 vel
925 3370 1041 3454 laqueo
1066 3369 1306 3453 comprehensis

161 3476 212 3540 vel
245 3498 308 3560 qua
340 3474 506 3540 docuimus
539 3476 665 3540 ratione
700 3475 876 3559 praesectis
903 3475 1104 3540 functionem
1132 3473 1306 3538 manifesto

161 3583 294 3647 interire
317 3581 441 3646 nullam
461 3581 594 3646 videbis.
635 3581 685 3646 Ex
708 3581 760 3646 his
783 3583 879 3646 rebus
903 3582 944 3645 ad
967 3603 1096 3645 sensum
1119 3580 1306 3663 parentibus

161 3689 196 3753 in
211 3693 346 3773 promtu
365 3692 415 3752 est
438 3689 591 3774 colligere
610 3709 712 3771 neque
733 3709 789 3752 cor
807 3686 848 3751 ad
866 3689 1019 3772 pulsuum
1037 3690 1163 3752 molum
1184 3685 1306 3751 cerebri

162 3817 263 3878 opera
286 3795 394 3879 aliqua
418 3795 564 3880 indigere
594 3815 696 3878 neque
720 3794 887 3858 cerebrum
916 3794 1035 3877 cordis,
1068 3796 1105 3856 ut
1132 3794 1165 3856 ei
1188 3792 1307 3856 sentire

162 3905 273 3966 elsua
297 3904 412 3986 sponte
437 3901 545 3967 officio
568 3900 675 3986 fungi.
685 3899 808 3964 animal
830 3903 936 3983 quealr
973 3897 1038 3964 Cor
1061 3899 1147 3963 enim
1171 3898 1211 3963 ad
1235 3919 1308 3982 pro-

162 4007 270 4093 priam
292 4007 470 4073 motionem
494 4008 625 4072 cerebro
648 4028 715 4071 non
734 4028 828 4091 egere
847 4006 898 4069 vel
921 4006 995 4070 inde
1019 4006 1225 4089 perspicuum
1248 4006 1308 4085 est,

162 4115 262 4198 quod,
286 4115 313 4178 si
337 4137 437 4179 venae
462 4118 494 4177 ei
518 4113 655 4178 arteriae
679 4117 713 4176 et
734 4113 839 4195 nervi,
867 4135 946 4196 quos
971 4110 1308 4188 commemoravimus,

161 4221 287 4305 laqueis
321 4221 502 4304 intercepta
534 4223 621 4300 sunt,
648 4217 753 4283 nihilo
785 4219 891 4282 miuus
920 4240 976 4284 cor
1002 4219 1110 4302 ipsum
1138 4216 1249 4300 pulsat
1276 4218 1310 4278 ei

162 4349 275 4392 omnes
303 4326 404 4391 lolius
433 4327 578 4410 corporis
608 4324 760 4408 arteriae,
791 4325 857 4388 nisi
881 4325 965 4411 quod
993 4345 1063 4406 eae,
1095 4345 1176 4407 quae
1209 4343 1309 4405 supra

161 4433 295 4518 laqueos
311 4435 448 4515 exstant,
472 4433 559 4496 solae
578 4431 708 4514 pulsum
728 4431 891 4518 amitant,
914 4433 960 4496 ila
977 4435 1098 4516 tamen,
1117 4434 1153 4493 ut
1172 4428 1308 4494 inferior

1043 4537 1096 4596 ld*
