<?xml version="1.0" encoding="UTF-8"?>
<!DOCTYPE html PUBLIC "-//W3C//DTD XHTML 1.0 Transitional//EN"
    "http://www.w3.org/TR/xhtml1/DTD/xhtml1-transitional.dtd">
<html xmlns="http://www.w3.org/1999/xhtml" xml:lang="en" lang="en">
 <head>
  <title>
</title>
<meta http-equiv="Content-Type" content="text/html;charset=utf-8" />
  <meta name='ocr-system' content='tesseract 3.04.00' />
  <meta name='ocr-capabilities' content='ocr_page ocr_carea ocr_par ocr_line ocrx_word'/>
</head>
<body>
  <div class='ocr_page' id='page_1' title='image "./claudiigalenide02mlgoog/claudiigalenide02mlgoog_0220.png"; bbox 0 0 3298 5136; ppageno 0'>
   <div class='ocr_carea' id='block_1_1' title="bbox 622 417 861 480">
    <p class='ocr_par' dir='ltr' id='par_1_1' title="bbox 622 417 861 480">
     <span class='ocr_line' id='line_1_1' title="bbox 622 417 861 480; baseline -0.008 -1"><span class='ocrx_word' id='word_1_1' title='bbox 622 454 662 462; x_wconf 89' lang='grc'><strong>-</strong></span> <span class='ocrx_word' id='word_1_2' title='bbox 711 417 861 480; x_wconf 80' lang='grc'>203-</span> 
     </span>
    </p>
   </div>
   <div class='ocr_carea' id='block_1_2' title="bbox 148 569 1388 2156">
    <p class='ocr_par' dir='ltr' id='par_1_2' title="bbox 148 569 1388 2156">
     <span class='ocr_line' id='line_1_2' title="bbox 172 569 1319 663; baseline 0.005 -25"><span class='ocrx_word' id='word_1_3' title='bbox 172 571 318 662; x_wconf 68' lang='grc' dir='ltr'><strong><em>’δίιινοίᾳ</em></strong></span> <span class='ocrx_word' id='word_1_4' title='bbox 342 574 396 641; x_wconf 83' lang='grc' dir='ltr'><strong><em>καλ</em></strong></span> <span class='ocrx_word' id='word_1_5' title='bbox 421 569 496 642; x_wconf 87' lang='grc' dir='ltr'><strong><em>οἷον</em></strong></span> <span class='ocrx_word' id='word_1_6' title='bbox 516 575 784 661; x_wconf 81' lang='grc' dir='ltr'><strong><em>ἐκτετυπωμένον</em></strong></span> <span class='ocrx_word' id='word_1_7' title='bbox 807 575 1031 663; x_wconf 79' lang='grc' dir='ltr'><strong><em>ἐκπέμπεσθαι</em></strong></span> <span class='ocrx_word' id='word_1_8' title='bbox 1054 574 1116 644; x_wconf 87' lang='grc' dir='ltr'><strong><em>τὸν</em></strong></span> <span class='ocrx_word' id='word_1_9' title='bbox 1139 575 1242 662; x_wconf 88' lang='grc' dir='ltr'><strong><em>λόγον</em></strong></span> <span class='ocrx_word' id='word_1_10' title='bbox 1265 579 1319 644; x_wconf 85' lang='grc' dir='ltr'><strong><em>καλ</em></strong></span> 
     </span>
     <span class='ocr_line' id='line_1_3' title="bbox 172 679 1321 772; baseline 0.004 -25"><span class='ocrx_word' id='word_1_11' title='bbox 172 683 457 767; x_wconf 63' lang='grc' dir='ltr'><strong><em>’παρεκτείνεσθαι</em></strong></span> <span class='ocrx_word' id='word_1_12' title='bbox 490 685 534 772; x_wconf 78' lang='grc' dir='ltr'><strong><em>τῷ</em></strong></span> <span class='ocrx_word' id='word_1_13' title='bbox 564 679 674 772; x_wconf 77' lang='grc' dir='ltr'><strong><em>χρόνῳ</em></strong></span> <span class='ocrx_word' id='word_1_14' title='bbox 701 680 783 748; x_wconf 81' lang='grc' dir='ltr'><strong><em>κατά</em></strong></span> <span class='ocrx_word' id='word_1_15' title='bbox 811 707 845 748; x_wconf 91' lang='grc' dir='ltr'><strong><em>τε</em></strong></span> <span class='ocrx_word' id='word_1_16' title='bbox 873 681 910 750; x_wconf 89' lang='grc' dir='ltr'><strong><em>τὸ</em></strong></span> <span class='ocrx_word' id='word_1_17' title='bbox 940 687 1152 752; x_wconf 82' lang='grc' dir='ltr'><strong><em>διανοεῖσθαι</em></strong></span> <span class='ocrx_word' id='word_1_18' title='bbox 1180 684 1235 751; x_wconf 81' lang='grc' dir='ltr'><strong><em>καὶ</em></strong></span> <span class='ocrx_word' id='word_1_19' title='bbox 1258 691 1321 752; x_wconf 73' lang='grc' dir='ltr'><strong><em>τίν</em></strong></span> 
     </span>
     <span class='ocr_line' id='line_1_4' title="bbox 173 785 1322 878; baseline 0.005 -26"><span class='ocrx_word' id='word_1_20' title='bbox 173 785 265 853; x_wconf 66' lang='grc' dir='ltr'><strong><em>’κατὰ</em></strong></span> <span class='ocrx_word' id='word_1_21' title='bbox 288 786 325 854; x_wconf 93' lang='grc' dir='ltr'><strong><em>τὸ</em></strong></span> <span class='ocrx_word' id='word_1_22' title='bbox 355 789 464 874; x_wconf 80' lang='grc' dir='ltr'><strong><em>λέγειν</em></strong></span> <span class='ocrx_word' id='word_1_23' title='bbox 487 789 667 875; x_wconf 80' lang='grc' dir='ltr'><strong><em>ἐνέργειαν.</em></strong></span> <span class='ocrx_word' id='word_1_24' title='bbox 712 788 765 854; x_wconf 86' lang='grc' dir='ltr'><strong><em>καλ</em></strong></span> <span class='ocrx_word' id='word_1_25' title='bbox 790 785 810 875; x_wconf 82' lang='grc' dir='ltr'><em>ἡ</em></span> <span class='ocrx_word' id='word_1_26' title='bbox 835 787 969 878; x_wconf 84' lang='grc' dir='ltr'><strong><em>διόνρια</em></strong></span> <span class='ocrx_word' id='word_1_27' title='bbox 993 787 1057 878; x_wconf 84' lang='grc' dir='ltr'><strong><em>όιρα</em></strong></span> <span class='ocrx_word' id='word_1_28' title='bbox 1085 786 1147 858; x_wconf 80' lang='grc' dir='ltr'><strong><em>οὐκ</em></strong></span> <span class='ocrx_word' id='word_1_29' title='bbox 1171 795 1261 858; x_wconf 84' lang='grc' dir='ltr'><strong><em>ἐστιν</em></strong></span> <span class='ocrx_word' id='word_1_30' title='bbox 1285 792 1322 858; x_wconf 93' lang='grc' dir='ltr'><strong><em>ἐν</em></strong></span> 
     </span>
     <span class='ocr_line' id='line_1_5' title="bbox 174 891 1323 984; baseline 0.003 -24"><span class='ocrx_word' id='word_1_31' title='bbox 174 895 223 982; x_wconf 52' lang='grc' dir='ltr'><strong><em>κῇ</em></strong></span> <span class='ocrx_word' id='word_1_32' title='bbox 255 898 397 982; x_wconf 80' lang='grc' dir='ltr'><strong><em>κεφαλῇ,</em></strong></span> <span class='ocrx_word' id='word_1_33' title='bbox 430 891 513 962; x_wconf 79' lang='grc' dir='ltr'><strong><em>ἀλλὰ</em></strong></span> <span class='ocrx_word' id='word_1_34' title='bbox 546 897 583 961; x_wconf 92' lang='grc' dir='ltr'><strong><em>ἐν</em></strong></span> <span class='ocrx_word' id='word_1_35' title='bbox 615 909 685 974; x_wconf 84' lang='grc' dir='ltr'><strong><em>τοῖς</em></strong></span> <span class='ocrx_word' id='word_1_36' title='bbox 715 897 888 982; x_wconf 76' lang='grc' dir='ltr'><strong><em>κατωτέρω</em></strong></span> <span class='ocrx_word' id='word_1_37' title='bbox 919 895 1048 981; x_wconf 84' lang='grc' dir='ltr'><strong><em>τόποις,</em></strong></span> <span class='ocrx_word' id='word_1_38' title='bbox 1080 895 1221 984; x_wconf 85' lang='grc' dir='ltr'><strong><em>μόλιστό</em></strong></span> <span class='ocrx_word' id='word_1_39' title='bbox 1253 923 1323 976; x_wconf 89' lang='grc' dir='ltr'><strong><em>πως</em></strong></span> 
     </span>
     <span class='ocr_line' id='line_1_6' title="bbox 148 999 1354 1090; baseline 0.004 -24"><span class='ocrx_word' id='word_1_40' title='bbox 148 1001 257 1086; x_wconf 71' lang='grc' dir='ltr'><strong><em>·“περλ</em></strong></span> <span class='ocrx_word' id='word_1_41' title='bbox 281 999 344 1087; x_wconf 82' lang='grc' dir='ltr'><strong><em>τὴν</em></strong></span> <span class='ocrx_word' id='word_1_42' title='bbox 367 1004 530 1088; x_wconf 89' lang='grc' dir='ltr'><strong><em>καρδιάν.’</em></strong></span> <span class='ocrx_word' id='word_1_43' title='bbox 575 1004 726 1080; x_wconf 83' lang='grc' dir='ltr'><strong><em>τοιοῦτος</em></strong></span> <span class='ocrx_word' id='word_1_44' title='bbox 753 1002 815 1087; x_wconf 84' lang='grc' dir='ltr'><strong><em>μίν</em></strong></span> <span class='ocrx_word' id='word_1_45' title='bbox 843 1021 896 1069; x_wconf 90' lang='grc' dir='ltr'><strong><em>σοι</em></strong></span> <span class='ocrx_word' id='word_1_46' title='bbox 919 1003 974 1070; x_wconf 82' lang='grc' dir='ltr'><strong><em>καί</em></strong></span> <span class='ocrx_word' id='word_1_47' title='bbox 1003 1000 1021 1071; x_wconf 89' lang='grc' dir='ltr'>ὁ</span> <span class='ocrx_word' id='word_1_48' title='bbox 1050 1007 1111 1071; x_wconf 87' lang='grc' dir='ltr'><strong><em>τοῦ</em></strong></span> <span class='ocrx_word' id='word_1_49' title='bbox 1136 1006 1322 1090; x_wconf 81' lang='grc' dir='ltr'><strong><em>Διογένους</em></strong></span> <span class='ocrx_word' id='word_1_50' title='bbox 1342 1027 1354 1063; x_wconf 74' lang='lat'><strong><em>:1</em></strong></span> 
     </span>
     <span class='ocr_line' id='line_1_7' title="bbox 173 1103 1321 1197; baseline 0.004 -23"><span class='ocrx_word' id='word_1_51' title='bbox 173 1106 287 1192; x_wconf 85' lang='grc' dir='ltr'><strong><em>λόγος,</em></strong></span> <span class='ocrx_word' id='word_1_52' title='bbox 320 1113 462 1196; x_wconf 80' lang='grc' dir='ltr'><strong><em>ἔμπαλιν</em></strong></span> <span class='ocrx_word' id='word_1_53' title='bbox 485 1103 505 1195; x_wconf 79' lang='grc' dir='ltr'><em>ἢ</em></span> <span class='ocrx_word' id='word_1_54' title='bbox 529 1105 611 1174; x_wconf 79' lang='grc' dir='ltr'><strong><em>κατὰ</em></strong></span> <span class='ocrx_word' id='word_1_55' title='bbox 638 1105 698 1174; x_wconf 91' lang='grc' dir='ltr'><strong><em>τὸν</em></strong></span> <span class='ocrx_word' id='word_1_56' title='bbox 721 1111 782 1175; x_wconf 85' lang='grc' dir='ltr'><strong><em>τοῦ</em></strong></span> <span class='ocrx_word' id='word_1_57' title='bbox 808 1107 967 1194; x_wconf 86' lang='grc' dir='ltr'><strong><em>Ζήνωνος</em></strong></span> <span class='ocrx_word' id='word_1_58' title='bbox 995 1114 1042 1189; x_wconf 88' lang='grc' dir='ltr'><strong><em>είς</em></strong></span> <span class='ocrx_word' id='word_1_59' title='bbox 1064 1114 1168 1196; x_wconf 77' lang='grc' dir='ltr'><strong><em>μῆκος</em></strong></span> <span class='ocrx_word' id='word_1_60' title='bbox 1191 1111 1321 1197; x_wconf 75' lang='grc' dir='ltr'><strong><em>ῥήσεων</em></strong></span> 
     </span>
     <span class='ocr_line' id='line_1_8' title="bbox 173 1213 1321 1305; baseline 0.004 -24"><span class='ocrx_word' id='word_1_61' title='bbox 173 1216 399 1302; x_wconf 83' lang='grc' dir='ltr'><strong><em>ἐκτεταμένος,</em></strong></span> <span class='ocrx_word' id='word_1_62' title='bbox 422 1213 505 1282; x_wconf 77' lang='grc' dir='ltr'><strong><em>ὥστε</em></strong></span> <span class='ocrx_word' id='word_1_63' title='bbox 529 1216 643 1305; x_wconf 81' lang='grc' dir='ltr'><strong><em>ἐκείνῳ</em></strong></span> <span class='ocrx_word' id='word_1_64' title='bbox 666 1213 728 1302; x_wconf 72' lang='grc' dir='ltr'><strong><em>μὲν</em></strong></span> <span class='ocrx_word' id='word_1_65' title='bbox 752 1215 913 1283; x_wconf 77' lang='grc' dir='ltr'><strong><em>ἐλλείπειν</em></strong></span> <span class='ocrx_word' id='word_1_66' title='bbox 934 1214 1010 1282; x_wconf 78' lang='grc' dir='ltr'><strong><em>τινὰ</em></strong></span> <span class='ocrx_word' id='word_1_67' title='bbox 1033 1220 1101 1284; x_wconf 84' lang='grc' dir='ltr'><strong><em>των</em></strong></span> <span class='ocrx_word' id='word_1_68' title='bbox 1129 1213 1321 1302; x_wconf 78' lang='grc' dir='ltr'><strong><em>ἀναγκαίων</em></strong></span> 
     </span>
     <span class='ocr_line' id='line_1_9' title="bbox 173 1318 1322 1411; baseline 0.003 -24"><span class='ocrx_word' id='word_1_69' title='bbox 173 1318 379 1408; x_wconf 78' lang='grc' dir='ltr'><strong><em>ἀξιωμάτων,</em></strong></span> <span class='ocrx_word' id='word_1_70' title='bbox 403 1320 594 1403; x_wconf 80' lang='grc' dir='ltr'><strong><em>πλεονάζειν</em></strong></span> <span class='ocrx_word' id='word_1_71' title='bbox 617 1320 653 1387; x_wconf 74' lang='grc' dir='ltr'><strong><em>δὲ</em></strong></span> <span class='ocrx_word' id='word_1_72' title='bbox 677 1319 792 1411; x_wconf 78' lang='grc' dir='ltr'><strong><em>τούτῳ.</em></strong></span> <span class='ocrx_word' id='word_1_73' title='bbox 829 1320 993 1409; x_wconf 83' lang='grc' dir='ltr'><strong><em>βούλομαι</em></strong></span> <span class='ocrx_word' id='word_1_74' title='bbox 1018 1322 1054 1389; x_wconf 79' lang='lat' dir='ltr'><strong><em>di</em></strong></span> <span class='ocrx_word' id='word_1_75' title='bbox 1073 1324 1154 1409; x_wconf 80' lang='grc' dir='ltr'><strong><em>πρὶν</em></strong></span> <span class='ocrx_word' id='word_1_76' title='bbox 1177 1325 1322 1410; x_wconf 80' lang='grc' dir='ltr'><strong><em>ἐλέγχειν</em></strong></span> 
     </span>
     <span class='ocr_line' id='line_1_10' title="bbox 173 1424 1321 1517; baseline 0.003 -23"><span class='ocrx_word' id='word_1_77' title='bbox 173 1424 296 1508; x_wconf 82' lang='grc' dir='ltr'><strong><em>αὐτοὺς</em></strong></span> <span class='ocrx_word' id='word_1_78' title='bbox 328 1434 374 1496; x_wconf 76' lang='grc' dir='ltr'><strong><em>ἔτι</em></strong></span> <span class='ocrx_word' id='word_1_79' title='bbox 407 1429 461 1495; x_wconf 86' lang='grc' dir='ltr'><strong><em>καὶ</em></strong></span> <span class='ocrx_word' id='word_1_80' title='bbox 489 1426 551 1494; x_wconf 88' lang='grc' dir='ltr'><strong><em>τὸν</em></strong></span> <span class='ocrx_word' id='word_1_81' title='bbox 577 1431 638 1494; x_wconf 86' lang='grc' dir='ltr'><strong><em>τοῦ</em></strong></span> <span class='ocrx_word' id='word_1_82' title='bbox 667 1433 864 1514; x_wconf 86' lang='grc' dir='ltr'><strong><em>Χρυσίππου</em></strong></span> <span class='ocrx_word' id='word_1_83' title='bbox 892 1430 1106 1517; x_wconf 82' lang='grc' dir='ltr'><strong><em>παραθέσθαι</em></strong></span> <span class='ocrx_word' id='word_1_84' title='bbox 1134 1429 1233 1498; x_wconf 90' lang='grc' dir='ltr'><strong><em>τόνδε</em></strong></span> <span class='ocrx_word' id='word_1_85' title='bbox 1261 1429 1321 1498; x_wconf 85' lang='grc' dir='ltr'><strong><em>τὸν</em></strong></span> 
     </span>
     <span class='ocr_line' id='line_1_11' title="bbox 173 1531 1361 1628; baseline 0.003 -28"><span class='ocrx_word' id='word_1_86' title='bbox 173 1533 299 1622; x_wconf 86' lang='grc' dir='ltr'><strong><em>τρόπον</em></strong></span> <span class='ocrx_word' id='word_1_87' title='bbox 329 1541 459 1622; x_wconf 74' lang='grc' dir='ltr'><strong><em>ἔχοντα·</em></strong></span> <span class='ocrx_word' id='word_1_88' title='bbox 488 1532 660 1619; x_wconf 63' lang='grc' dir='ltr'><strong><em>Ἐόλογον</em></strong></span> <span class='ocrx_word' id='word_1_89' title='bbox 684 1535 737 1618; x_wconf 86' lang='grc' dir='ltr'><strong><em>δέ,</em></strong></span> <span class='ocrx_word' id='word_1_90' title='bbox 767 1538 813 1612; x_wconf 85' lang='grc' dir='ltr'><strong><em>είς</em></strong></span> <span class='ocrx_word' id='word_1_91' title='bbox 841 1531 858 1602; x_wconf 89' lang='lat' dir='ltr'>d</span> <span class='ocrx_word' id='word_1_92' title='bbox 887 1542 1038 1621; x_wconf 82' lang='grc' dir='ltr'><strong><em>γίνονται</em></strong></span> <span class='ocrx_word' id='word_1_93' title='bbox 1062 1541 1101 1603; x_wconf 89' lang='grc' dir='ltr'><strong><em>αί</em></strong></span> <span class='ocrx_word' id='word_1_94' title='bbox 1126 1538 1177 1622; x_wconf 84' lang='grc' dir='ltr'><strong><em>[ἐν</em></strong></span> <span class='ocrx_word' id='word_1_95' title='bbox 1200 1537 1319 1628; x_wconf 82' lang='grc' dir='ltr'><strong><em>τούτῳ]</em></strong></span> <span class='ocrx_word' id='word_1_96' title='bbox 1337 1563 1361 1598; x_wconf 73' lang='lat'><strong><em>1¹·</em></strong></span> 
     </span>
     <span class='ocr_line' id='line_1_12' title="bbox 174 1632 1388 1732; baseline 0.004 -24"><span class='ocrx_word' id='word_1_97' title='bbox 174 1645 344 1729; x_wconf 68' lang='grc' dir='ltr'><strong><em>εσημασίαι</em></strong></span> <span class='ocrx_word' id='word_1_98' title='bbox 363 1644 417 1710; x_wconf 86' lang='grc' dir='ltr'><strong><em>καλ</em></strong></span> <span class='ocrx_word' id='word_1_99' title='bbox 442 1644 475 1724; x_wconf 84' lang='grc' dir='ltr'><strong><em>ἐξ</em></strong></span> <span class='ocrx_word' id='word_1_100' title='bbox 495 1632 538 1720; x_wconf 89' lang='grc' dir='ltr'><strong><em>οὗΙ</em></strong></span> <span class='ocrx_word' id='word_1_101' title='bbox 559 1638 576 1708; x_wconf 88' lang='grc' dir='ltr'><strong>ὁ</strong></span> <span class='ocrx_word' id='word_1_102' title='bbox 597 1640 696 1727; x_wconf 82' lang='grc' dir='ltr'><strong><em>λόγος</em></strong></span> <span class='ocrx_word' id='word_1_103' title='bbox 715 1642 919 1728; x_wconf 79' lang='grc' dir='ltr'><strong><em>ἐκπέμπεται,</em></strong></span> <span class='ocrx_word' id='word_1_104' title='bbox 944 1644 1050 1710; x_wconf 83' lang='grc' dir='ltr'><strong><em>ἐκεῖνο</em></strong></span> <span class='ocrx_word' id='word_1_105' title='bbox 1073 1640 1158 1710; x_wconf 86' lang='grc' dir='ltr'><strong><em>εἶναι</em></strong></span> <span class='ocrx_word' id='word_1_106' title='bbox 1183 1642 1219 1710; x_wconf 89' lang='grc' dir='ltr'><strong><em>τὸ</em></strong></span> <span class='ocrx_word' id='word_1_107' title='bbox 1241 1643 1245 1732; x_wconf 73' lang='lat' dir='ltr'>l</span> <span class='ocrx_word' id='word_1_108' title='bbox 1266 1663 1388 1718; x_wconf 72' lang='grc' dir='ltr'><strong><em>κει-243</em></strong></span> 
     </span>
     <span class='ocr_line' id='line_1_13' title="bbox 174 1745 1322 1836; baseline 0 -20"><span class='ocrx_word' id='word_1_109' title='bbox 174 1751 301 1836; x_wconf 68' lang='grc' dir='ltr'><strong><em>εριεῦον</em></strong></span> <span class='ocrx_word' id='word_1_110' title='bbox 332 1755 390 1836; x_wconf 77' lang='grc' dir='ltr'><strong><em>τῆς</em></strong></span> <span class='ocrx_word' id='word_1_111' title='bbox 422 1753 529 1836; x_wconf 77' lang='grc' dir='ltr'><strong><em>ψυχῆς</em></strong></span> <span class='ocrx_word' id='word_1_112' title='bbox 560 1748 668 1834; x_wconf 85' lang='grc' dir='ltr'><strong><em>μέρος.</em></strong></span> <span class='ocrx_word' id='word_1_113' title='bbox 721 1745 763 1815; x_wconf 86' lang='grc' dir='ltr'><strong><em>οὐ</em></strong></span> <span class='ocrx_word' id='word_1_114' title='bbox 795 1747 859 1834; x_wconf 81' lang='grc' dir='ltr'><strong><em>γὰρ</em></strong></span> <span class='ocrx_word' id='word_1_115' title='bbox 894 1746 976 1834; x_wconf 80' lang='grc' dir='ltr'><strong><em>όλλιγ</em></strong></span> <span class='ocrx_word' id='word_1_116' title='bbox 1009 1747 1071 1835; x_wconf 74' lang='grc' dir='ltr'><strong><em>μὲν</em></strong></span> <span class='ocrx_word' id='word_1_117' title='bbox 1102 1748 1189 1836; x_wconf 79' lang='grc' dir='ltr'><strong><em>πηγὴ</em></strong></span> <span class='ocrx_word' id='word_1_118' title='bbox 1218 1749 1322 1835; x_wconf 87' lang='grc' dir='ltr'><strong><em>λόγου</em></strong></span> 
     </span>
     <span class='ocr_line' id='line_1_14' title="bbox 175 1851 1321 1943; baseline 0 -21"><span class='ocrx_word' id='word_1_119' title='bbox 175 1857 292 1937; x_wconf 55' lang='grc' dir='ltr'><strong><em>ἐστίν,</em></strong></span> <span class='ocrx_word' id='word_1_120' title='bbox 322 1854 404 1943; x_wconf 66' lang='lat' dir='ltr'>lata</span> <span class='ocrx_word' id='word_1_121' title='bbox 430 1855 465 1923; x_wconf 76' lang='lat' dir='ltr'><strong><em>dl</em></strong></span> <span class='ocrx_word' id='word_1_122' title='bbox 490 1860 641 1934; x_wconf 78' lang='grc' dir='ltr'><strong><em>διανοίας</em></strong></span> <span class='ocrx_word' id='word_1_123' title='bbox 669 1851 748 1922; x_wconf 67' lang='grc' dir='ltr'><strong><em>οὐδὲ</em></strong></span> <span class='ocrx_word' id='word_1_124' title='bbox 777 1853 859 1940; x_wconf 81' lang='grc' dir='ltr'><strong><em>όιλλτχ</em></strong></span> <span class='ocrx_word' id='word_1_125' title='bbox 882 1853 944 1941; x_wconf 70' lang='grc' dir='ltr'><strong><em>μέν</em></strong></span> <span class='ocrx_word' id='word_1_126' title='bbox 966 1859 1082 1942; x_wconf 75' lang='grc' dir='ltr'><strong><em>φωνῆς</em></strong></span> <span class='ocrx_word' id='word_1_127' title='bbox 1104 1856 1207 1942; x_wconf 83' lang='grc' dir='ltr'><strong><em>πηγή,</em></strong></span> <span class='ocrx_word' id='word_1_128' title='bbox 1239 1855 1321 1942; x_wconf 86' lang='grc' dir='ltr'><strong><em>όιλλη</em></strong></span> 
     </span>
     <span class='ocr_line' id='line_1_15' title="bbox 175 1959 1322 2050; baseline 0.001 -21"><span class='ocrx_word' id='word_1_129' title='bbox 175 1961 222 2029; x_wconf 72' lang='lat' dir='ltr'><strong><em>‘dl</em></strong></span> <span class='ocrx_word' id='word_1_130' title='bbox 254 1963 357 2048; x_wconf 90' lang='grc' dir='ltr'><strong><em>λόγου</em></strong></span> <span class='ocrx_word' id='word_1_131' title='bbox 397 1960 475 2031; x_wconf 76' lang='grc' dir='ltr'><strong><em>οὐδὲ</em></strong></span> <span class='ocrx_word' id='word_1_132' title='bbox 502 1961 540 2030; x_wconf 92' lang='grc' dir='ltr'><strong><em>τδ</em></strong></span> <span class='ocrx_word' id='word_1_133' title='bbox 570 1960 651 2030; x_wconf 84' lang='grc' dir='ltr'><strong><em>ὅλον</em></strong></span> <span class='ocrx_word' id='word_1_134' title='bbox 681 1959 816 2046; x_wconf 70' lang='grc' dir='ltr'><strong><em>[ἁπλῶς]</em></strong></span> <span class='ocrx_word' id='word_1_135' title='bbox 845 1960 927 2048; x_wconf 83' lang='grc' dir='ltr'><strong><em>όλλη</em></strong></span> <span class='ocrx_word' id='word_1_136' title='bbox 956 1966 1071 2048; x_wconf 78' lang='grc' dir='ltr'><strong><em>φωνῆς</em></strong></span> <span class='ocrx_word' id='word_1_137' title='bbox 1103 1962 1191 2048; x_wconf 80' lang='grc' dir='ltr'><strong><em>πηγή</em></strong></span> <span class='ocrx_word' id='word_1_138' title='bbox 1221 1963 1322 2050; x_wconf 84' lang='grc' dir='ltr'><strong><em>ἐστιν,</em></strong></span> 
     </span>
     <span class='ocr_line' id='line_1_16' title="bbox 175 2067 1361 2156; baseline -0.004 -20"><span class='ocrx_word' id='word_1_139' title='bbox 175 2067 267 2136; x_wconf 71' lang='lat' dir='ltr'>‘allo</span> <span class='ocrx_word' id='word_1_140' title='bbox 318 2069 353 2136; x_wconf 76' lang='grc' dir='ltr'><strong><em>δὲ</em></strong></span> <span class='ocrx_word' id='word_1_141' title='bbox 397 2067 434 2137; x_wconf 90' lang='grc' dir='ltr'><strong><em>τὸ</em></strong></span> <span class='ocrx_word' id='word_1_142' title='bbox 477 2073 634 2156; x_wconf 83' lang='grc' dir='ltr'><strong><em>κιιριεῦον</em></strong></span> <span class='ocrx_word' id='word_1_143' title='bbox 669 2071 728 2156; x_wconf 80' lang='grc' dir='ltr'><strong><em>τῆς</em></strong></span> <span class='ocrx_word' id='word_1_144' title='bbox 773 2072 880 2155; x_wconf 72' lang='grc' dir='ltr'><strong><em>δοχῆς</em></strong></span> <span class='ocrx_word' id='word_1_145' title='bbox 916 2069 1024 2155; x_wconf 80' lang='grc' dir='ltr'><strong><em>μέρος.</em></strong></span> <span class='ocrx_word' id='word_1_146' title='bbox 1077 2069 1243 2148; x_wconf 77' lang='grc' dir='ltr'><strong><em>τοιούτοις</em></strong></span> <span class='ocrx_word' id='word_1_147' title='bbox 1285 2070 1361 2138; x_wconf 69' lang='lat' dir='ltr'>dira</span> 
     </span>
    </p>
   </div>
   <div class='ocr_carea' id='block_1_3' title="bbox 174 2241 1361 2814">
    <p class='ocr_par' dir='ltr' id='par_1_3' title="bbox 174 2241 1361 2814">
     <span class='ocr_line' id='line_1_17' title="bbox 213 2241 1319 2314; baseline 0.001 -14"><span class='ocrx_word' id='word_1_148' title='bbox 213 2255 223 2300; x_wconf 89' lang='lat'>1</span> <span class='ocrx_word' id='word_1_149' title='bbox 247 2247 293 2300; x_wconf 80' lang='grc' dir='ltr'><strong><em>καὶ</em></strong></span> <span class='ocrx_word' id='word_1_150' title='bbox 314 2252 378 2302; x_wconf 85' lang='lat' dir='ltr'>onte</span> <span class='ocrx_word' id='word_1_151' title='bbox 398 2245 459 2302; x_wconf 77' lang='grc' dir='ltr'><strong><em>ὀἷον</em></strong></span> <span class='ocrx_word' id='word_1_152' title='bbox 478 2265 532 2302; x_wconf 91' lang='lat' dir='ltr'><strong><em>om.</em></strong></span> <span class='ocrx_word' id='word_1_153' title='bbox 552 2247 580 2301; x_wconf 89' lang='lat' dir='ltr'><strong><em>C.</em></strong></span> <span class='ocrx_word' id='word_1_154' title='bbox 602 2278 632 2286; x_wconf 87' lang='lat'><em>-</em></span> <span class='ocrx_word' id='word_1_155' title='bbox 658 2246 730 2300; x_wconf 86' lang='grc' dir='ltr'><strong><em>2τώ</em></strong></span> <span class='ocrx_word' id='word_1_156' title='bbox 749 2241 823 2314; x_wconf 88' lang='grc' dir='ltr'><strong><em>λόγω</em></strong></span> <span class='ocrx_word' id='word_1_157' title='bbox 843 2243 863 2299; x_wconf 84' lang='lat' dir='ltr'><strong>G</strong></span> <span class='ocrx_word' id='word_1_158' title='bbox 883 2248 920 2301; x_wconf 81' lang='grc' dir='ltr'><strong><em>τῶ</em></strong></span> <span class='ocrx_word' id='word_1_159' title='bbox 941 2243 1030 2314; x_wconf 88' lang='grc' dir='ltr'><strong><em>χρόνω</em></strong></span> <span class='ocrx_word' id='word_1_160' title='bbox 1050 2247 1116 2301; x_wconf 81' lang='lat' dir='ltr'><strong><em>MA.</em></strong></span> <span class='ocrx_word' id='word_1_161' title='bbox 1138 2277 1169 2286; x_wconf 90' lang='lat'><em>-</em></span> <span class='ocrx_word' id='word_1_162' title='bbox 1195 2242 1266 2300; x_wconf 76' lang='grc' dir='ltr'><strong><em>κατά</em></strong></span> <span class='ocrx_word' id='word_1_163' title='bbox 1291 2267 1319 2302; x_wconf 81' lang='grc' dir='ltr'><strong><em>τε</em></strong></span> 
     </span>
     <span class='ocr_line' id='line_1_18' title="bbox 174 2313 1319 2386; baseline -0.002 -12"><span class='ocrx_word' id='word_1_164' title='bbox 174 2319 253 2374; x_wconf 85' lang='lat' dir='ltr'><strong>codd.</strong></span> <span class='ocrx_word' id='word_1_165' title='bbox 274 2319 350 2386; x_wconf 86' lang='lat' dir='ltr'>edd,</span> <span class='ocrx_word' id='word_1_166' title='bbox 373 2320 490 2374; x_wconf 81' lang='lat' dir='ltr'>fortasse</span> <span class='ocrx_word' id='word_1_167' title='bbox 514 2313 591 2386; x_wconf 79' lang='grc' dir='ltr'><strong><em>παρά</em></strong></span> <span class='ocrx_word' id='word_1_168' title='bbox 610 2338 648 2372; x_wconf 89' lang='grc' dir='ltr'><strong><em>τε.</em></strong></span> <span class='ocrx_word' id='word_1_169' title='bbox 669 2349 701 2357; x_wconf 94' lang='grc'>-</span> <span class='ocrx_word' id='word_1_170' title='bbox 726 2320 907 2371; x_wconf 86' lang='grc' dir='ltr'><strong><em>διανοεῖσθαι</em></strong></span> <span class='ocrx_word' id='word_1_171' title='bbox 931 2315 1085 2372; x_wconf 69' lang='lat' dir='ltr'>Canchli</span> <span class='ocrx_word' id='word_1_172' title='bbox 1110 2318 1319 2386; x_wconf 81' lang='grc' dir='ltr'><strong><em>διανενοῆσθαι</em></strong></span> 
     </span>
     <span class='ocr_line' id='line_1_19' title="bbox 175 2383 1361 2462; baseline 0.002 -20"><span class='ocrx_word' id='word_1_173' title='bbox 175 2390 211 2443; x_wconf 87' lang='lat' dir='ltr'><strong><em>ll.</em></strong></span> <span class='ocrx_word' id='word_1_174' title='bbox 233 2421 265 2429; x_wconf 93' lang='lat'>—</span> <span class='ocrx_word' id='word_1_175' title='bbox 286 2399 301 2444; x_wconf 74' lang='grc' dir='ltr'><strong>ὁ</strong></span> <span class='ocrx_word' id='word_1_176' title='bbox 321 2389 418 2459; x_wconf 80' lang='grc' dir='ltr'><strong><em>μέντοι</em></strong></span> <span class='ocrx_word' id='word_1_177' title='bbox 437 2389 598 2444; x_wconf 78' lang='lat' dir='ltr'><strong>MABOhK</strong></span> <span class='ocrx_word' id='word_1_178' title='bbox 623 2387 676 2458; x_wconf 80' lang='grc' dir='ltr'><strong><em>μέν</em></strong></span> <span class='ocrx_word' id='word_1_179' title='bbox 696 2408 740 2442; x_wconf 90' lang='grc' dir='ltr'><strong><em>σοι</em></strong></span> <span class='ocrx_word' id='word_1_180' title='bbox 759 2387 786 2442; x_wconf 85' lang='lat' dir='ltr'><strong><em>C.</em></strong></span> <span class='ocrx_word' id='word_1_181' title='bbox 810 2419 838 2427; x_wconf 88' lang='lat'><em>-</em></span> <span class='ocrx_word' id='word_1_182' title='bbox 866 2383 1007 2458; x_wconf 74' lang='grc' dir='ltr'><strong><em>ϋᾷήσεως</em></strong></span> <span class='ocrx_word' id='word_1_183' title='bbox 1026 2388 1055 2442; x_wconf 86' lang='lat' dir='ltr'><strong><em>C.</em></strong></span> <span class='ocrx_word' id='word_1_184' title='bbox 1076 2419 1108 2428; x_wconf 91' lang='lat'><em>-</em></span> <span class='ocrx_word' id='word_1_185' title='bbox 1134 2395 1148 2442; x_wconf 79' lang='lat'>⁷</span> <span class='ocrx_word' id='word_1_186' title='bbox 1174 2385 1321 2459; x_wconf 84' lang='grc' dir='ltr'><strong><em>ἐκτεταμέ-</em></strong></span> <span class='ocrx_word' id='word_1_187' title='bbox 1355 2455 1361 2462; x_wconf 37' lang='grc'><strong><em>,</em></strong></span> 
     </span>
     <span class='ocr_line' id='line_1_20' title="bbox 175 2454 1323 2529; baseline 0.001 -16"><span class='ocrx_word' id='word_1_188' title='bbox 175 2479 230 2522; x_wconf 74' lang='grc' dir='ltr'><strong><em>νοις</em></strong></span> <span class='ocrx_word' id='word_1_189' title='bbox 249 2461 285 2516; x_wconf 82' lang='lat' dir='ltr'>lli.</span> <span class='ocrx_word' id='word_1_190' title='bbox 305 2493 337 2500; x_wconf 93' lang='lat'><em>-</em></span> <span class='ocrx_word' id='word_1_191' title='bbox 368 2458 461 2515; x_wconf 81' lang='grc' dir='ltr'><strong><em>ἐκεῖνο</em></strong></span> <span class='ocrx_word' id='word_1_192' title='bbox 485 2460 513 2515; x_wconf 85' lang='lat' dir='ltr'><strong><em>C.</em></strong></span> <span class='ocrx_word' id='word_1_193' title='bbox 533 2491 568 2500; x_wconf 89' lang='lat'>—</span> <span class='ocrx_word' id='word_1_194' title='bbox 597 2455 733 2514; x_wconf 80' lang='grc' dir='ltr'><strong><em>Βτοότοο</em></strong></span> <span class='ocrx_word' id='word_1_195' title='bbox 757 2459 793 2512; x_wconf 88' lang='grc' dir='ltr'><strong><em>Μ.</em></strong></span> <span class='ocrx_word' id='word_1_196' title='bbox 819 2491 851 2498; x_wconf 88' lang='lat'><strong><em>—-</em></strong></span> <span class='ocrx_word' id='word_1_197' title='bbox 880 2454 1006 2514; x_wconf 71' lang='lat' dir='ltr'>aalma</span> <span class='ocrx_word' id='word_1_198' title='bbox 1030 2459 1059 2514; x_wconf 82' lang='lat' dir='ltr'><strong><em>C.</em></strong></span> <span class='ocrx_word' id='word_1_199' title='bbox 1085 2467 1180 2514; x_wconf 87' lang='lat' dir='ltr'>-.1o</span> <span class='ocrx_word' id='word_1_200' title='bbox 1204 2458 1237 2514; x_wconf 83' lang='grc' dir='ltr'><strong><em>αί</em></strong></span> <span class='ocrx_word' id='word_1_201' title='bbox 1258 2463 1323 2529; x_wconf 83' lang='lat' dir='ltr'>post</span> 
     </span>
     <span class='ocr_line' id='line_1_21' title="bbox 175 2525 1321 2603; baseline 0.002 -19"><span class='ocrx_word' id='word_1_202' title='bbox 175 2534 301 2600; x_wconf 83' lang='grc' dir='ltr'><strong><em>γίνονται</em></strong></span> <span class='ocrx_word' id='word_1_203' title='bbox 321 2548 374 2586; x_wconf 90' lang='lat' dir='ltr'><strong><em>om.</em></strong></span> <span class='ocrx_word' id='word_1_204' title='bbox 391 2531 418 2586; x_wconf 87' lang='lat' dir='ltr'><strong><em>C.</em></strong></span> <span class='ocrx_word' id='word_1_205' title='bbox 439 2563 471 2571; x_wconf 88' lang='lat'>-</span> <span class='ocrx_word' id='word_1_206' title='bbox 493 2527 524 2586; x_wconf 86' lang='grc' dir='ltr'><strong><em>ἐν</em></strong></span> <span class='ocrx_word' id='word_1_207' title='bbox 543 2525 632 2600; x_wconf 80' lang='grc' dir='ltr'><strong><em>τούτῳ</em></strong></span> <span class='ocrx_word' id='word_1_208' title='bbox 652 2531 731 2584; x_wconf 84' lang='grc' dir='ltr'><strong><em>οοδδ.</em></strong></span> <span class='ocrx_word' id='word_1_209' title='bbox 751 2531 812 2584; x_wconf 92' lang='lat' dir='ltr'>edd.</span> <span class='ocrx_word' id='word_1_210' title='bbox 833 2526 864 2584; x_wconf 80' lang='grc' dir='ltr'><strong><em>ἐν</em></strong></span> <span class='ocrx_word' id='word_1_211' title='bbox 878 2525 957 2603; x_wconf 78' lang='grc' dir='ltr'><strong><em>τόπῳ</em></strong></span> <span class='ocrx_word' id='word_1_212' title='bbox 973 2529 1063 2593; x_wconf 78' lang='lat' dir='ltr'>Com..</span> <span class='ocrx_word' id='word_1_213' title='bbox 1082 2549 1131 2586; x_wconf 85' lang='lat' dir='ltr'><strong><em>nos</em></strong></span> <span class='ocrx_word' id='word_1_214' title='bbox 1150 2529 1321 2586; x_wconf 83' lang='lat' dir='ltr'>inclusimus.</span> 
     </span>
     <span class='ocr_line' id='line_1_22' title="bbox 178 2597 1322 2686; baseline -0.001 -29"><span class='ocrx_word' id='word_1_215' title='bbox 178 2635 208 2641; x_wconf 87' lang='lat'><strong><em>--</em></strong></span> <span class='ocrx_word' id='word_1_216' title='bbox 236 2611 265 2657; x_wconf 93' lang='lat'><strong><em>11</em></strong></span> <span class='ocrx_word' id='word_1_217' title='bbox 288 2598 303 2658; x_wconf 87' lang='lat' dir='ltr'>d</span> <span class='ocrx_word' id='word_1_218' title='bbox 323 2606 388 2657; x_wconf 82' lang='lat' dir='ltr'>ante</span> <span class='ocrx_word' id='word_1_219' title='bbox 408 2598 489 2672; x_wconf 89' lang='grc' dir='ltr'><strong><em>λόγος</em></strong></span> <span class='ocrx_word' id='word_1_220' title='bbox 507 2619 560 2656; x_wconf 90' lang='lat' dir='ltr'><strong><em>om.</em></strong></span> <span class='ocrx_word' id='word_1_221' title='bbox 581 2602 659 2656; x_wconf 83' lang='lat' dir='ltr'><strong>codd.</strong></span> <span class='ocrx_word' id='word_1_222' title='bbox 679 2602 740 2656; x_wconf 87' lang='lat' dir='ltr'>edd.</span> <span class='ocrx_word' id='word_1_223' title='bbox 762 2606 790 2656; x_wconf 87' lang='lat' dir='ltr'>et</span> <span class='ocrx_word' id='word_1_224' title='bbox 809 2597 983 2686; x_wconf 81' lang='grc' dir='ltr'><strong><em>ἐκπέμπεται</em></strong></span> <span class='ocrx_word' id='word_1_225' title='bbox 1006 2605 1072 2671; x_wconf 87' lang='lat' dir='ltr'>post</span> <span class='ocrx_word' id='word_1_226' title='bbox 1090 2598 1184 2671; x_wconf 75' lang='grc' dir='ltr'><strong><em>λόγοςς</em></strong></span> <span class='ocrx_word' id='word_1_227' title='bbox 1208 2605 1240 2657; x_wconf 80' lang='lat' dir='ltr'>at</span> <span class='ocrx_word' id='word_1_228' title='bbox 1257 2602 1322 2658; x_wconf 83' lang='lat' dir='ltr'>vide</span> 
     </span>
     <span class='ocr_line' id='line_1_23' title="bbox 176 2667 1322 2743; baseline 0 -15"><span class='ocrx_word' id='word_1_229' title='bbox 176 2675 249 2728; x_wconf 78' lang='lat' dir='ltr'>infra</span> <span class='ocrx_word' id='word_1_230' title='bbox 277 2693 303 2743; x_wconf 89' lang='lat' dir='ltr'><strong><em>p.</em></strong></span> <span class='ocrx_word' id='word_1_231' title='bbox 329 2680 380 2728; x_wconf 82' lang='grc'><strong><em>252</em></strong></span> <span class='ocrx_word' id='word_1_232' title='bbox 408 2677 473 2728; x_wconf 86' lang='lat' dir='ltr'>ante</span> <span class='ocrx_word' id='word_1_233' title='bbox 501 2673 572 2728; x_wconf 88' lang='lat' dir='ltr'>med.</span> <span class='ocrx_word' id='word_1_234' title='bbox 597 2673 630 2726; x_wconf 87' lang='lat' dir='ltr'><strong><em>K.</em></strong></span> <span class='ocrx_word' id='word_1_235' title='bbox 655 2703 687 2711; x_wconf 87' lang='lat'><em>-</em></span> <span class='ocrx_word' id='word_1_236' title='bbox 716 2679 747 2726; x_wconf 86' lang='grc'><strong><em>12</em></strong></span> <span class='ocrx_word' id='word_1_237' title='bbox 775 2667 791 2740; x_wconf 87' lang='grc' dir='ltr'>ἡ</span> <span class='ocrx_word' id='word_1_238' title='bbox 816 2693 891 2741; x_wconf 81' lang='grc' dir='ltr'><strong><em>πηγη</em></strong></span> <span class='ocrx_word' id='word_1_239' title='bbox 916 2673 995 2728; x_wconf 85' lang='lat' dir='ltr'>codd.</span> <span class='ocrx_word' id='word_1_240' title='bbox 1020 2673 1082 2729; x_wconf 87' lang='lat' dir='ltr'>edd.</span> <span class='ocrx_word' id='word_1_241' title='bbox 1106 2669 1181 2742; x_wconf 84' lang='grc' dir='ltr'><strong><em>πηγή</em></strong></span> <span class='ocrx_word' id='word_1_242' title='bbox 1205 2691 1263 2732; x_wconf 82' lang='lat' dir='ltr'>noa.</span> <span class='ocrx_word' id='word_1_243' title='bbox 1289 2705 1322 2713; x_wconf 91' lang='lat'>-</span> 
     </span>
     <span class='ocr_line' id='line_1_24' title="bbox 178 2739 1121 2814; baseline 0 -16"><span class='ocrx_word' id='word_1_244' title='bbox 178 2752 210 2798; x_wconf 72' lang='lat'><strong><em>14</em></strong></span> <span class='ocrx_word' id='word_1_245' title='bbox 229 2741 324 2808; x_wconf 78' lang='grc' dir='ltr'><strong><em>ἁπλῶς</em></strong></span> <span class='ocrx_word' id='word_1_246' title='bbox 343 2763 396 2802; x_wconf 91' lang='lat' dir='ltr'><strong><em>om.</em></strong></span> <span class='ocrx_word' id='word_1_247' title='bbox 417 2745 450 2814; x_wconf 77' lang='lat' dir='ltr'><strong><em>G,</em></strong></span> <span class='ocrx_word' id='word_1_248' title='bbox 469 2762 519 2799; x_wconf 86' lang='lat' dir='ltr'><strong><em>nos</em></strong></span> <span class='ocrx_word' id='word_1_249' title='bbox 539 2744 617 2798; x_wconf 88' lang='lat' dir='ltr'>uncis</span> <span class='ocrx_word' id='word_1_250' title='bbox 636 2743 734 2800; x_wconf 87' lang='lat' dir='ltr'>inelus.</span> <span class='ocrx_word' id='word_1_251' title='bbox 755 2775 784 2782; x_wconf 90' lang='lat'><strong><em>-·</em></strong></span> <span class='ocrx_word' id='word_1_252' title='bbox 810 2751 841 2798; x_wconf 85' lang='lat'><strong><em>15</em></strong></span> <span class='ocrx_word' id='word_1_253' title='bbox 860 2739 970 2807; x_wconf 74' lang='grc' dir='ltr'><strong><em>τούτοις</em></strong></span> <span class='ocrx_word' id='word_1_254' title='bbox 988 2741 1019 2798; x_wconf 82' lang='lat' dir='ltr'><strong><em>dl</em></strong></span> <span class='ocrx_word' id='word_1_255' title='bbox 1040 2744 1067 2800; x_wconf 87' lang='lat' dir='ltr'><strong><em>C.</em></strong></span> <span class='ocrx_word' id='word_1_256' title='bbox 1089 2777 1121 2784; x_wconf 98' lang='lat'>—</span> 
     </span>
    </p>
   </div>
   <div class='ocr_carea' id='block_1_4' title="bbox 175 2925 1326 4504">
    <p class='ocr_par' dir='ltr' id='par_1_4' title="bbox 175 2925 1326 4504">
     <span class='ocr_line' id='line_1_25' title="bbox 177 2925 1324 3010; baseline -0.002 -19"><span class='ocrx_word' id='word_1_257' title='bbox 177 2929 229 2991; x_wconf 82' lang='lat' dir='ltr'>Ae</span> <span class='ocrx_word' id='word_1_258' title='bbox 253 2931 462 3010; x_wconf 86' lang='lat' dir='ltr'>praeterea</span> <span class='ocrx_word' id='word_1_259' title='bbox 489 2925 695 3008; x_wconf 84' lang='lat' dir='ltr'>probabile</span> <span class='ocrx_word' id='word_1_260' title='bbox 720 2928 778 2988; x_wconf 85' lang='lat' dir='ltr'>est</span> <span class='ocrx_word' id='word_1_261' title='bbox 801 2947 820 2988; x_wconf 85' lang='lat' dir='ltr'>a</span> <span class='ocrx_word' id='word_1_262' title='bbox 847 2925 988 2988; x_wconf 90' lang='lat' dir='ltr'>mentis</span> <span class='ocrx_word' id='word_1_263' title='bbox 1012 2925 1244 2990; x_wconf 89' lang='lat' dir='ltr'>notionibus</span> <span class='ocrx_word' id='word_1_264' title='bbox 1268 2926 1324 2990; x_wconf 91' lang='lat' dir='ltr'><strong><em>in-</em></strong></span> 
     </span>
     <span class='ocr_line' id='line_1_26' title="bbox 177 3031 1324 3116; baseline -0.002 -19"><span class='ocrx_word' id='word_1_265' title='bbox 177 3037 385 3099; x_wconf 78' lang='lat' dir='ltr'><strong>formatam</strong></span> <span class='ocrx_word' id='word_1_266' title='bbox 419 3037 455 3096; x_wconf 89' lang='lat' dir='ltr'>et</span> <span class='ocrx_word' id='word_1_267' title='bbox 492 3031 603 3116; x_wconf 86' lang='lat' dir='ltr'>quasi</span> <span class='ocrx_word' id='word_1_268' title='bbox 640 3053 859 3114; x_wconf 78' lang='lat' dir='ltr'>expressam</span> <span class='ocrx_word' id='word_1_269' title='bbox 896 3033 999 3095; x_wconf 85' lang='lat' dir='ltr'>exire</span> <span class='ocrx_word' id='word_1_270' title='bbox 1037 3031 1252 3096; x_wconf 86' lang='lat' dir='ltr'>orationem</span> <span class='ocrx_word' id='word_1_271' title='bbox 1286 3036 1324 3095; x_wconf 88' lang='lat' dir='ltr'>et</span> 
     </span>
     <span class='ocr_line' id='line_1_27' title="bbox 177 3137 1322 3224; baseline -0.001 -20"><span class='ocrx_word' id='word_1_272' title='bbox 177 3140 368 3224; x_wconf 87' lang='lat' dir='ltr'>temporis</span> <span class='ocrx_word' id='word_1_273' title='bbox 390 3141 498 3203; x_wconf 84' lang='lat' dir='ltr'>intra</span> <span class='ocrx_word' id='word_1_274' title='bbox 517 3137 717 3223; x_wconf 79' lang='lat' dir='ltr'>cogitandi</span> <span class='ocrx_word' id='word_1_275' title='bbox 742 3141 778 3200; x_wconf 86' lang='lat' dir='ltr'>et</span> <span class='ocrx_word' id='word_1_276' title='bbox 802 3137 953 3201; x_wconf 81' lang='lat' dir='ltr'>dicendi</span> <span class='ocrx_word' id='word_1_277' title='bbox 978 3138 1169 3203; x_wconf 81' lang='lat' dir='ltr'>actionem</span> <span class='ocrx_word' id='word_1_278' title='bbox 1193 3139 1322 3221; x_wconf 86' lang='lat' dir='ltr'>spatio</span> 
     </span>
     <span class='ocr_line' id='line_1_28' title="bbox 176 3244 1323 3330; baseline -0.004 -18"><span class='ocrx_word' id='word_1_279' title='bbox 176 3248 345 3312; x_wconf 81' lang='lat' dir='ltr'>extendi.</span> <span class='ocrx_word' id='word_1_280' title='bbox 395 3247 497 3330; x_wconf 86' lang='lat' dir='ltr'>Ergo</span> <span class='ocrx_word' id='word_1_281' title='bbox 535 3267 641 3310; x_wconf 90' lang='lat' dir='ltr'>mens</span> <span class='ocrx_word' id='word_1_282' title='bbox 676 3265 823 3328; x_wconf 89' lang='lat' dir='ltr'>quoque</span> <span class='ocrx_word' id='word_1_283' title='bbox 853 3266 927 3308; x_wconf 90' lang='lat' dir='ltr'><strong><em>non</em></strong></span> <span class='ocrx_word' id='word_1_284' title='bbox 960 3245 997 3308; x_wconf 91' lang='lat' dir='ltr'><strong><em>in</em></strong></span> <span class='ocrx_word' id='word_1_285' title='bbox 1026 3246 1165 3330; x_wconf 84' lang='lat' dir='ltr'>eapite,</span> <span class='ocrx_word' id='word_1_286' title='bbox 1198 3244 1323 3308; x_wconf 87' lang='lat' dir='ltr'>sedin</span> 
     </span>
     <span class='ocr_line' id='line_1_29' title="bbox 176 3348 1323 3435; baseline -0.004 -16"><span class='ocrx_word' id='word_1_287' title='bbox 176 3355 441 3421; x_wconf 84' lang='lat' dir='ltr'>inferioribus</span> <span class='ocrx_word' id='word_1_288' title='bbox 460 3353 571 3435; x_wconf 77' lang='lat' dir='ltr'>loeis,</span> <span class='ocrx_word' id='word_1_289' title='bbox 595 3349 803 3435; x_wconf 81' lang='lat' dir='ltr'>praecipue</span> <span class='ocrx_word' id='word_1_290' title='bbox 822 3350 861 3415; x_wconf 91' lang='lat' dir='ltr'><strong><em>in</em></strong></span> <span class='ocrx_word' id='word_1_291' title='bbox 880 3351 1008 3434; x_wconf 87' lang='lat' dir='ltr'>eorde,</span> <span class='ocrx_word' id='word_1_292' title='bbox 1033 3351 1226 3416; x_wconf 78' lang='lat' dir='ltr'>collocata</span> <span class='ocrx_word' id='word_1_293' title='bbox 1246 3348 1323 3414; x_wconf 68' lang='lat' dir='ltr'>est?</span> 
     </span>
     <span class='ocr_line' id='line_1_30' title="bbox 175 3457 1324 3544; baseline -0.005 -17"><span class='ocrx_word' id='word_1_294' title='bbox 175 3461 268 3528; x_wconf 84' lang='lat' dir='ltr'>Haeo</span> <span class='ocrx_word' id='word_1_295' title='bbox 291 3462 352 3526; x_wconf 85' lang='lat' dir='ltr'>tibi</span> <span class='ocrx_word' id='word_1_296' title='bbox 376 3459 535 3544; x_wconf 82' lang='lat' dir='ltr'>Diogenis</span> <span class='ocrx_word' id='word_1_297' title='bbox 558 3459 643 3523; x_wconf 85' lang='lat' dir='ltr'>ratio</span> <span class='ocrx_word' id='word_1_298' title='bbox 668 3460 731 3540; x_wconf 77' lang='lat' dir='ltr'>est,</span> <span class='ocrx_word' id='word_1_299' title='bbox 757 3479 839 3541; x_wconf 87' lang='lat' dir='ltr'>quae</span> <span class='ocrx_word' id='word_1_300' title='bbox 863 3461 977 3522; x_wconf 86' lang='lat' dir='ltr'>eontra</span> <span class='ocrx_word' id='word_1_301' title='bbox 1000 3480 1097 3542; x_wconf 88' lang='lat' dir='ltr'>quam</span> <span class='ocrx_word' id='word_1_302' title='bbox 1120 3457 1206 3521; x_wconf 85' lang='lat' dir='ltr'>Zeno</span> <span class='ocrx_word' id='word_1_303' title='bbox 1236 3457 1324 3544; x_wconf 77' lang='lat' dir='ltr'>feeit,</span> 
     </span>
     <span class='ocr_line' id='line_1_31' title="bbox 178 3564 1325 3650; baseline -0.004 -17"><span class='ocrx_word' id='word_1_304' title='bbox 178 3569 219 3632; x_wconf 88' lang='lat' dir='ltr'>ad</span> <span class='ocrx_word' id='word_1_305' title='bbox 242 3569 415 3633; x_wconf 78' lang='lat' dir='ltr'>verborum</span> <span class='ocrx_word' id='word_1_306' title='bbox 435 3565 681 3650; x_wconf 86' lang='lat' dir='ltr'>amplitudinem</span> <span class='ocrx_word' id='word_1_307' title='bbox 700 3564 889 3648; x_wconf 78' lang='lat' dir='ltr'>porrigitur,</span> <span class='ocrx_word' id='word_1_308' title='bbox 912 3567 949 3629; x_wconf 85' lang='lat' dir='ltr'><strong><em>ut</em></strong></span> <span class='ocrx_word' id='word_1_309' title='bbox 970 3564 1020 3628; x_wconf 91' lang='lat' dir='ltr'>illi</span> <span class='ocrx_word' id='word_1_310' title='bbox 1039 3564 1196 3629; x_wconf 83' lang='lat' dir='ltr'>nonnulla</span> <span class='ocrx_word' id='word_1_311' title='bbox 1218 3565 1325 3628; x_wconf 85' lang='lat' dir='ltr'>desint</span> 
     </span>
     <span class='ocr_line' id='line_1_32' title="bbox 177 3669 1326 3756; baseline -0.004 -18"><span class='ocrx_word' id='word_1_312' title='bbox 177 3675 348 3756; x_wconf 81' lang='lat' dir='ltr'>enuntiata</span> <span class='ocrx_word' id='word_1_313' title='bbox 370 3673 561 3756; x_wconf 83' lang='lat' dir='ltr'>necessaria,</span> <span class='ocrx_word' id='word_1_314' title='bbox 585 3673 619 3736; x_wconf 90' lang='lat' dir='ltr'><strong><em>in</em></strong></span> <span class='ocrx_word' id='word_1_315' title='bbox 641 3669 703 3735; x_wconf 80' lang='lat' dir='ltr'>liae</span> <span class='ocrx_word' id='word_1_316' title='bbox 727 3671 884 3754; x_wconf 83' lang='lat' dir='ltr'>quaedam</span> <span class='ocrx_word' id='word_1_317' title='bbox 908 3671 1095 3737; x_wconf 81' lang='lat' dir='ltr'><strong><em>redundent.</em></strong></span> <span class='ocrx_word' id='word_1_318' title='bbox 1137 3669 1198 3734; x_wconf 86' lang='lat' dir='ltr'><strong><em>Sed</em></strong></span> <span class='ocrx_word' id='word_1_319' title='bbox 1222 3669 1326 3754; x_wconf 86' lang='lat' dir='ltr'>prius-</span> 
     </span>
     <span class='ocr_line' id='line_1_33' title="bbox 176 3776 1325 3864; baseline -0.003 -21"><span class='ocrx_word' id='word_1_320' title='bbox 176 3802 276 3864; x_wconf 88' lang='lat' dir='ltr'>quam</span> <span class='ocrx_word' id='word_1_321' title='bbox 304 3801 358 3844; x_wconf 87' lang='lat' dir='ltr'><strong><em>eas</em></strong></span> <span class='ocrx_word' id='word_1_322' title='bbox 382 3780 543 3861; x_wconf 82' lang='lat' dir='ltr'>refellam,</span> <span class='ocrx_word' id='word_1_323' title='bbox 576 3777 754 3862; x_wconf 81' lang='lat' dir='ltr'>Chrysippi</span> <span class='ocrx_word' id='word_1_324' title='bbox 787 3800 912 3862; x_wconf 91' lang='lat' dir='ltr'>quoque</span> <span class='ocrx_word' id='word_1_325' title='bbox 941 3777 1101 3843; x_wconf 88' lang='lat' dir='ltr'>rationem</span> <span class='ocrx_word' id='word_1_326' title='bbox 1130 3776 1325 3862; x_wconf 85' lang='lat' dir='ltr'>subiungere</span> 
     </span>
     <span class='ocr_line' id='line_1_34' title="bbox 177 3882 1324 3968; baseline -0.003 -18"><span class='ocrx_word' id='word_1_327' title='bbox 177 3885 269 3967; x_wconf 80' lang='lat' dir='ltr'>volo,</span> <span class='ocrx_word' id='word_1_328' title='bbox 292 3907 373 3968; x_wconf 86' lang='lat' dir='ltr'>quae</span> <span class='ocrx_word' id='word_1_329' title='bbox 396 3886 473 3950; x_wconf 88' lang='lat' dir='ltr'>talis</span> <span class='ocrx_word' id='word_1_330' title='bbox 498 3890 560 3950; x_wconf 86' lang='lat' dir='ltr'>est:</span> <span class='ocrx_word' id='word_1_331' title='bbox 602 3883 931 3949; x_wconf 75' lang='lat' dir='ltr'>‘Consentaneum</span> <span class='ocrx_word' id='word_1_332' title='bbox 959 3888 1033 3968; x_wconf 81' lang='lat' dir='ltr'>est,</span> <span class='ocrx_word' id='word_1_333' title='bbox 1060 3884 1100 3948; x_wconf 92' lang='lat' dir='ltr'><strong><em>in</em></strong></span> <span class='ocrx_word' id='word_1_334' title='bbox 1128 3906 1201 3968; x_wconf 87' lang='lat' dir='ltr'>qua</span> <span class='ocrx_word' id='word_1_335' title='bbox 1224 3882 1324 3948; x_wconf 86' lang='lat' dir='ltr'>noti-</span> 
     </span>
     <span class='ocr_line' id='line_1_35' title="bbox 177 3991 1325 4076; baseline -0.003 -19"><span class='ocrx_word' id='word_1_336' title='bbox 177 3993 258 4057; x_wconf 86' lang='lat' dir='ltr'>tiae</span> <span class='ocrx_word' id='word_1_337' title='bbox 277 4014 406 4056; x_wconf 90' lang='lat' dir='ltr'>rerum</span> <span class='ocrx_word' id='word_1_338' title='bbox 425 3993 698 4076; x_wconf 87' lang='lat' dir='ltr'>imprimantur</span> <span class='ocrx_word' id='word_1_339' title='bbox 717 3992 754 4054; x_wconf 92' lang='lat' dir='ltr'>et</span> <span class='ocrx_word' id='word_1_340' title='bbox 773 4012 789 4054; x_wconf 90' lang='lat' dir='ltr'>e</span> <span class='ocrx_word' id='word_1_341' title='bbox 814 4012 886 4074; x_wconf 84' lang='lat' dir='ltr'>qua</span> <span class='ocrx_word' id='word_1_342' title='bbox 905 3991 1031 4056; x_wconf 85' lang='lat' dir='ltr'>oratio</span> <span class='ocrx_word' id='word_1_343' title='bbox 1051 3993 1216 4073; x_wconf 86' lang='lat' dir='ltr'>emanet,</span> <span class='ocrx_word' id='word_1_344' title='bbox 1244 4012 1325 4054; x_wconf 86' lang='lat' dir='ltr'><strong><em>eam</em></strong></span> 
     </span>
     <span class='ocr_line' id='line_1_36' title="bbox 178 4098 1324 4183; baseline -0.003 -20"><span class='ocrx_word' id='word_1_345' title='bbox 178 4121 263 4163; x_wconf 86' lang='lat' dir='ltr'>esse</span> <span class='ocrx_word' id='word_1_346' title='bbox 306 4099 456 4164; x_wconf 84' lang='lat' dir='ltr'>animae</span> <span class='ocrx_word' id='word_1_347' title='bbox 497 4104 646 4183; x_wconf 88' lang='lat' dir='ltr'>partem</span> <span class='ocrx_word' id='word_1_348' title='bbox 688 4098 939 4182; x_wconf 84' lang='lat' dir='ltr'>praeeipuam</span> <span class='ocrx_word' id='word_1_349' title='bbox 975 4098 1324 4180; x_wconf 86' lang='lat' dir='ltr'>dominantemque.</span> 
     </span>
     <span class='ocr_line' id='line_1_37' title="bbox 176 4202 1324 4288; baseline -0.005 -17"><span class='ocrx_word' id='word_1_350' title='bbox 176 4205 311 4288; x_wconf 84' lang='lat' dir='ltr'>Neque</span> <span class='ocrx_word' id='word_1_351' title='bbox 331 4205 429 4270; x_wconf 88' lang='lat' dir='ltr'>enim</span> <span class='ocrx_word' id='word_1_352' title='bbox 450 4205 550 4269; x_wconf 83' lang='lat' dir='ltr'>alius</span> <span class='ocrx_word' id='word_1_353' title='bbox 570 4205 777 4287; x_wconf 82' lang='lat' dir='ltr'>erationis,</span> <span class='ocrx_word' id='word_1_354' title='bbox 802 4204 902 4269; x_wconf 89' lang='lat' dir='ltr'>alius</span> <span class='ocrx_word' id='word_1_355' title='bbox 922 4204 1062 4268; x_wconf 88' lang='lat' dir='ltr'>mentis</span> <span class='ocrx_word' id='word_1_356' title='bbox 1081 4224 1203 4286; x_wconf 86' lang='lat' dir='ltr'>neque</span> <span class='ocrx_word' id='word_1_357' title='bbox 1223 4202 1324 4266; x_wconf 87' lang='lat' dir='ltr'>alius</span> 
     </span>
     <span class='ocr_line' id='line_1_38' title="bbox 177 4309 1324 4395; baseline -0.002 -21"><span class='ocrx_word' id='word_1_358' title='bbox 177 4312 303 4394; x_wconf 83' lang='lat' dir='ltr'>vocis,</span> <span class='ocrx_word' id='word_1_359' title='bbox 328 4311 428 4376; x_wconf 87' lang='lat' dir='ltr'>alius</span> <span class='ocrx_word' id='word_1_360' title='bbox 448 4311 588 4376; x_wconf 88' lang='lat' dir='ltr'>mentis</span> <span class='ocrx_word' id='word_1_361' title='bbox 613 4313 699 4377; x_wconf 86' lang='lat' dir='ltr'>fons</span> <span class='ocrx_word' id='word_1_362' title='bbox 719 4316 778 4376; x_wconf 82' lang='lat' dir='ltr'>est</span> <span class='ocrx_word' id='word_1_363' title='bbox 800 4333 922 4395; x_wconf 88' lang='lat' dir='ltr'>neque</span> <span class='ocrx_word' id='word_1_364' title='bbox 943 4309 1096 4375; x_wconf 90' lang='lat' dir='ltr'>omnino</span> <span class='ocrx_word' id='word_1_365' title='bbox 1116 4309 1196 4374; x_wconf 85' lang='lat' dir='ltr'>alia</span> <span class='ocrx_word' id='word_1_366' title='bbox 1218 4309 1324 4374; x_wconf 80' lang='lat' dir='ltr'>vocis</span> 
     </span>
     <span class='ocr_line' id='line_1_39' title="bbox 178 4415 1325 4504; baseline -0.003 -20"><span class='ocrx_word' id='word_1_367' title='bbox 178 4417 305 4504; x_wconf 85' lang='lat' dir='ltr'>erige,</span> <span class='ocrx_word' id='word_1_368' title='bbox 325 4417 404 4483; x_wconf 85' lang='lat' dir='ltr'>alia</span> <span class='ocrx_word' id='word_1_369' title='bbox 423 4419 638 4504; x_wconf 84' lang='lat' dir='ltr'>praecipua</span> <span class='ocrx_word' id='word_1_370' title='bbox 657 4418 775 4483; x_wconf 88' lang='lat' dir='ltr'>animi</span> <span class='ocrx_word' id='word_1_371' title='bbox 795 4439 884 4502; x_wconf 85' lang='lat' dir='ltr'>pars</span> <span class='ocrx_word' id='word_1_372' title='bbox 904 4421 970 4480; x_wconf 82' lang='lat' dir='ltr'>ost.</span> <span class='ocrx_word' id='word_1_373' title='bbox 1007 4415 1077 4480; x_wconf 88' lang='lat' dir='ltr'><strong><em>His</em></strong></span> <span class='ocrx_word' id='word_1_374' title='bbox 1097 4416 1325 4482; x_wconf 81' lang='lat' dir='ltr'>convenien-</span> 
     </span>
    </p>
   </div>
   <div class='ocr_carea' id='block_1_5' title="bbox 0 0 1661 5136">
    <p class='ocr_par' dir='ltr' id='par_1_5' title="bbox 0 0 1661 5136">
     <span class='ocr_line' id='line_1_40' title="bbox 0 0 1661 5136; baseline 0 0"><span class='ocrx_word' id='word_1_375' title='bbox 0 0 1661 5136; x_wconf 95' lang='lat' dir='ltr'><strong><em> </em></strong></span> 
     </span>
    </p>
   </div>
  </div>
 </body>
</html>
