3298 5136
766 383 1010 450 -178-

319 547 350 610 εί
380 542 444 629 γὰρ
476 541 559 628 αῦτη
596 557 667 622 τοῖς
701 540 783 610 κατὰ
820 543 920 628 μέρος
956 541 1080 608 ἅπασιν
1113 541 1283 627 ἐπιπέμπει
1320 540 1468 628 δύναμιν

319 648 509 735 αἰσθήσεώς
540 675 574 715 τε
602 647 669 735 ἅμα
697 648 752 715 καὶ
784 646 961 733 κινήσεως,
994 645 1242 734 ἀποπεφνκέναι
1273 675 1305 715 τι
1335 647 1468 727 πάντως

318 753 382 823 ἀπὸ
403 753 506 842 αύτῆς
525 752 661 841 ἀγγεῖον
680 752 865 842 ἀναγκαῖόν
888 756 978 821 ἐστιν
997 760 1043 833 είς
1064 754 1127 842 τὴν
1146 752 1258 823 αὐτῶν
1275 751 1468 842 ὑπηρεσίαν.

318 861 401 929 ὥστε
424 863 458 928 ἐκ
476 865 534 948 τῆς
554 859 783 947 ἀποδεικτικῆς
801 860 952 948 μεθόδου
970 863 1130 948 πέφηνεν,
1150 859 1200 928 ὅτι
1222 861 1469 949 χρησιμώτερον

291 965 566 1056 ῦᾶνατέμνοντας
597 966 637 1035 τὰ
667 971 731 1058 ζῷα
757 967 1056 1052 κατασκέπτεσθαι,
1088 974 1164 1036 τίνα
1190 969 1246 1036 καὶ
1272 968 1360 1036 πόσα
1388 970 1467 1054 γένη

319 1075 483 1162 σωμάτων
511 1076 547 1142 ἐκ
574 1078 632 1160 τῆς
659 1079 799 1161 καρδίας
826 1073 1015 1161 έκφνόμενα
1044 1076 1232 1162 διανίμεται
1259 1089 1329 1154 τοῖς
1356 1073 1469 1152 ἄλλοις

317 1185 378 1250 τοῦ
399 1181 485 1272 ζςόου
505 1187 636 1268 μορίοις
655 1179 705 1248 ὅτι
729 1207 763 1247 τε
782 1179 912 1249 τούτων
930 1179 1043 1249 αὐτῶν
1065 1181 1229 1268 τοιούτων
1247 1182 1301 1249 καὶ
1320 1185 1468 1248 τοσῶνδε

316 1292 415 1356 τοῦτο
449 1286 510 1374 μὲν
538 1297 699 1372 αίσδησιν
726 1282 746 1372 ἢ
775 1294 910 1373 κίνησιν
942 1283 962 1374 ἢ
991 1287 1090 1375 ἄμφω
1119 1287 1275 1376 παράγει,
1303 1292 1401 1356 τοῦτο
1431 1287 1467 1354 δὲ

317 1393 398 1463 ἄλλο
429 1417 474 1461 τι·
507 1395 562 1462 καὶ
595 1392 701 1472 οὕτως
733 1399 823 1460 ἔστιν
856 1398 943 1461 ίδεῖν
970 1393 1046 1482 ἤδη,
1077 1401 1182 1463 τίνων
1214 1385 1347 1474 ἐντοῖς
1375 1393 1468 1486 ζῴοις

278 1525 303 1561 10
318 1500 495 1588 δυνάμεων
519 1499 539 1588 ἡ
562 1504 683 1586 καρδία
702 1498 799 1586 πηγή.
834 1500 956 1587 ταύτης
977 1505 1035 1587 τῆς
1058 1500 1142 1570 ὁδοῦ
1165 1506 1247 1586 πᾶν,
1271 1499 1321 1569 ὅτι
1344 1527 1406 1588 περ
1425 1497 1467 1568 dv

318 1609 378 1689 ἔξω
393 1613 504 1698 πίπτη,
523 1607 678 1694 περιττόν
695 1608 732 1674 τέ
749 1608 817 1674 ἐστι
835 1608 889 1674 καί
909 1605 1086 1696 ἀλλότριον
1099 1608 1154 1676 καὶ
1169 1608 1271 1696 ταύτη
1294 1607 1468 1695 διήνεγκεν

317 1713 573 1801 ἐπιστημονικὸν
596 1710 794 1792 ἀποδείξεως
817 1717 928 1801 λῆμμα
952 1717 1130 1802 ῥητορικοῦ
1153 1742 1187 1783 τε
1209 1716 1265 1782 καὶ
1289 1735 1467 1803 γυμναστι-

316 1825 379 1889 κοῦ
401 1822 456 1889 rol
475 1824 682 1908 σοφιστικοῦ,
705 1817 788 1907 ὑπὲρ
815 1812 863 1887 ὧν
887 1819 966 1889 οὐδὲ
991 1819 1102 1888 αὐτῶν
1127 1818 1290 1909 οὐδεμίαν
1310 1824 1465 1903 ἐδίδαξαν

279 1951 304 1988 ιι
317 1925 402 2014 ἡμᾶς
421 1925 496 1996 οῦτε
510 1929 662 2015 μέθοδον
676 1925 753 1995 οὔτε
771 1933 962 2013 γυμνασίαν
981 1931 1016 1996 οἳ
1032 1955 1068 2014 γε
1087 1930 1160 2015 περὶ
1175 1928 1236 1996 τὸν
1251 1928 1394 2015 Ζήνωνα
1412 1929 1466 1995 καὶ

252 2033 379 2110 amado
401 2034 614 2123 Χρύσιππον,
638 2032 721 2103 ὅθεν
744 2030 962 2121 ἀναμέμικται
985 2033 1121 2122 φύρδην
1145 2037 1182 2102 ἐν
1203 2049 1273 2114 τοῖς
1296 2035 1301 2124 l
1325 2041 1468 2122 βιβλίοις

322 2185 476 2192 .-.-----
494 2187 533 2191 ...

357 2277 370 2323 1
396 2263 568 2351 αῦτὴΟμ-
592 2262 796 2353 Quantosne*
799 2286 846 2319 ναι
865 2286 896 2319 το
890 2261 1038 2320 ’.-τιΟ
1064 2273 1127 2320 4τε
1148 2261 1246 2336 post
1231 2288 1274 2321 οτι
1288 2267 1377 2354 (codd
1393 2268 1466 2336 edd.)

318 2331 527 2396 delevimus-
549 2333 793 2392 ῚτῶναύτώνΜ
812 2332 920 2392 τούτων
940 2333 1160 2392 αύτῶνΟΑβ
1180 2337 1292 2408 9ίχειν
1306 2335 1362 2408 ηδη
1382 2340 1467 2393 ΟΜΑ

318 2407 451 2480 έστίηδη
470 2410 539 2465 BCh
566 2405 642 2464 ἐστίν
665 2405 720 2477 ἤδη
740 2409 765 2462 Κ
789 2406 899 2462 ἔστινί
887 2409 961 2462 ἰδεῖν
984 2406 1039 2476 ἥδη
1063 2427 1125 2474 nos·
1155 2410 1189 2464 cf
1214 2411 1341 2480 l'.rollp
1345 2417 1412 2465 ..46
1431 2441 1465 2451 -

318 2485 403 2537 τινῶν
423 2482 519 2536 CChK
537 2483 622 2535 τίνων
646 2482 855 2534 Mau-11
877 2482 972 2534 πίπτει
996 2481 1023 2532 Μ
1047 2500 1135 2548 πιπτη
1153 2481 1273 2535 CA.-
1297 2430 1341 2535 12p
1354 2478 1466 2548 ἐπιστη-

318 2549 438 2679 μονηηόν
460 2573 551 2692 {p
527 2570 586 2607 vac.
581 2559 652 2675 ff
646 2551 702 2606 litt.
694 2553 855 2676 δὲίὲεως
858 2552 886 2604 Μ
906 2545 1126 2676 ἓὲᾶπρδείὲεὓς
1149 2552 1237 2677 Ο,
1206 2553 1240 2606 cf.
1263 2553 1375 2679 ongr.
1379 2555 1466 2678 Ιί416.

318 2657 350 2664 —
425 2645 463 2677 οπ
516 2625 571 2677 τῶν
638 2617 664 2676 d.
684 2615 724 2676 aiv
879 2642 912 2675 ου
992 2643 1040 2675 ιαν
1134 2643 1167 2676 ου
1189 2643 1200 2676 ε
1224 2627 1271 2677 ιαν

317 2716 348 2764 γε
369 2698 393 2749 A
418 2696 450 2749 οἳ
469 2715 499 2763 γε
520 2695 576 2748 cM
595 2694 676 2750 Corn.
696 2724 729 2733 -
972 2643 990 2692 μ
1203 2645 1222 2693 μ
1447 2645 1465 2692 η

319 2899 352 2960 et
375 2918 486 2959 sensus
510 2898 542 2958 et
565 2896 672 2958 motus
695 2892 886 2956 facultatem
911 2891 1107 2977 suppeditat,
1130 2917 1168 2958 ex
1192 2917 1229 2959 eo
1253 2915 1311 2958 vas
1334 2894 1465 2979 aliquod

318 3003 430 3086 utique
463 3002 588 3067 oriatur
619 3021 750 3065 necesse
783 3003 845 3083 est,
882 3022 940 3083 per
972 3002 1057 3085 quod
1089 3001 1147 3065 fiat
1179 3001 1238 3065 illa
1269 3001 1465 3067 distributio.

319 3109 424 3186 Quare
449 3131 466 3174 e
485 3107 771 3188 demonstratione,
794 3128 875 3189 quae
895 3108 948 3170 via
968 3130 1005 3171 ac
1024 3108 1150 3172 ratione
1174 3108 1330 3193 procedit,
1352 3108 1465 3172 utilius

319 3239 389 3280 esse
418 3219 509 3300 patet
531 3215 680 3278 dissectis
709 3213 904 3277 animalibus
933 3215 1072 3298 primum
1097 3215 1277 3298 explorare,
1304 3237 1464 3300 quaenam

319 3323 386 3387 sint
409 3345 465 3386 eae
489 3325 521 3385 et
548 3326 627 3405 quot
650 3343 783 3384 nmnero
807 3323 930 3404 partes,
958 3343 1040 3404 quae
1064 3344 1080 3385 e
1109 3323 1203 3386 corde
1227 3328 1343 3387 exeant
1366 3327 1462 3407 atque

318 3430 353 3494 in
376 3429 500 3514 reliqua
519 3427 665 3493 membra
688 3427 935 3510 distribuantur,
959 3428 1081 3511 deiude,
1105 3430 1132 3492 si
1156 3429 1239 3492 tales
1259 3451 1297 3493 ac
1319 3433 1371 3493 tot
1395 3451 1464 3493 esse

319 3535 518 3619 constiterit,
547 3558 610 3618 qua
634 3556 746 3598 sensus
777 3533 826 3595 vel
850 3537 957 3596 motus
987 3537 1037 3598 vel
1065 3538 1236 3618 utrumque
1261 3536 1374 3620 simul,
1401 3559 1465 3620 qua

320 3643 407 3707 aliud
435 3643 557 3726 qnidt
543 3641 693 3706 traducat
679 3644 744 3726 tur3
783 3643 879 3722 atque
913 3640 961 3704 ita
992 3641 1121 3705 demum
1153 3644 1360 3726 perspicuum
1394 3644 1465 3726 erit,

319 3771 456 3833 quarum
484 3749 518 3812 in
546 3747 740 3812 animalibus
769 3767 824 3809 cor
850 3746 988 3811 facultat
939 3752 1043 3812 tatum
1071 3749 1143 3814 fons
1168 3751 1304 3812 exsistat
1301 3749 1464 3825 .-Quod

320 3878 444 3940 cunque
471 3879 548 3920 vero
577 3857 630 3918 ext
633 3877 668 3917 ra
695 3853 779 3916 hanc
811 3853 898 3916 viam
930 3856 1153 3940 rationemque
1188 3792 1343 3919 exciderit
1370 3877 1463 3942 argu·

319 3967 474 4045 mentum,
497 3966 530 4026 et
549 3982 821 4044 supervacaneum
841 3963 873 4022 et
896 3961 1037 4026 alienum
1061 3985 1081 4026 a
1103 3963 1271 4047 proposito
1295 3966 1345 4034 est
1369 3967 1463 4046 atque

319 4069 382 4133 hac
417 4069 625 4153 potissimum
660 4091 694 4130 re
734 4066 841 4129 differt
874 4071 1109 4132 assumtionum
1143 4070 1178 4134 in
1214 4069 1464 4134 demonstrando

320 4197 431 4261 genus,
454 4176 540 4260 quod
563 4197 636 4239 cum
661 4172 843 4237 subtilitate
867 4173 913 4256 fit,
936 4175 977 4238 ab
1002 4199 1039 4240 eo
1047 4228 1055 4259 ,
1079 4178 1164 4260 quod
1187 4177 1238 4241 vel
1256 4177 1295 4240 ‘in
1319 4177 1464 4242 oratione

321 4283 371 4346 vel
396 4283 430 4347 in
453 4282 683 4346 exercitatione
708 4282 855 4345 versatur
883 4280 933 4342 vel
962 4283 1118 4366 sophistis
1148 4284 1307 4348 convenit.
1356 4283 1403 4347 At
1423 4305 1465 4347 ne

320 4387 358 4450 de
381 4388 434 4451 his
457 4389 587 4471 (pridem
609 4389 678 4451 ulla
701 4388 752 4452 vel
776 4409 829 4454 urs
856 4390 905 4453 vel
929 4390 1097 4455 meditatio
1122 4390 1282 4455 aZeuone
1307 4393 1340 4454 et
1363 4388 1464 4473 Chry-
