3246 5148
626 410 846 476 „59..

159 565 226 636 dclv
248 561 333 656 ὑπὲρ
356 563 484 654 ὑγιείας
506 591 540 635 τε
563 567 617 636 καί
637 565 749 637 νόσων
768 565 785 638 ὁ
810 566 909 657 λόγος
931 565 1013 658 ἡμῖν
1030 577 1224 660 περαίνηται
1244 575 1310 640 θει-

156 676 325 746 ιινῦουσιν
343 673 501 757 ὦσαότως
522 673 782 766 Ἱπποκράτην
808 676 877 747 τὸν
902 678 1094 748 Πλάτωνα
1111 679 1310 767 γιγνώσκειν

157 783 244 874 ὑπὲρ
263 783 375 855 αῦτῦν
393 810 458 854 non
473 789 612 872 adiecta,
635 788 906 872 quemadmodum
921 788 980 854 Oh.
994 791 1079 874 vult,
1101 790 1186 855 inter
1200 787 1308 858 Ἱππο-

157 895 287 982 κράτην
310 891 424 962 τιλτὸν
439 891 605 961 Πλάτωνα
624 894 790 960 Particula
812 899 881 978 καί,
905 899 959 962 sed
982 898 1104 963 leviore
1128 900 1308 964 mutatione

158 1005 349 1071 Accusativi
375 997 596 1088 Ἱπποκράτην
627 1003 662 1066 in
688 1001 845 1068 Dativum
873 998 1078 1089 Ἱπποκράτει
1110 1005 1309 1070 emendanda

157 1113 236 1196 iuit;
264 1136 294 1197 p.
309 1113 374 1176 496
393 1113 473 1175 extr.
492 1132 511 1175 a
530 1109 668 1176 lectione
691 1110 871 1176 editionum
894 1109 948 1176 καί
973 1108 1029 1178 θεὰ
1051 1107 1088 1177 τὸ
1112 1114 1231 1197 πεινῆν
1253 1111 1307 1178 καλ

158 1215 216 1284 διὰ
241 1214 278 1285 τὸ
304 1217 423 1303 ῥιγοῦν
446 1214 500 1282 καλ
523 1212 631 1281 πάντα
659 1212 698 1281 τὰ
725 1218 863 1284 τοιαῦτα
892 1215 1031 1304 πάσχειν
1053 1214 1232 1303 ὑπομένων
1253 1217 1308 1284 καὶ

159 1327 238 1413 νικᾷ
260 1323 315 1390 καλ
339 1319 381 1389 οὐ
404 1320 496 1409 λῆγει
519 1324 682 1390 inculcato
705 1328 764 1389 καί
788 1328 863 1408 post
885 1321 1024 1410 πάσχειν
1051 1331 1085 1392 et
1107 1328 1209 1394 eiecto
1233 1332 1309 1412 post

158 1427 340 1516 ῦπομίνων
358 1432 441 1497 sitne
459 1429 700 1514 discedendum,
719 1431 991 1515 quemadmodum
1006 1432 1064 1498 Oh.
1077 1434 1169 1517 fecit,
1189 1455 1309 1518 mngm

158 1540 308 1624 quaestio
332 1542 395 1622 est3
423 1561 500 1604 nam
523 1538 694 1621 hocloco,
721 1539 776 1622 qui
800 1542 850 1602 est
873 1560 890 1602 c
913 1561 979 1623 rep.
1003 1539 1150 1606 Platonis
1174 1539 1218 1625 (p.
1242 1541 1308 1606 440

159 1643 214 1734 Ο),
242 1646 330 1714 codd.
355 1644 471 1710 Galcni
495 1645 529 1710 M
556 1647 589 1708 et
611 1643 849 1710 Laurentianus
877 1649 909 1710 et
936 1646 1004 1710 edd.
1028 1645 1086 1711 AB
1116 1669 1189 1712 cum
1218 1643 1309 1732 prac'·

158 1753 365 1819 stantissimo
388 1753 446 1818 illo
466 1751 575 1818 codice
594 1751 777 1835 Platonico,
799 1751 871 1815 Par.
887 1752 929 1836 A,
952 1754 987 1817 in
1006 1753 1220 1819 collocatione
1238 1777 1307 1820 ver·

158 1861 276 1926 borum
299 1853 559 1945 consentiunt⁴⁶).
596 1857 671 1920 Alio
694 1856 767 1922 loco
786 1880 824 1921 ex
844 1859 956 1924 eadem
974 1859 1052 1943 Rep.
1072 1863 1188 1944 sumto,
1212 1883 1307 1946 quem

157 1967 299 2052 legimus
327 1967 412 2051 apud
441 1963 601 2054 Galenum
628 1988 658 2048 p.
682 1964 747 2030 489
777 1969 851 2029 ante
878 1967 974 2050 med,
1007 1964 1195 2032 Charterius
1223 1970 1308 2033 inter

158 2067 233 2138 ἄλλ’
248 2067 301 2137 ότι
325 2077 358 2136 et
381 2068 462 2157 ἄλλη
482 2069 544 2156 μὲν
562 2065 583 2155 ῆ
602 2063 787 2136 ἀπωθοῦσα
806 2074 876 2156 χείρ
891 2072 1089 2137 Particulam
1108 2072 1171 2158 μέν
1186 2078 1307 2139 temere

157 2178 350 2262 inculcavit,
373 2182 406 2244 ct
423 2201 453 2263 p.
468 2179 534 2243 492
552 2181 628 2262 post
647 2178 690 2242 in.
710 2178 828 2242 mirum
846 2179 934 2243 dictu
958 2179 1059 2242 edidit
1077 2173 1094 2244 ὁ
1119 2176 1218 2263 λόγος
1227 2198 1307 2270 ,ση-

157 2288 294 2370 μαίνει
322 2281 385 2369 τῆν
413 2279 518 2372 ὀργῆν
544 2288 771 2368 χαλεπαίνει
799 2283 1024 2368 (χαλεπαίνειν
1047 2283 1092 2369 Κ)
1120 2285 1183 2351 καλ
1213 2291 1307 2352 πολε-

158 2405 235 2477 μεῖν
253 2391 359 2458 ἐνίοτε
377 2403 449 2468 ταῖς
462 2390 669 2474 ἐπιθυμίαις,
687 2413 753 2456 non
767 2391 958 2474 intellegens
973 2391 1007 2454 in
1022 2391 1192 2476 scriptura,
1209 2415 1307 2477 quam

158 2501 254 2565 MAB
268 2499 405 2583 habent,
423 2493 441 2564 ὁ
456 2494 555 2580 λόγος
573 2501 826 2582 χαλεπαίνειν
844 2493 906 2580 τὴν
921 2490 1027 2581 ὀργῆν
1040 2503 1206 2582 πολεμεῖν,
1224 2499 1308 2563 nihil

159 2607 248 2673 aliud
273 2607 404 2672 subesse
432 2605 496 2670 nisi
523 2605 604 2669 illud
631 2605 739 2690 ipsum
768 2608 938 2689 σημαίνει,
965 2604 1118 2688 quocirca
1146 2607 1308 2692 corrigen-

159 2715 236 2778 dum
259 2713 324 2778 fuit
347 2707 364 2778 ὁ
389 2708 488 2795 λόγος
511 2714 665 2796 σημαίνει
687 2707 749 2795 τῆν
772 2706 879 2798 ὀργῆν
901 2716 1064 2795 πολεμεῖν.
1095 2711 1129 2776 Ρ.
1148 2713 1214 2776 494
1233 2716 1307 2777 ante

159 2821 242 2885 med.
266 2821 350 2884 alius
373 2820 464 2884 locus
487 2818 675 2884 Platonicus
698 2817 750 2905 (de
774 2841 840 2904 rep.
863 2841 894 2901 p.
912 2818 978 2882 440
996 2816 1038 2904 Β)
1061 2818 1214 2884 mendose
1238 2819 1308 2904 qui-

159 2927 233 2992 dein
259 2927 293 2990 in
317 2925 375 2990 AB
404 2925 450 2990 sic
476 2925 616 2990 traditam
644 2928 706 2990 est:
734 2931 805 3001 ταῖς
832 2917 863 2990 θ’
890 2923 1082 3007 ἐπιθυμίαις
1109 2918 1213 2990 αὐτὸν
1239 2950 1308 2991 κοι-

159 3029 360 3116 νωνήσαντα
383 3031 557 3117 αίροῦντα
580 3029 754 3118 (αίροῦντα
768 3028 811 3116 Β)
834 3027 939 3114 λόγου
956 3027 1000 3115 μῆ
1026 3034 1111 3096 δεῖν
1133 3055 1168 3096 τι
1191 3028 1308 3116 πράτ-

159 3163 245 3204 τειν
273 3133 370 3224 οἶμαί
396 3158 432 3205 σε
463 3133 524 3203 οῦκ
554 3131 597 3202 ἂν
626 3134 730 3221 φάναι
760 3162 789 3202 κ.
811 3161 838 3203 τ.
860 3142 903 3214 λ.;
933 3137 988 3202 sed
1017 3135 1075 3202 Oh.
1104 3160 1170 3203 non
1197 3138 1310 3203 debuit

159 3248 329 3333 vulgatam
353 3246 532 3311 editionum
555 3244 797 3310 Platonicorum
824 3245 997 3311 lectionem
1024 3248 1153 3310 secutus
1181 3244 1216 3309 in
1240 3248 1307 3310 tex·

159 3359 230 3419 tum
254 3353 395 3438 recipere
419 3348 541 3437 μηδὲν
559 3345 798 3434 ἀντιπράττειν.
835 3344 927 3435 οἶμαι
951 3353 971 3416 d
977 3349 995 3415 ε’
1009 3367 1061 3433 σε,
1080 3350 1135 3415 scd
1154 3352 1308 3417 correctis

160 3460 286 3525 mendis
310 3460 471 3545 αἱροῦντα
494 3461 528 3523 et
549 3482 580 3524 τι
603 3453 760 3543 πράττειν
781 3458 828 3524 sic
847 3458 1031 3523 emendare:
1055 3458 1232 3543 αἱροῦντος
1255 3454 1308 3523 λό-

232 3724 267 3794 ⁴⁸)
285 3725 339 3780 Hic
355 3741 508 3793 consensus,
528 3726 560 3778 ut
574 3721 630 3779 alia
644 3723 765 3788 taceam,
784 3738 841 3776 non
858 3722 1028 3778 mediocrem
1046 3721 1127 3778 nobis
1146 3723 1306 3792 scmpulum

158 3811 264 3882 iniecit,
278 3815 385 3869 csseme
399 3830 504 3880 verum,
518 3812 594 3882 quod
608 3809 727 3866 coniecit
741 3810 899 3880 Madvigius
914 3811 943 3865 in
956 3811 1071 3866 Advers.
1087 3809 1152 3866 Crit.
1168 3814 1188 3880 1,
1203 3830 1230 3881 p.
1241 3817 1306 3866 420:

160 3903 208 3955 καλ
227 3895 273 3956 δι’
294 3895 377 3956 αῦτῦ
397 3901 498 3969 πεινῆν
516 3899 565 3954 καὶ
584 3893 628 3953 δι’
649 3893 732 3953 αῦτὸ
752 3896 851 3966 όιγοῦν
874 3901 922 3954 καλ
945 3894 1039 3953 πάντα
1062 3894 1233 3954 τὰτοιαῦτα
1252 3893 1306 3952 πό-

159 4008 237 4060 σχειν
255 3985 406 4058 ῦπομένων
425 3983 488 4043 κάν
507 3989 646 4042 νικᾶται
665 3981 698 4042 οῦ
718 3982 805 4057 λήγει.
825 3989 946 4044 Galenus
959 3987 1072 4058 quidem
1086 3983 1134 4042 διὰ
1154 3984 1186 4042 τῦ
1205 3986 1306 4054 πεινῆν

160 4077 207 4132 ταὶ
226 4073 275 4133 διὰ
294 4075 326 4132 τό
346 4076 445 4147 όιγοῦν
463 4077 564 4147 legisse
583 4076 665 4130 etad
684 4077 878 4132 antecedentia
901 4081 946 4144 ζεῖ
965 4097 994 4132 τε
1015 4079 1063 4132 καλ
1082 4077 1246 4147 χαλεπαίνει
1264 4091 1306 4129 re·

158 4167 256 4222 tulisse
273 4166 396 4234 videtur,
416 4165 490 4234 quod
510 4163 661 4220 conicimus
679 4181 712 4219 ex
727 4165 859 4234 proximis
878 4165 937 4221 eius
951 4165 1042 4221 verbis
1055 4184 1082 4235 p.
1093 4170 1143 4218 497
1160 4164 1209 4217 in:
1230 4158 1306 4216 Πλά-

159 4275 216 4309 των
236 4249 426 4324 ἐμνημόνευσε
446 4257 528 4308 δνοῑν
547 4249 721 4322 ἀνθρώπων,
744 4250 875 4324 άμφοῖν
897 4253 950 4324 μὲν
974 4249 1079 4307 ταῦτα
1104 4247 1306 4320 πασχόντων

160 4337 216 4397 ῦπό
236 4362 311 4404 τινος
333 4337 470 4410 ἄρχοντός
492 4361 521 4396 τε
545 4343 594 4395 καλ
618 4343 801 4413 κρατοῦντος,
826 4337 868 4405 ὡς
890 4341 947 4396 καί
969 4341 1095 4411 πεινῆν
1118 4339 1175 4395 καλ
1198 4340 1306 4412 διψῆν

161 4430 218 4484 καὶ
236 4427 366 4503 ρἰγοῦν.
