3444 5140
715 421 960 485 -717-

259 579 292 659 ἐξ
316 577 447 646 ἐκείνου
471 575 527 643 διὰ
550 575 654 663 μέσον
671 578 733 645 τοῦ
751 580 910 644 νωτιαίου
928 573 969 643 τὰ
987 579 1090 662 νεῦρα
1112 572 1175 660 τὴν
1193 570 1274 642 καθ’
1301 571 1409 662 ὁρμὴν

259 691 392 772 κίνησιν
417 681 564 772 ἐπιφέρει
587 697 657 762 τοῖς
684 685 745 750 τοῦ
773 681 930 769 θώρακος
957 686 1075 770 μυσίν,
1102 677 1161 767 ὑφ’
1188 671 1237 748 ὧν
1261 674 1408 749 διαστελ-

260 791 400 878 λόμενος
428 792 513 859 ἕλκει
540 787 601 857 τὸν
629 790 755 869 ἔξωθεν
783 786 864 875 ἀέρα
892 789 948 856 διὰ
978 789 982 877 Ι
1011 791 1072 856 τοῦ
1097 786 1263 876 λάρνγγός
1289 814 1324 856 τε
1352 788 1406 856 καὶ
1419 802 1475 859 710

258 900 316 984 τῆς
343 903 496 984 τραχείας
524 892 681 983 ἀρτηρίας
709 900 756 974 είς
782 895 843 964 τὸν
868 895 1059 982 πνεύμονα,
1087 893 1347 983 συστελλόμενος
1371 895 1408 963 66

258 1005 406 1090 ἐκθλίβει
430 1001 486 1071 διὰ
509 1004 577 1069 τῶν
600 997 721 1068 αὐτῶν.
757 1000 904 1089 ἥμαρτεν
927 995 991 1070 οὖν
1014 999 1031 1070 6
1051 1002 1196 1069 Πλάτων
1218 999 1263 1088 μὴ
1285 1006 1435 1088 βοείη-5

260 1111 335 1190 θεὶς
363 1107 593 1195 ἀκολουθῆσαι
621 1111 666 1198 τῷ
686 1104 893 1195 Ἱπποκράτει
920 1109 1051 1196 λέγοντι
1079 1107 1161 1176 κατὰ
1184 1106 1221 1175 τὸ
1248 1108 1321 1194 περὶ
1345 1106 1409 1194 φύ-

259 1238 332 1298 σιος
354 1215 541 1304 ἀνθρώπου
564 1219 698 1302 βιβλίον
721 1215 787 1282 ‘uod
810 1218 914 1283 ταῦτα
937 1213 1068 1302 ποιήσει
1092 1235 1145 1283 σοι
1168 1213 1275 1283 πάντα
1297 1212 1409 1300 πάσην

260 1320 399 1412 Ἱμέρην
421 1323 476 1392 καλ
496 1319 600 1389 νύκτα
619 1320 674 1389 καὶ
698 1325 860 1408 χειμῶνος
881 1320 936 1390 καὶ
955 1322 1085 1410 θέρεος,
1107 1322 1220 1409 μέχρις
1242 1316 1285 1390 ἀν
1310 1325 1409 1388 δυνα-

261 1432 329 1509 ’τος
358 1422 378 1519 6
411 1428 448 1497 τὸ
481 1431 613 1557 6ve666
645 1429 754 1496 ἕλκειν
786 1432 832 1507 είς
860 1427 989 1496 ἑαυτὸν
1019 1428 1074 1496 καὶ
1106 1427 1208 1497 πάλιν
1234 1428 1409 1516 μεθιέναι.’

261 1537 347 1606 ἕλκει
369 1535 432 1624 μὲν
460 1526 523 1602 οὖν
552 1535 630 1614 ές’
614 1535 734 1602 ταυτὸν
758 1531 775 1602 6
806 1531 988 1621 ἅνθρωπος
1013 1535 1075 1604 τὸν
1098 1538 1224 1617 ἔξωθεν
1246 1531 1329 1622 ἀέρα
1353 1532 1409 1602 διὰ
1424 1557 1449 1594 10

259 1646 321 1710 τοῦ
353 1641 515 1729 στόματος
547 1646 594 1720 είς
623 1640 685 1710 τὸν
711 1639 899 1729 πνεύμονα,
932 1640 989 1771 666
1022 1641 1059 1710 dt
1085 1646 1146 1711 τοῦ
1174 1642 1335 1731 δέρματος
1363 1645 1410 1722 είς

256 1743 319 1827 τάς
341 1745 514 1838 ἀρτηρίας,
542 1745 757 1836 ἀντεκπέμπει
786 1747 823 1815 66
851 1745 896 1817 δι’
927 1738 976 1816 ὧν
999 1753 1122 1836 ἔλαβεν
1149 1740 1259 1830 αὖθις.
1303 1746 1410 1878 6666

261 1846 324 1922 οὖν
354 1855 446 1944 ἑτέρα
474 1857 542 1922 τῶν
570 1852 792 1982 ἐνεργειῶν’
774 1854 927 1942 αναπνοὴ
955 1863 1120 1941 καλεῖται,
1152 1855 1295 1986 βιαπνοίρ
1325 1851 1409 1941 666

262 1959 318 2029 θιά
340 1964 402 2028 τοῦ
431 1957 654 2048 βέρματος,“
635 1989 674 2042 ας
701 1959 891 2049 ἀμφοτέρας
919 1967 966 2042 εἰς
988 1965 1026 2030 ἓν
1049 1959 1292 2049 συναγαγὼν
1278 1989 1296 2029 ο
1320 1960 1410 2030 Πλά-

178 2131 184 2144 ,
260 2094 329 2135 των
362 2065 438 2136 οὔτε
471 2069 684 2156 συνημμένας
715 2065 874 2156 ἀλλήλαις
910 2064 990 2136 οὔθ’
1029 2066 1094 2136 ὑπὸ
1127 2072 1205 2156 μιᾶς
1238 2067 1410 2155 δυνάμεως
1425 2088 1450 2128 1⁵

261 2176 454 2260 γινομένας,
481 2172 526 2254 ὡς
553 2176 769 2243 ἐπιδέδεικται
798 2173 844 2242 δι’
874 2167 924 2242 ὧν
951 2172 1047 2243 εἶπον
1073 2172 1193 2262 ἀρτίως
1215 2172 1409 2262 ὑπομνημά-

299 2348 364 2418 ld}
379 2354 445 2408 aute
461 2348 573 2408 ἐκείνου
588 2370 638 2409 noe
652 2351 831 2420 ἰοεεταὶωαες
846 2347 888 2406 ἀπ
892 2347 1027 2408 ’ἐκείνου
1042 2351 1137 2421 Coru.;
1156 2353 1191 2408 ol.
1205 2354 1290 2426 Proll.
1305 2373 1336 2438 p
1349 2359 1408 2410 107.

264 2443 464 2566 ν-ᾱέενρρι(1
423 2444 457 2478 τα
478 2425 558 2480 codd.
574 2424 635 2480 edd.
656 2444 681 2480 ν.
696 2421 747 2494 τὴν
766 2441 872 2549 606·-
893 2395 1240 2550 4ρνρτρλλύρενοάΜ.-
1260 2421 1409 2494 6φύσεως
1502 2435 1504 2438 ’

262 2491 1232 2656 66062666666wlilhngec)riiogzeepr666wil16666663’‘oitProll)6116661J
1243 2502 1409 2634 66660606

260 2587 313 2692 θέχ
302 2637 498 2707 ροςΑΒΟλιΚ
519 2638 623 2708 θέρεος
641 2637 779 2693 Corm—
805 2645 821 2692 9
842 2632 946 2692 ἑαυτὸν
964 2638 1060 2692 Μ.-
1086 2645 1119 2691 10
1143 2633 1246 2692 ἑαυτὸν
1264 2639 1314 2693 FP
1339 2635 1409 2694 ἑαν-

261 2705 311 2763 τὸν
302 2657 556 2764 wMAsschKf
560 2659 609 2797 611
630 2707 671 2772 είς
688 2713 754 2764 aute
773 2705 824 2772 τάς
842 2725 896 2764 om.
915 2709 1007 2764 M.-
1034 2716 1066 2763 12
1085 2704 1339 2796 ἀρατηρίαςΡμ-
1360 2731 1410 2795 etv:

260 2784 310 2842 θις
329 2775 414 2834 uoti
400 2800 418 2849 6
437 2772 577 2850 piet
548 2800 595 2836 ππ
619 2777 807 2849 ἕτέραΡμ-
833 2787 866 2835 13
885 2781 1005 2851 καλῆται
1027 2781 1116 2836 P.—
1142 2786 1176 2835 14
1199 2777 1247 2836 διὰ
1271 2785 1336 2837 ante
1360 2783 1410 2836 τοῦ

263 2850 752 2923 οω.Ρ.-15τννημέναςΡ.-
1506 2853 1511 2862 ’

261 3056 321 3118 per
342 3033 483 3098 mediam
502 3033 589 3099 dorsi
609 3033 785 3101 medullam
803 3033 894 3098 nervi
913 3036 1040 3098 motum
1058 3033 1279 3099 voluntarium
1300 3035 1409 3101 thora-

264 3141 310 3205 oie
334 3140 490 3205 musculis
518 3140 670 3226 efferunt,
698 3163 718 3206 a
744 3140 860 3224 quibus
888 3138 1048 3204 distentus
1076 3140 1274 3206 extrinsecus
1303 3147 1409 3208 aerem

262 3269 322 3332 per
343 3247 453 3312 fauces
477 3249 510 3310 et
533 3269 682 3331 asperam
707 3247 861 3312 arteriam
884 3247 919 3311 in
946 3242 1132 3330 pulmonem
1156 3248 1307 3332 attrahit,
1335 3271 1409 3314 eon·

262 3357 387 3419 tractus
416 3375 474 3438 per
498 3354 627 3419 easdem
651 3353 751 3419 elidit
791 3353 925 3418 Erravit
950 3353 1050 3440 igitur
1073 3353 1181 3438 Plato,
1204 3376 1277 3419 oum
1304 3355 1410 3420 noluit

264 3461 500 3546 Hippocratem
524 3460 615 3545 sequi
639 3461 672 3524 iu
695 3460 808 3526 libello
832 3459 871 3523 de
894 3463 1011 3524 natura
1035 3460 1176 3525 hominis
1200 3461 1280 3526 haee
1304 3462 1409 3526 dieen-

263 3571 344 3634 tem:
400 3566 543 3652 ‘Atque
575 3567 669 3631 haec
709 3567 837 3632 omnia
869 3566 944 3631 tibi
976 3565 1098 3630 faciet
1130 3566 1241 3634 homo
1274 3568 1409 3634 diebus

265 3676 443 3742 omnibus
478 3678 516 3739 et
553 3674 737 3739 noctibus
775 3678 812 3738 et
844 3673 968 3739 hieme
1006 3677 1044 3737 et
1082 3678 1251 3758 aestate,
1287 3673 1411 3760 quoad

265 3783 448 3868 spiritum
468 3781 670 3846 attrahere
690 3803 731 3846 ac
755 3802 889 3846 rursus
911 3779 1070 3844 reddere
1093 3780 1263 3864 poterit?
1300 3782 1410 3846 Attra-

265 3889 316 3954 hit
337 3889 440 3976 igitur
463 3889 561 3954 homo
585 3889 776 3954 exteriorem
801 3891 907 3951 πέτετο
930 3909 989 3972 ρετ
1012 3909 1049 3952 os
1072 3888 1106 3952 iu
1129 3888 1330 3972 pulmonem,
1352 3910 1411 3972 per

265 4000 374 4062 eutem
401 3996 435 4062 in
463 3995 599 4060 arterias
628 4017 665 4060 ao
695 4017 806 4060 rursus
833 4015 892 4077 per
923 3993 1054 4060 eosdem
1076 3997 1216 4078 meatus,
1244 4017 1302 4079 per
1330 4017 1410 4079 quos

266 4104 405 4188 aecepit,
437 4103 586 4168 remittit.
644 4100 788 4179 Quarum
827 4101 1053 4185 operationum
1088 4101 1193 4164 altera
1227 4101 1411 4185 respiratio,

266 4211 379 4293 altera,
401 4231 483 4294 quae
506 4231 565 4293 per
588 4213 693 4274 eutem
717 4209 764 4291 fit,
786 4207 984 4292 perspiratio
1009 4208 1200 4292 appellatur.
1238 4205 1328 4272 Duae
1351 4208 1411 4272 has

266 4317 362 4382 Plato
386 4317 419 4380 in
443 4338 544 4380 unum
568 4315 766 4381 confundens
789 4335 893 4399 neque
916 4313 1001 4378 iuter
1023 4336 1057 4378 εε
1079 4336 1219 4379 conexae
1242 4335 1346 4400 neque
1370 4314 1411 4379 ab

267 4446 331 4490 una
357 4423 514 4490 facultate
544 4423 687 4510 effectae,
714 4422 887 4504 atmiis,
915 4441 994 4506 quos
1023 4418 1120 4486 modo
1146 4419 1292 4508 laudavi,
1318 4420 1412 4488 libris
