<?xml version="1.0" encoding="UTF-8"?>
<!DOCTYPE html PUBLIC "-//W3C//DTD XHTML 1.0 Transitional//EN"
    "http://www.w3.org/TR/xhtml1/DTD/xhtml1-transitional.dtd">
<html xmlns="http://www.w3.org/1999/xhtml" xml:lang="en" lang="en">
 <head>
  <title>
</title>
<meta http-equiv="Content-Type" content="text/html;charset=utf-8" />
  <meta name='ocr-system' content='tesseract 3.04.00' />
  <meta name='ocr-capabilities' content='ocr_page ocr_carea ocr_par ocr_line ocrx_word'/>
</head>
<body>
  <div class='ocr_page' id='page_1' title='image "./claudiigalenide02mlgoog/claudiigalenide02mlgoog_0556.png"; bbox 0 0 3166 5192; ppageno 0'>
   <div class='ocr_carea' id='block_1_1' title="bbox 572 453 815 516">
    <p class='ocr_par' dir='ltr' id='par_1_1' title="bbox 572 453 815 516">
     <span class='ocr_line' id='line_1_1' title="bbox 572 453 815 516; baseline 0.008 -2"><span class='ocrx_word' id='word_1_1' title='bbox 572 453 815 516; x_wconf 76' lang='lat'>-541-</span> 
     </span>
    </p>
   </div>
   <div class='ocr_carea' id='block_1_2' title="bbox 114 606 1330 2292">
    <p class='ocr_par' dir='ltr' id='par_1_2' title="bbox 114 606 1330 2292">
     <span class='ocr_line' id='line_1_2' title="bbox 114 606 1266 694; baseline 0 -20"><span class='ocrx_word' id='word_1_2' title='bbox 114 608 201 694; x_wconf 76' lang='grc' dir='ltr'><strong><em>μηδὲ</em></strong></span> <span class='ocrx_word' id='word_1_3' title='bbox 235 611 307 674; x_wconf 83' lang='grc' dir='ltr'><strong><em>ἔνια</em></strong></span> <span class='ocrx_word' id='word_1_4' title='bbox 339 611 406 675; x_wconf 79' lang='grc' dir='ltr'><strong><em>τῶν</em></strong></span> <span class='ocrx_word' id='word_1_5' title='bbox 439 606 698 692; x_wconf 71' lang='grc' dir='ltr'>ἐκπεμφθέντων</span> <span class='ocrx_word' id='word_1_6' title='bbox 730 607 970 692; x_wconf 78' lang='grc' dir='ltr'><strong><em>ἐπανέρχεσθαι</em></strong></span> <span class='ocrx_word' id='word_1_7' title='bbox 1003 611 1266 693; x_wconf 83' lang='grc' dir='ltr'><strong><em>συγχωροῦντας.</em></strong></span> 
     </span>
     <span class='ocr_line' id='line_1_3' title="bbox 115 708 1261 799; baseline 0.002 -20"><span class='ocrx_word' id='word_1_8' title='bbox 115 712 206 780; x_wconf 80' lang='grc' dir='ltr'><strong><em>οὕτω</em></strong></span> <span class='ocrx_word' id='word_1_9' title='bbox 231 712 267 780; x_wconf 71' lang='grc' dir='ltr'>δέ</span> <span class='ocrx_word' id='word_1_10' title='bbox 291 715 345 780; x_wconf 83' lang='grc' dir='ltr'>καὶ</span> <span class='ocrx_word' id='word_1_11' title='bbox 368 711 447 791; x_wconf 87' lang='grc' dir='ltr'><strong><em>τοὺς</em></strong></span> <span class='ocrx_word' id='word_1_12' title='bbox 466 713 517 780; x_wconf 84' lang='grc' dir='ltr'>ἐπὶ</span> <span class='ocrx_word' id='word_1_13' title='bbox 536 727 606 791; x_wconf 78' lang='grc' dir='ltr'><strong><em>τοῖς</em></strong></span> <span class='ocrx_word' id='word_1_14' title='bbox 625 711 830 798; x_wconf 78' lang='grc' dir='ltr'><em>εἰσάγουσιν,</em></span> <span class='ocrx_word' id='word_1_15' title='bbox 854 709 935 778; x_wconf 83' lang='grc' dir='ltr'><strong><em>ὅταν</em></strong></span> <span class='ocrx_word' id='word_1_16' title='bbox 955 708 974 798; x_wconf 77' lang='grc' dir='ltr'><em>ἡ</em></span> <span class='ocrx_word' id='word_1_17' title='bbox 994 716 1114 799; x_wconf 78' lang='grc' dir='ltr'><strong><em>καρδία</em></strong></span> <span class='ocrx_word' id='word_1_18' title='bbox 1133 715 1261 781; x_wconf 82' lang='grc' dir='ltr'><strong><em>συστέλ-</em></strong></span> 
     </span>
     <span class='ocr_line' id='line_1_4' title="bbox 114 816 1266 907; baseline 0 -20"><span class='ocrx_word' id='word_1_19' title='bbox 114 829 229 906; x_wconf 87' lang='grc' dir='ltr'><strong><em>ληται,</em></strong></span> <span class='ocrx_word' id='word_1_20' title='bbox 257 825 378 887; x_wconf 78' lang='grc' dir='ltr'><strong><em>κλείειν</em></strong></span> <span class='ocrx_word' id='word_1_21' title='bbox 401 817 440 886; x_wconf 86' lang='grc' dir='ltr'><strong><em>τὰ</em></strong></span> <span class='ocrx_word' id='word_1_22' title='bbox 465 816 610 905; x_wconf 88' lang='grc' dir='ltr'><strong><em>στόματα</em></strong></span> <span class='ocrx_word' id='word_1_23' title='bbox 634 819 741 907; x_wconf 66' lang='grc' dir='ltr'><strong><em>μηδὲν</em></strong></span> <span class='ocrx_word' id='word_1_24' title='bbox 768 823 835 886; x_wconf 79' lang='grc' dir='ltr'><strong><em>τῶν</em></strong></span> <span class='ocrx_word' id='word_1_25' title='bbox 864 818 1051 904; x_wconf 75' lang='grc' dir='ltr'><strong><em>ἑλχθέντων</em></strong></span> <span class='ocrx_word' id='word_1_26' title='bbox 1073 817 1139 887; x_wconf 83' lang='grc' dir='ltr'>ὑπὸ</span> <span class='ocrx_word' id='word_1_27' title='bbox 1164 817 1266 906; x_wconf 78' lang='grc' dir='ltr'><strong><em>αὐτῆς</em></strong></span> 
     </span>
     <span class='ocr_line' id='line_1_5' title="bbox 114 917 1262 1013; baseline 0 -19"><span class='ocrx_word' id='word_1_28' title='bbox 114 919 220 1006; x_wconf 84' lang='grc' dir='ltr'><strong><em>αὖθις</em></strong></span> <span class='ocrx_word' id='word_1_29' title='bbox 243 927 303 1007; x_wconf 78' lang='grc' dir='ltr'><strong><em>ἔξω</em></strong></span> <span class='ocrx_word' id='word_1_30' title='bbox 327 929 568 1012; x_wconf 78' lang='grc' dir='ltr'><strong><em>παλινδρομεῖν</em></strong></span> <span class='ocrx_word' id='word_1_31' title='bbox 592 926 835 1012; x_wconf 75' lang='grc' dir='ltr'><strong><em>ἐπιτρέποντας.</em></strong></span> <span class='ocrx_word' id='word_1_32' title='bbox 871 934 962 1011; x_wconf 84' lang='grc' dir='ltr'><strong><em>είπερ</em></strong></span> <span class='ocrx_word' id='word_1_33' title='bbox 987 917 1050 992; x_wconf 82' lang='grc' dir='ltr'>οὖν</span> <span class='ocrx_word' id='word_1_34' title='bbox 1074 931 1138 1013; x_wconf 79' lang='grc' dir='ltr'><strong><em>ἔχει</em></strong></span> <span class='ocrx_word' id='word_1_35' title='bbox 1162 923 1262 994; x_wconf 84' lang='grc' dir='ltr'><strong><em>ταῦθ’</em></strong></span> 
     </span>
     <span class='ocr_line' id='line_1_6' title="bbox 116 1028 1291 1120; baseline -0.001 -19"><span class='ocrx_word' id='word_1_36' title='bbox 116 1032 239 1118; x_wconf 80' lang='grc' dir='ltr'><strong><em>οὕτως,</em></strong></span> <span class='ocrx_word' id='word_1_37' title='bbox 273 1031 394 1118; x_wconf 76' lang='grc' dir='ltr'><strong><em>ἄνδρες</em></strong></span> <span class='ocrx_word' id='word_1_38' title='bbox 423 1029 713 1119; x_wconf 78' lang='grc' dir='ltr'><strong><em>Ἐρασιστράτειοι,</em></strong></span> <span class='ocrx_word' id='word_1_39' title='bbox 744 1031 784 1099; x_wconf 82' lang='grc' dir='ltr'><strong><em>τά</em></strong></span> <span class='ocrx_word' id='word_1_40' title='bbox 817 1031 878 1118; x_wconf 72' lang='grc' dir='ltr'>μὲν</span> <span class='ocrx_word' id='word_1_41' title='bbox 910 1028 994 1098; x_wconf 83' lang='grc' dir='ltr'><strong><em>άλλα</em></strong></span> <span class='ocrx_word' id='word_1_42' title='bbox 1026 1035 1094 1100; x_wconf 78' lang='grc' dir='ltr'><strong><em>τῶν</em></strong></span> <span class='ocrx_word' id='word_1_43' title='bbox 1122 1029 1291 1120; x_wconf 72' lang='grc' dir='ltr'><strong><em>άγγείωνῡ</em></strong></span> 
     </span>
     <span class='ocr_line' id='line_1_7' title="bbox 116 1137 1265 1230; baseline 0 -22"><span class='ocrx_word' id='word_1_44' title='bbox 116 1140 269 1228; x_wconf 80' lang='grc' dir='ltr'><strong><em>ἐάσωμεν</em></strong></span> <span class='ocrx_word' id='word_1_45' title='bbox 296 1137 360 1226; x_wconf 77' lang='grc' dir='ltr'>ἤδη</span> <span class='ocrx_word' id='word_1_46' title='bbox 392 1143 436 1230; x_wconf 77' lang='grc' dir='ltr'><strong><em>τῷ</em></strong></span> <span class='ocrx_word' id='word_1_47' title='bbox 470 1138 575 1229; x_wconf 77' lang='grc' dir='ltr'><strong><em>λόγῳ,</em></strong></span> <span class='ocrx_word' id='word_1_48' title='bbox 608 1140 644 1207; x_wconf 89' lang='grc' dir='ltr'><strong><em>τὸ</em></strong></span> <span class='ocrx_word' id='word_1_49' title='bbox 676 1139 712 1207; x_wconf 76' lang='grc' dir='ltr'>δὲ</span> <span class='ocrx_word' id='word_1_50' title='bbox 743 1137 1059 1227; x_wconf 78' lang='grc' dir='ltr'><strong><em>ἀμφισβητούμενον</em></strong></span> <span class='ocrx_word' id='word_1_51' title='bbox 1086 1139 1265 1220; x_wconf 75' lang='grc' dir='ltr'><strong><em>ἐπισκευά-</em></strong></span> 
     </span>
     <span class='ocr_line' id='line_1_8' title="bbox 116 1244 1264 1334; baseline 0 -20"><span class='ocrx_word' id='word_1_52' title='bbox 116 1255 218 1334; x_wconf 86' lang='grc' dir='ltr'><strong><em>μεθα,</em></strong></span> <span class='ocrx_word' id='word_1_53' title='bbox 241 1245 303 1332; x_wconf 80' lang='grc' dir='ltr'><strong><em>τὴν</em></strong></span> <span class='ocrx_word' id='word_1_54' title='bbox 326 1254 444 1332; x_wconf 86' lang='grc' dir='ltr'><strong><em>κοίλην</em></strong></span> <span class='ocrx_word' id='word_1_55' title='bbox 466 1248 573 1332; x_wconf 80' lang='grc' dir='ltr'><strong><em>φλέβα</em></strong></span> <span class='ocrx_word' id='word_1_56' title='bbox 596 1245 658 1333; x_wconf 77' lang='grc' dir='ltr'><strong><em>την</em></strong></span> <span class='ocrx_word' id='word_1_57' title='bbox 681 1248 714 1327; x_wconf 78' lang='grc' dir='ltr'>ἐξ</span> <span class='ocrx_word' id='word_1_58' title='bbox 738 1244 861 1334; x_wconf 80' lang='grc' dir='ltr'><strong><em>ἥπατος</em></strong></span> <span class='ocrx_word' id='word_1_59' title='bbox 884 1249 931 1324; x_wconf 89' lang='grc' dir='ltr'><strong><em>είς</em></strong></span> <span class='ocrx_word' id='word_1_60' title='bbox 948 1250 1091 1332; x_wconf 78' lang='grc' dir='ltr'><strong><em>καρδίαν</em></strong></span> <span class='ocrx_word' id='word_1_61' title='bbox 1114 1246 1264 1332; x_wconf 84' lang='grc' dir='ltr'><strong><em>εἰσάγου-</em></strong></span> 
     </span>
     <span class='ocr_line' id='line_1_9' title="bbox 117 1345 1264 1440; baseline 0.001 -20"><span class='ocrx_word' id='word_1_62' title='bbox 117 1373 184 1421; x_wconf 85' lang='grc' dir='ltr'>σαν</span> <span class='ocrx_word' id='word_1_63' title='bbox 206 1353 242 1422; x_wconf 89' lang='grc' dir='ltr'><strong><em>τὸ</em></strong></span> <span class='ocrx_word' id='word_1_64' title='bbox 271 1347 351 1440; x_wconf 81' lang='grc' dir='ltr'><strong><em>αἷμα</em></strong></span> <span class='ocrx_word' id='word_1_65' title='bbox 379 1354 539 1440; x_wconf 80' lang='grc' dir='ltr'><strong><em>ποτέρους</em></strong></span> <span class='ocrx_word' id='word_1_66' title='bbox 566 1357 631 1440; x_wconf 84' lang='grc' dir='ltr'><strong><em>ἔχει</em></strong></span> <span class='ocrx_word' id='word_1_67' title='bbox 661 1352 740 1432; x_wconf 90' lang='grc' dir='ltr'><strong><em>τοὺς</em></strong></span> <span class='ocrx_word' id='word_1_68' title='bbox 766 1351 1007 1437; x_wconf 82' lang='grc' dir='ltr'><strong><em>έπιπεφνκότας</em></strong></span> <span class='ocrx_word' id='word_1_69' title='bbox 1034 1349 1172 1438; x_wconf 81' lang='grc' dir='ltr'><strong><em>ὑμένας,</em></strong></span> <span class='ocrx_word' id='word_1_70' title='bbox 1200 1345 1264 1440; x_wconf 89' lang='grc' dir='ltr'>άρα</span> 
     </span>
     <span class='ocr_line' id='line_1_10' title="bbox 117 1455 1265 1546; baseline 0.001 -20"><span class='ocrx_word' id='word_1_71' title='bbox 117 1465 250 1528; x_wconf 77' lang='grc' dir='ltr'><strong><em>ἔσωθεν</em></strong></span> <span class='ocrx_word' id='word_1_72' title='bbox 273 1463 333 1542; x_wconf 83' lang='grc' dir='ltr'><strong><em>ἔξω</em></strong></span> <span class='ocrx_word' id='word_1_73' title='bbox 358 1462 519 1546; x_wconf 80' lang='grc' dir='ltr'><strong><em>ῥέπουτας</em></strong></span> <span class='ocrx_word' id='word_1_74' title='bbox 542 1455 561 1545; x_wconf 84' lang='grc' dir='ltr'><em>ἢ</em></span> <span class='ocrx_word' id='word_1_75' title='bbox 586 1456 786 1526; x_wconf 82' lang='grc' dir='ltr'><strong><em>τούναντίου</em></strong></span> <span class='ocrx_word' id='word_1_76' title='bbox 810 1461 936 1539; x_wconf 80' lang='grc' dir='ltr'><strong><em>ἔξωθεν</em></strong></span> <span class='ocrx_word' id='word_1_77' title='bbox 956 1463 1019 1526; x_wconf 83' lang='grc' dir='ltr'><strong><em>ἔσω</em></strong></span> <span class='ocrx_word' id='word_1_78' title='bbox 1043 1461 1265 1546; x_wconf 70' lang='grc' dir='ltr'><strong><em>φερομένουςς</em></strong></span> 
     </span>
     <span class='ocr_line' id='line_1_11' title="bbox 117 1563 1306 1653; baseline -0.007 -19"><span class='ocrx_word' id='word_1_79' title='bbox 117 1563 202 1634; x_wconf 83' lang='grc' dir='ltr'><strong><em>άλλὰ</em></strong></span> <span class='ocrx_word' id='word_1_80' title='bbox 227 1575 306 1646; x_wconf 87' lang='grc' dir='ltr'><strong><em>ίσως</em></strong></span> <span class='ocrx_word' id='word_1_81' title='bbox 329 1564 408 1634; x_wconf 75' lang='grc' dir='ltr'><strong><em>οὐδὲ</em></strong></span> <span class='ocrx_word' id='word_1_82' title='bbox 431 1571 530 1635; x_wconf 73' lang='grc' dir='ltr'><strong><em>τοῦτο</em></strong></span> <span class='ocrx_word' id='word_1_83' title='bbox 558 1567 642 1652; x_wconf 88' lang='grc' dir='ltr'><strong><em>μέγα</em></strong></span> <span class='ocrx_word' id='word_1_84' title='bbox 670 1564 753 1653; x_wconf 88' lang='grc' dir='ltr'><strong><em>πρὸς</em></strong></span> <span class='ocrx_word' id='word_1_85' title='bbox 775 1565 811 1634; x_wconf 91' lang='grc' dir='ltr'><strong><em>τὸ</em></strong></span> <span class='ocrx_word' id='word_1_86' title='bbox 840 1565 1175 1652; x_wconf 88' lang='grc' dir='ltr'><strong><em>προπαρεσκευάσθαι</em></strong></span> <span class='ocrx_word' id='word_1_87' title='bbox 1203 1566 1265 1652; x_wconf 76' lang='grc' dir='ltr'>μὲν</span> <span class='ocrx_word' id='word_1_88' title='bbox 1281 1586 1306 1626; x_wconf 84' lang='grc' dir='ltr'>ιο</span> 
     </span>
     <span class='ocr_line' id='line_1_12' title="bbox 118 1667 1265 1761; baseline 0 -21"><span class='ocrx_word' id='word_1_89' title='bbox 118 1674 156 1740; x_wconf 85' lang='grc' dir='ltr'>έν</span> <span class='ocrx_word' id='word_1_90' title='bbox 185 1671 283 1759; x_wconf 82' lang='grc' dir='ltr'><strong><em>ἥπατι</em></strong></span> <span class='ocrx_word' id='word_1_91' title='bbox 311 1673 348 1741; x_wconf 89' lang='grc' dir='ltr'><strong><em>τὸ</em></strong></span> <span class='ocrx_word' id='word_1_92' title='bbox 378 1667 474 1761; x_wconf 85' lang='grc' dir='ltr'><strong><em>αἷμα,</em></strong></span> <span class='ocrx_word' id='word_1_93' title='bbox 507 1673 670 1760; x_wconf 86' lang='grc' dir='ltr'><strong><em>φέρεσθαι</em></strong></span> <span class='ocrx_word' id='word_1_94' title='bbox 704 1672 739 1740; x_wconf 74' lang='grc' dir='ltr'>δὲ</span> <span class='ocrx_word' id='word_1_95' title='bbox 769 1675 928 1740; x_wconf 79' lang='grc' dir='ltr'><strong><em>ἐντεῦθεν</em></strong></span> <span class='ocrx_word' id='word_1_96' title='bbox 959 1677 1007 1751; x_wconf 87' lang='grc' dir='ltr'><strong><em>είς</em></strong></span> <span class='ocrx_word' id='word_1_97' title='bbox 1034 1671 1095 1758; x_wconf 81' lang='grc' dir='ltr'><strong><em>τὴν</em></strong></span> <span class='ocrx_word' id='word_1_98' title='bbox 1123 1677 1265 1760; x_wconf 88' lang='grc' dir='ltr'><strong><em>καρδίαν</em></strong></span> 
     </span>
     <span class='ocr_line' id='line_1_13' title="bbox 118 1777 1266 1869; baseline 0.001 -23"><span class='ocrx_word' id='word_1_99' title='bbox 118 1777 377 1869; x_wconf 73' lang='grc' dir='ltr'><strong><em>ἀποληψόμενον</em></strong></span> <span class='ocrx_word' id='word_1_100' title='bbox 414 1781 562 1848; x_wconf 75' lang='grc' dir='ltr'><strong><em>ἐνταῦθα</em></strong></span> <span class='ocrx_word' id='word_1_101' title='bbox 598 1778 635 1846; x_wconf 88' lang='grc' dir='ltr'><strong><em>τὸ</em></strong></span> <span class='ocrx_word' id='word_1_102' title='bbox 678 1787 793 1846; x_wconf 82' lang='grc' dir='ltr'><strong><em>λεῖπον</em></strong></span> <span class='ocrx_word' id='word_1_103' title='bbox 831 1783 888 1865; x_wconf 79' lang='grc' dir='ltr'><strong><em>τῆς</em></strong></span> <span class='ocrx_word' id='word_1_104' title='bbox 929 1783 1052 1859; x_wconf 77' lang='grc' dir='ltr'><strong><em>οἰκείας</em></strong></span> <span class='ocrx_word' id='word_1_105' title='bbox 1093 1781 1184 1859; x_wconf 83' lang='grc' dir='ltr'><strong><em>ίδέας</em></strong></span> <span class='ocrx_word' id='word_1_106' title='bbox 1220 1785 1266 1847; x_wconf 72' lang='grc' dir='ltr'><strong><em>εί·</em></strong></span> 
     </span>
     <span class='ocr_line' id='line_1_14' title="bbox 119 1883 1330 1976; baseline 0.003 -22"><span class='ocrx_word' id='word_1_107' title='bbox 119 1883 238 1974; x_wconf 77' lang='grc' dir='ltr'><strong><em>ἀκριβῆ</em></strong></span> <span class='ocrx_word' id='word_1_108' title='bbox 258 1887 453 1972; x_wconf 85' lang='grc' dir='ltr'><strong><em>τελειότητα.</em></strong></span> <span class='ocrx_word' id='word_1_109' title='bbox 491 1887 543 1954; x_wconf 75' lang='grc' dir='ltr'>καί</span> <span class='ocrx_word' id='word_1_110' title='bbox 564 1885 628 1973; x_wconf 82' lang='grc' dir='ltr'>γὰρ</span> <span class='ocrx_word' id='word_1_111' title='bbox 647 1887 701 1953; x_wconf 82' lang='grc' dir='ltr'>καὶ</span> <span class='ocrx_word' id='word_1_112' title='bbox 721 1885 824 1971; x_wconf 88' lang='grc' dir='ltr'><strong><em>λόγον</em></strong></span> <span class='ocrx_word' id='word_1_113' title='bbox 843 1892 908 1973; x_wconf 80' lang='grc' dir='ltr'><strong><em>ἔχει</em></strong></span> <span class='ocrx_word' id='word_1_114' title='bbox 927 1886 1041 1976; x_wconf 73' lang='grc' dir='ltr'><strong><em>μηΙδὶν</em></strong></span> <span class='ocrx_word' id='word_1_115' title='bbox 1059 1891 1127 1954; x_wconf 76' lang='grc' dir='ltr'><strong><em>τῶν</em></strong></span> <span class='ocrx_word' id='word_1_116' title='bbox 1145 1889 1265 1954; x_wconf 85' lang='grc' dir='ltr'><strong><em>τελέων</em></strong></span> <span class='ocrx_word' id='word_1_117' title='bbox 1275 1903 1330 1958; x_wconf 75' lang='lat'>551</span> 
     </span>
     <span class='ocr_line' id='line_1_15' title="bbox 118 1989 1262 2081; baseline 0.001 -21"><span class='ocrx_word' id='word_1_118' title='bbox 118 2020 152 2060; x_wconf 90' lang='grc' dir='ltr'>τε</span> <span class='ocrx_word' id='word_1_119' title='bbox 176 1995 231 2061; x_wconf 83' lang='grc' dir='ltr'>καὶ</span> <span class='ocrx_word' id='word_1_120' title='bbox 254 1994 408 2079; x_wconf 80' lang='grc' dir='ltr'><strong><em>μεγάλων</em></strong></span> <span class='ocrx_word' id='word_1_121' title='bbox 431 1997 539 2078; x_wconf 83' lang='grc' dir='ltr'><strong><em>ἔργων</em></strong></span> <span class='ocrx_word' id='word_1_122' title='bbox 562 1989 699 2080; x_wconf 88' lang='grc' dir='ltr'><strong><em>άθρόως</em></strong></span> <span class='ocrx_word' id='word_1_123' title='bbox 722 1992 891 2062; x_wconf 83' lang='grc' dir='ltr'><strong><em>δύνασθαι</em></strong></span> <span class='ocrx_word' id='word_1_124' title='bbox 917 1995 1073 2081; x_wconf 83' lang='grc' dir='ltr'><strong><em>γενέσθαι</em></strong></span> <span class='ocrx_word' id='word_1_125' title='bbox 1096 1993 1180 2081; x_wconf 72' lang='grc' dir='ltr'><strong><em>μηδὲ</em></strong></span> <span class='ocrx_word' id='word_1_126' title='bbox 1203 1990 1262 2078; x_wconf 87' lang='grc' dir='ltr'>ὑφ’</span> 
     </span>
     <span class='ocr_line' id='line_1_16' title="bbox 120 2096 1306 2187; baseline 0.002 -23"><span class='ocrx_word' id='word_1_127' title='bbox 120 2097 195 2178; x_wconf 79' lang='grc' dir='ltr'><strong><em>ἑνὸς</em></strong></span> <span class='ocrx_word' id='word_1_128' title='bbox 218 2096 367 2185; x_wconf 90' lang='grc' dir='ltr'><strong><em>ὀργάνου</em></strong></span> <span class='ocrx_word' id='word_1_129' title='bbox 385 2103 530 2185; x_wconf 87' lang='grc' dir='ltr'><strong><em>φυσικοῦ</em></strong></span> <span class='ocrx_word' id='word_1_130' title='bbox 553 2097 613 2166; x_wconf 87' lang='grc' dir='ltr'><strong><em>τὸν</em></strong></span> <span class='ocrx_word' id='word_1_131' title='bbox 633 2103 758 2167; x_wconf 86' lang='grc' dir='ltr'><strong><em>οίκεῑον</em></strong></span> <span class='ocrx_word' id='word_1_132' title='bbox 776 2099 904 2187; x_wconf 88' lang='grc' dir='ltr'><strong><em>κόσμον</em></strong></span> <span class='ocrx_word' id='word_1_133' title='bbox 922 2097 1051 2167; x_wconf 75' lang='grc' dir='ltr'><strong><em>ἅπαντα</em></strong></span> <span class='ocrx_word' id='word_1_134' title='bbox 1070 2100 1266 2186; x_wconf 81' lang='grc' dir='ltr'><strong><em>κτήσασθαι.</em></strong></span> <span class='ocrx_word' id='word_1_135' title='bbox 1281 2120 1306 2158; x_wconf 77' lang='grc' dir='ltr'><strong><em>ω</em></strong></span> 
     </span>
     <span class='ocr_line' id='line_1_17' title="bbox 121 2198 1265 2292; baseline 0.001 -21"><span class='ocrx_word' id='word_1_136' title='bbox 121 2207 246 2286; x_wconf 82' lang='grc' dir='ltr'><strong><em>δείξατε</em></strong></span> <span class='ocrx_word' id='word_1_137' title='bbox 271 2198 333 2272; x_wconf 77' lang='grc' dir='ltr'>οὖν</span> <span class='ocrx_word' id='word_1_138' title='bbox 356 2203 436 2292; x_wconf 82' lang='grc' dir='ltr'><strong><em>ἡμῖν</em></strong></span> <span class='ocrx_word' id='word_1_139' title='bbox 454 2207 568 2292; x_wconf 79' lang='grc' dir='ltr'><strong><em>ἕτερον</em></strong></span> <span class='ocrx_word' id='word_1_140' title='bbox 587 2202 723 2291; x_wconf 84' lang='grc' dir='ltr'><strong><em>άγγεῑον</em></strong></span> <span class='ocrx_word' id='word_1_141' title='bbox 746 2206 865 2291; x_wconf 81' lang='grc' dir='ltr'><strong><em>ἐξάγων</em></strong></span> <span class='ocrx_word' id='word_1_142' title='bbox 885 2207 919 2272; x_wconf 74' lang='grc' dir='ltr'>ἐκ</span> <span class='ocrx_word' id='word_1_143' title='bbox 938 2209 995 2291; x_wconf 81' lang='grc' dir='ltr'><strong><em>τῆς</em></strong></span> <span class='ocrx_word' id='word_1_144' title='bbox 1013 2210 1151 2291; x_wconf 88' lang='grc' dir='ltr'><strong><em>καρδίας</em></strong></span> <span class='ocrx_word' id='word_1_145' title='bbox 1173 2207 1265 2273; x_wconf 79' lang='grc' dir='ltr'><strong><em>τουτὶ</em></strong></span> 
     </span>
    </p>
   </div>
   <div class='ocr_carea' id='block_1_3' title="bbox 120 2376 1265 2576">
    <p class='ocr_par' dir='ltr' id='par_1_3' title="bbox 120 2376 1265 2576">
     <span class='ocr_line' id='line_1_18' title="bbox 158 2376 1264 2453; baseline 0.004 -19"><span class='ocrx_word' id='word_1_146' title='bbox 158 2376 258 2451; x_wconf 81' lang='grc' dir='ltr'><strong><em>1μήδ’</em></strong></span> <span class='ocrx_word' id='word_1_147' title='bbox 284 2377 363 2446; x_wconf 76' lang='grc' dir='ltr'><strong><em>ἐνίας</em></strong></span> <span class='ocrx_word' id='word_1_148' title='bbox 390 2383 469 2438; x_wconf 87' lang='lat' dir='ltr'>codd.</span> <span class='ocrx_word' id='word_1_149' title='bbox 498 2383 561 2438; x_wconf 85' lang='lat' dir='ltr'>edd.</span> <span class='ocrx_word' id='word_1_150' title='bbox 589 2382 728 2452; x_wconf 79' lang='grc' dir='ltr'><strong><em>μηδεμιᾶς</em></strong></span> <span class='ocrx_word' id='word_1_151' title='bbox 752 2383 832 2439; x_wconf 87' lang='lat' dir='ltr'>Corn.</span> <span class='ocrx_word' id='word_1_152' title='bbox 851 2381 921 2453; x_wconf 68' lang='lat' dir='ltr'>nudi</span> <span class='ocrx_word' id='word_1_153' title='bbox 947 2381 1009 2437; x_wconf 72' lang='grc' dir='ltr'><strong><em>ἔνια</em></strong></span> <span class='ocrx_word' id='word_1_154' title='bbox 1033 2398 1096 2450; x_wconf 85' lang='lat' dir='ltr'>nos;</span> <span class='ocrx_word' id='word_1_155' title='bbox 1121 2383 1155 2438; x_wconf 82' lang='lat' dir='ltr'>ci.</span> <span class='ocrx_word' id='word_1_156' title='bbox 1180 2383 1264 2438; x_wconf 90' lang='lat' dir='ltr'>Proll.</span> 
     </span>
     <span class='ocr_line' id='line_1_19' title="bbox 120 2449 1265 2576; baseline 0.001 -69"><span class='ocrx_word' id='word_1_157' title='bbox 120 2470 147 2576; x_wconf 60' lang='grc' dir='ltr'>φ.</span> <span class='ocrx_word' id='word_1_158' title='bbox 167 2459 209 2510; x_wconf 84' lang='grc'>86.</span> <span class='ocrx_word' id='word_1_159' title='bbox 230 2483 259 2493; x_wconf 92' lang='lat'><em>-</em></span> <span class='ocrx_word' id='word_1_160' title='bbox 283 2461 298 2508; x_wconf 74' lang='grc' dir='ltr'><strong><em>λ</em></strong></span> <span class='ocrx_word' id='word_1_161' title='bbox 318 2457 366 2510; x_wconf 76' lang='grc' dir='ltr'>καί</span> <span class='ocrx_word' id='word_1_162' title='bbox 386 2451 433 2510; x_wconf 76' lang='grc' dir='ltr'>ἐπὶ</span> <span class='ocrx_word' id='word_1_163' title='bbox 452 2461 510 2516; x_wconf 73' lang='grc' dir='ltr'><strong><em>τοῖς</em></strong></span> <span class='ocrx_word' id='word_1_164' title='bbox 528 2453 555 2507; x_wconf 84' lang='grc' dir='ltr'>Μ</span> <span class='ocrx_word' id='word_1_165' title='bbox 575 2453 623 2508; x_wconf 81' lang='grc' dir='ltr'>καλ</span> <span class='ocrx_word' id='word_1_166' title='bbox 642 2461 700 2516; x_wconf 80' lang='grc' dir='ltr'><strong><em>τοῖς</em></strong></span> <span class='ocrx_word' id='word_1_167' title='bbox 719 2449 766 2508; x_wconf 73' lang='grc' dir='ltr'>ἐπὶ</span> <span class='ocrx_word' id='word_1_168' title='bbox 785 2461 844 2516; x_wconf 81' lang='grc' dir='ltr'><strong><em>τοῖς</em></strong></span> <span class='ocrx_word' id='word_1_169' title='bbox 862 2453 994 2508; x_wconf 86' lang='lat' dir='ltr'>ABChK</span> <span class='ocrx_word' id='word_1_170' title='bbox 1018 2454 1067 2507; x_wconf 82' lang='grc' dir='ltr'>καλ</span> <span class='ocrx_word' id='word_1_171' title='bbox 1090 2451 1156 2516; x_wconf 85' lang='grc' dir='ltr'>τούς</span> <span class='ocrx_word' id='word_1_172' title='bbox 1176 2449 1223 2508; x_wconf 74' lang='grc' dir='ltr'>ἐπὶ</span> <span class='ocrx_word' id='word_1_173' title='bbox 1242 2475 1265 2508; x_wconf 80' lang='grc' dir='ltr'><strong><em>τ.</em></strong></span> 
     </span>
    </p>
   </div>
   <div class='ocr_carea' id='block_1_4' title="bbox 120 2521 1265 2739">
    <p class='ocr_par' dir='ltr' id='par_1_4' title="bbox 120 2521 1265 2739">
     <span class='ocr_line' id='line_1_20' title="bbox 142 2521 1264 2595; baseline 0 -17"><span class='ocrx_word' id='word_1_174' title='bbox 142 2541 201 2578; x_wconf 89' lang='lat' dir='ltr'>oru.</span> <span class='ocrx_word' id='word_1_175' title='bbox 228 2557 260 2564; x_wconf 86' lang='lat'>—</span> <span class='ocrx_word' id='word_1_176' title='bbox 294 2533 311 2580; x_wconf 77' lang='lat' dir='ltr'>t</span> <span class='ocrx_word' id='word_1_177' title='bbox 338 2521 424 2581; x_wconf 70' lang='grc' dir='ltr'><strong><em>πάλιν</em></strong></span> <span class='ocrx_word' id='word_1_178' title='bbox 452 2528 569 2595; x_wconf 81' lang='grc' dir='ltr'><strong><em>δρομείκ</em></strong></span> <span class='ocrx_word' id='word_1_179' title='bbox 595 2525 631 2578; x_wconf 82' lang='grc' dir='ltr'>Μ.</span> <span class='ocrx_word' id='word_1_180' title='bbox 660 2554 693 2563; x_wconf 93' lang='grc'><strong>-</strong></span> <span class='ocrx_word' id='word_1_181' title='bbox 728 2532 760 2579; x_wconf 83' lang='grc'>10</span> <span class='ocrx_word' id='word_1_182' title='bbox 785 2525 1079 2594; x_wconf 75' lang='grc' dir='ltr'><strong><em>πρακαρασκευᾶσθαι</em></strong></span> <span class='ocrx_word' id='word_1_183' title='bbox 1106 2525 1202 2580; x_wconf 80' lang='grc' dir='ltr'><strong>ΜΑΒ.</strong></span> <span class='ocrx_word' id='word_1_184' title='bbox 1231 2556 1264 2566; x_wconf 97' lang='grc'>-</span> 
     </span>
     <span class='ocr_line' id='line_1_21' title="bbox 123 2591 1265 2668; baseline 0.003 -21"><span class='ocrx_word' id='word_1_185' title='bbox 123 2602 153 2648; x_wconf 78' lang='lat'>12</span> <span class='ocrx_word' id='word_1_186' title='bbox 173 2591 403 2668; x_wconf 79' lang='grc' dir='ltr'><strong><em>άπολειφομέκην</em></strong></span> <span class='ocrx_word' id='word_1_187' title='bbox 427 2597 455 2652; x_wconf 85' lang='grc' dir='ltr'><strong>Μ</strong></span> <span class='ocrx_word' id='word_1_188' title='bbox 478 2591 708 2666; x_wconf 85' lang='grc' dir='ltr'><strong><em>α’πολειψόμευον</em></strong></span> <span class='ocrx_word' id='word_1_189' title='bbox 732 2595 861 2651; x_wconf 76' lang='lat' dir='ltr'>ABChK</span> <span class='ocrx_word' id='word_1_190' title='bbox 885 2591 1105 2667; x_wconf 72' lang='grc' dir='ltr'><strong><em>ἀποληψόμενον</em></strong></span> <span class='ocrx_word' id='word_1_191' title='bbox 1128 2613 1179 2652; x_wconf 87' lang='lat' dir='ltr'>nos</span> <span class='ocrx_word' id='word_1_192' title='bbox 1202 2613 1265 2651; x_wconf 88' lang='lat' dir='ltr'>cum</span> 
     </span>
     <span class='ocr_line' id='line_1_22' title="bbox 120 2667 532 2739; baseline 0.017 -23"><span class='ocrx_word' id='word_1_193' title='bbox 120 2669 212 2730; x_wconf 81' lang='lat' dir='ltr'>(.&#39;orn.;</span> <span class='ocrx_word' id='word_1_194' title='bbox 233 2667 267 2722; x_wconf 79' lang='lat' dir='ltr'>ct.</span> <span class='ocrx_word' id='word_1_195' title='bbox 286 2669 370 2723; x_wconf 86' lang='lat' dir='ltr'>Proll.</span> <span class='ocrx_word' id='word_1_196' title='bbox 389 2687 418 2739; x_wconf 82' lang='lat' dir='ltr'>p.</span> <span class='ocrx_word' id='word_1_197' title='bbox 437 2675 479 2722; x_wconf 77' lang='lat'>85.</span> <span class='ocrx_word' id='word_1_198' title='bbox 501 2699 532 2706; x_wconf 86' lang='lat'>-</span> 
     </span>
    </p>
   </div>
   <div class='ocr_carea' id='block_1_5' title="bbox 136 2785 330 2794">
    <p class='ocr_par' dir='ltr' id='par_1_5' title="bbox 136 2785 330 2794">
     <span class='ocr_line' id='line_1_23' title="bbox 136 2785 330 2794; baseline 0.01 -2"><span class='ocrx_word' id='word_1_199' title='bbox 136 2785 174 2792; x_wconf 56' lang='lat' dir='ltr'>-n-</span> <span class='ocrx_word' id='word_1_200' title='bbox 216 2787 308 2794; x_wconf 73' lang='lat'><strong>-.-—..</strong></span> <span class='ocrx_word' id='word_1_201' title='bbox 325 2789 330 2794; x_wconf 92' lang='lat'>.</span> 
     </span>
    </p>
   </div>
   <div class='ocr_carea' id='block_1_6' title="bbox 62 2848 1266 4536">
    <p class='ocr_par' dir='ltr' id='par_1_6' title="bbox 62 2848 1266 4536">
     <span class='ocr_line' id='line_1_24' title="bbox 120 2848 1265 2936; baseline 0.004 -25"><span class='ocrx_word' id='word_1_202' title='bbox 120 2848 205 2930; x_wconf 88' lang='lat' dir='ltr'>quod</span> <span class='ocrx_word' id='word_1_203' title='bbox 233 2849 387 2914; x_wconf 87' lang='lat' dir='ltr'>emissum</span> <span class='ocrx_word' id='word_1_204' title='bbox 422 2849 478 2931; x_wconf 88' lang='lat' dir='ltr'>sit,</span> <span class='ocrx_word' id='word_1_205' title='bbox 509 2849 636 2934; x_wconf 78' lang='lat' dir='ltr'>regredi</span> <span class='ocrx_word' id='word_1_206' title='bbox 665 2849 779 2914; x_wconf 88' lang='lat' dir='ltr'>sinere.</span> <span class='ocrx_word' id='word_1_207' title='bbox 834 2848 888 2915; x_wconf 88' lang='lat' dir='ltr'>Sic</span> <span class='ocrx_word' id='word_1_208' title='bbox 917 2871 1043 2934; x_wconf 89' lang='lat' dir='ltr'>quoque</span> <span class='ocrx_word' id='word_1_209' title='bbox 1076 2850 1151 2934; x_wconf 84' lang='lat' dir='ltr'>has,</span> <span class='ocrx_word' id='word_1_210' title='bbox 1183 2873 1265 2936; x_wconf 88' lang='lat' dir='ltr'>quac</span> 
     </span>
     <span class='ocr_line' id='line_1_25' title="bbox 121 2955 1266 3040; baseline 0.003 -21"><span class='ocrx_word' id='word_1_211' title='bbox 121 2955 413 3022; x_wconf 85' lang='lat' dir='ltr'>intromittentibus</span> <span class='ocrx_word' id='word_1_212' title='bbox 433 2956 606 3020; x_wconf 84' lang='lat' dir='ltr'>materiam</span> <span class='ocrx_word' id='word_1_213' title='bbox 625 2956 711 3020; x_wconf 84' lang='lat' dir='ltr'>vasis</span> <span class='ocrx_word' id='word_1_214' title='bbox 732 2955 931 3040; x_wconf 77' lang='lat' dir='ltr'><strong>inhaereant,</strong></span> <span class='ocrx_word' id='word_1_215' title='bbox 950 2957 1005 3020; x_wconf 92' lang='lat' dir='ltr'>ubi</span> <span class='ocrx_word' id='word_1_216' title='bbox 1025 2977 1080 3020; x_wconf 89' lang='lat' dir='ltr'>cor</span> <span class='ocrx_word' id='word_1_217' title='bbox 1093 2957 1266 3022; x_wconf 86' lang='lat' dir='ltr'>contraha-</span> 
     </span>
     <span class='ocr_line' id='line_1_26' title="bbox 121 3061 1264 3148; baseline 0.003 -23"><span class='ocrx_word' id='word_1_218' title='bbox 121 3068 181 3146; x_wconf 89' lang='lat' dir='ltr'>tur,</span> <span class='ocrx_word' id='word_1_219' title='bbox 204 3086 262 3129; x_wconf 89' lang='lat' dir='ltr'>ora</span> <span class='ocrx_word' id='word_1_220' title='bbox 285 3063 433 3128; x_wconf 78' lang='lat' dir='ltr'>claudere</span> <span class='ocrx_word' id='word_1_221' title='bbox 452 3085 489 3126; x_wconf 89' lang='lat' dir='ltr'>ac</span> <span class='ocrx_word' id='word_1_222' title='bbox 512 3061 596 3126; x_wconf 91' lang='lat' dir='ltr'>nihil</span> <span class='ocrx_word' id='word_1_223' title='bbox 617 3085 654 3126; x_wconf 86' lang='lat' dir='ltr'>ex</span> <span class='ocrx_word' id='word_1_224' title='bbox 678 3063 729 3146; x_wconf 91' lang='lat' dir='ltr'>iis,</span> <span class='ocrx_word' id='word_1_225' title='bbox 752 3085 834 3148; x_wconf 88' lang='lat' dir='ltr'>quae</span> <span class='ocrx_word' id='word_1_226' title='bbox 858 3063 938 3127; x_wconf 89' lang='lat' dir='ltr'>illud</span> <span class='ocrx_word' id='word_1_227' title='bbox 958 3065 1137 3148; x_wconf 76' lang='lat' dir='ltr'>attraxerit,</span> <span class='ocrx_word' id='word_1_228' title='bbox 1160 3087 1264 3129; x_wconf 88' lang='lat' dir='ltr'>recur-</span> 
     </span>
     <span class='ocr_line' id='line_1_27' title="bbox 62 3159 1266 3254; baseline 0.002 -23"><span class='ocrx_word' id='word_1_229' title='bbox 62 3159 64 3166; x_wconf 71' lang='grc'><strong>’</strong></span> <span class='ocrx_word' id='word_1_230' title='bbox 121 3191 189 3232; x_wconf 87' lang='lat' dir='ltr'>rere</span> <span class='ocrx_word' id='word_1_231' title='bbox 212 3167 300 3236; x_wconf 86' lang='lat' dir='ltr'>foras</span> <span class='ocrx_word' id='word_1_232' title='bbox 323 3169 520 3254; x_wconf 77' lang='lat' dir='ltr'>permittere.</span> <span class='ocrx_word' id='word_1_233' title='bbox 567 3168 689 3245; x_wconf 84' lang='lat' dir='ltr'>Quodsi</span> <span class='ocrx_word' id='word_1_234' title='bbox 713 3191 764 3233; x_wconf 85' lang='lat' dir='ltr'>res</span> <span class='ocrx_word' id='word_1_235' title='bbox 787 3169 835 3234; x_wconf 87' lang='lat' dir='ltr'>ita</span> <span class='ocrx_word' id='word_1_236' title='bbox 858 3191 892 3234; x_wconf 91' lang='lat' dir='ltr'>se</span> <span class='ocrx_word' id='word_1_237' title='bbox 915 3169 1023 3253; x_wconf 88' lang='lat' dir='ltr'>habet,</span> <span class='ocrx_word' id='word_1_238' title='bbox 1045 3169 1266 3254; x_wconf 79' lang='lat' dir='ltr'>Erasistratei,</span> 
     </span>
     <span class='ocr_line' id='line_1_28' title="bbox 121 3273 1265 3361; baseline 0.002 -23"><span class='ocrx_word' id='word_1_239' title='bbox 121 3273 230 3340; x_wconf 90' lang='lat' dir='ltr'>missis</span> <span class='ocrx_word' id='word_1_240' title='bbox 257 3275 322 3340; x_wconf 87' lang='lat' dir='ltr'>iam</span> <span class='ocrx_word' id='word_1_241' title='bbox 352 3275 485 3360; x_wconf 88' lang='lat' dir='ltr'>reliquis</span> <span class='ocrx_word' id='word_1_242' title='bbox 518 3275 605 3340; x_wconf 83' lang='lat' dir='ltr'>vasis</span> <span class='ocrx_word' id='word_1_243' title='bbox 633 3276 666 3341; x_wconf 89' lang='lat' dir='ltr'>id</span> <span class='ocrx_word' id='word_1_244' title='bbox 694 3279 831 3360; x_wconf 85' lang='lat' dir='ltr'>tantum,</span> <span class='ocrx_word' id='word_1_245' title='bbox 863 3277 948 3361; x_wconf 92' lang='lat' dir='ltr'>quod</span> <span class='ocrx_word' id='word_1_246' title='bbox 981 3277 1015 3341; x_wconf 92' lang='lat' dir='ltr'>in</span> <span class='ocrx_word' id='word_1_247' title='bbox 1043 3277 1265 3342; x_wconf 85' lang='lat' dir='ltr'>controversia</span> 
     </span>
     <span class='ocr_line' id='line_1_29' title="bbox 121 3381 1265 3469; baseline 0.002 -25"><span class='ocrx_word' id='word_1_248' title='bbox 121 3385 179 3464; x_wconf 88' lang='lat' dir='ltr'>est,</span> <span class='ocrx_word' id='word_1_249' title='bbox 202 3383 455 3466; x_wconf 89' lang='lat' dir='ltr'>consideremus,</span> <span class='ocrx_word' id='word_1_250' title='bbox 479 3405 558 3447; x_wconf 85' lang='lat' dir='ltr'>cava</span> <span class='ocrx_word' id='word_1_251' title='bbox 581 3404 677 3466; x_wconf 76' lang='lat' dir='ltr'>vena,</span> <span class='ocrx_word' id='word_1_252' title='bbox 700 3404 781 3467; x_wconf 85' lang='lat' dir='ltr'>quae</span> <span class='ocrx_word' id='word_1_253' title='bbox 805 3404 843 3446; x_wconf 84' lang='lat' dir='ltr'>ex</span> <span class='ocrx_word' id='word_1_254' title='bbox 866 3381 972 3447; x_wconf 87' lang='lat' dir='ltr'>iecore</span> <span class='ocrx_word' id='word_1_255' title='bbox 995 3383 1029 3446; x_wconf 91' lang='lat' dir='ltr'>in</span> <span class='ocrx_word' id='word_1_256' title='bbox 1053 3405 1109 3449; x_wconf 89' lang='lat' dir='ltr'>cor</span> <span class='ocrx_word' id='word_1_257' title='bbox 1135 3383 1265 3469; x_wconf 84' lang='lat' dir='ltr'>sangui-</span> 
     </span>
     <span class='ocr_line' id='line_1_30' title="bbox 121 3487 1264 3575; baseline 0.003 -25"><span class='ocrx_word' id='word_1_258' title='bbox 121 3509 193 3551; x_wconf 88' lang='lat' dir='ltr'>nem</span> <span class='ocrx_word' id='word_1_259' title='bbox 225 3489 389 3572; x_wconf 84' lang='lat' dir='ltr'>immittit,</span> <span class='ocrx_word' id='word_1_260' title='bbox 424 3492 513 3554; x_wconf 88' lang='lat' dir='ltr'>utras</span> <span class='ocrx_word' id='word_1_261' title='bbox 547 3487 669 3554; x_wconf 86' lang='lat' dir='ltr'>habeat</span> <span class='ocrx_word' id='word_1_262' title='bbox 701 3489 906 3554; x_wconf 84' lang='lat' dir='ltr'>membranas</span> <span class='ocrx_word' id='word_1_263' title='bbox 940 3489 1166 3575; x_wconf 84' lang='lat' dir='ltr'>adhaerentes,</span> <span class='ocrx_word' id='word_1_264' title='bbox 1200 3512 1264 3570; x_wconf 87' lang='lat' dir='ltr'>eas,</span> 
     </span>
     <span class='ocr_line' id='line_1_31' title="bbox 120 3595 1263 3680; baseline 0.002 -24"><span class='ocrx_word' id='word_1_265' title='bbox 120 3616 200 3678; x_wconf 86' lang='lat' dir='ltr'>quae</span> <span class='ocrx_word' id='word_1_266' title='bbox 224 3595 265 3660; x_wconf 90' lang='lat' dir='ltr'>ab</span> <span class='ocrx_word' id='word_1_267' title='bbox 289 3595 441 3661; x_wconf 90' lang='lat' dir='ltr'>interiore</span> <span class='ocrx_word' id='word_1_268' title='bbox 464 3599 558 3679; x_wconf 87' lang='lat' dir='ltr'>parte</span> <span class='ocrx_word' id='word_1_269' title='bbox 585 3595 674 3661; x_wconf 85' lang='lat' dir='ltr'>foras</span> <span class='ocrx_word' id='word_1_270' title='bbox 703 3600 840 3680; x_wconf 79' lang='lat' dir='ltr'>vergunt</span> <span class='ocrx_word' id='word_1_271' title='bbox 864 3617 904 3660; x_wconf 89' lang='lat' dir='ltr'>an</span> <span class='ocrx_word' id='word_1_272' title='bbox 929 3617 946 3659; x_wconf 88' lang='lat' dir='ltr'>e</span> <span class='ocrx_word' id='word_1_273' title='bbox 976 3596 1152 3680; x_wconf 83' lang='lat' dir='ltr'>contrario,</span> <span class='ocrx_word' id='word_1_274' title='bbox 1182 3618 1263 3680; x_wconf 82' lang='lat' dir='ltr'>quae</span> 
     </span>
     <span class='ocr_line' id='line_1_32' title="bbox 121 3701 1263 3788; baseline 0.002 -24"><span class='ocrx_word' id='word_1_275' title='bbox 121 3701 317 3766; x_wconf 84' lang='lat' dir='ltr'>extrinsecus</span> <span class='ocrx_word' id='word_1_276' title='bbox 336 3703 424 3766; x_wconf 88' lang='lat' dir='ltr'>intus</span> <span class='ocrx_word' id='word_1_277' title='bbox 442 3702 600 3766; x_wconf 83' lang='lat' dir='ltr'>tendunt?</span> <span class='ocrx_word' id='word_1_278' title='bbox 638 3704 683 3767; x_wconf 83' lang='lat' dir='ltr'>At</span> <span class='ocrx_word' id='word_1_279' title='bbox 704 3702 845 3768; x_wconf 87' lang='lat' dir='ltr'>fortasse</span> <span class='ocrx_word' id='word_1_280' title='bbox 864 3724 904 3766; x_wconf 90' lang='lat' dir='ltr'>ne</span> <span class='ocrx_word' id='word_1_281' title='bbox 923 3701 986 3767; x_wconf 89' lang='lat' dir='ltr'>hoc</span> <span class='ocrx_word' id='word_1_282' title='bbox 1005 3701 1132 3788; x_wconf 88' lang='lat' dir='ltr'>quidem</span> <span class='ocrx_word' id='word_1_283' title='bbox 1152 3702 1263 3787; x_wconf 84' lang='lat' dir='ltr'>magni</span> 
     </span>
     <span class='ocr_line' id='line_1_33' title="bbox 121 3808 1262 3894; baseline 0.002 -22"><span class='ocrx_word' id='word_1_284' title='bbox 121 3808 274 3873; x_wconf 87' lang='lat' dir='ltr'>momenti</span> <span class='ocrx_word' id='word_1_285' title='bbox 294 3813 344 3872; x_wconf 90' lang='lat' dir='ltr'>est</span> <span class='ocrx_word' id='word_1_286' title='bbox 363 3809 516 3873; x_wconf 84' lang='lat' dir='ltr'>adversus</span> <span class='ocrx_word' id='word_1_287' title='bbox 535 3808 633 3894; x_wconf 90' lang='lat' dir='ltr'>istud,</span> <span class='ocrx_word' id='word_1_288' title='bbox 656 3809 741 3893; x_wconf 92' lang='lat' dir='ltr'>quod</span> <span class='ocrx_word' id='word_1_289' title='bbox 760 3809 869 3872; x_wconf 88' lang='lat' dir='ltr'>dicitis</span> <span class='ocrx_word' id='word_1_290' title='bbox 893 3808 927 3872; x_wconf 91' lang='lat' dir='ltr'>in</span> <span class='ocrx_word' id='word_1_291' title='bbox 947 3809 1053 3874; x_wconf 87' lang='lat' dir='ltr'>iecore</span> <span class='ocrx_word' id='word_1_292' title='bbox 1076 3810 1262 3894; x_wconf 86' lang='lat' dir='ltr'>praeparari</span> 
     </span>
     <span class='ocr_line' id='line_1_34' title="bbox 121 3914 1263 4001; baseline 0.003 -24"><span class='ocrx_word' id='word_1_293' title='bbox 121 3914 247 3998; x_wconf 89' lang='lat' dir='ltr'>quidem</span> <span class='ocrx_word' id='word_1_294' title='bbox 267 3915 468 4000; x_wconf 81' lang='lat' dir='ltr'>sanguinem,</span> <span class='ocrx_word' id='word_1_295' title='bbox 491 3915 546 3978; x_wconf 90' lang='lat' dir='ltr'>sed</span> <span class='ocrx_word' id='word_1_296' title='bbox 564 3914 639 3980; x_wconf 91' lang='lat' dir='ltr'>inde</span> <span class='ocrx_word' id='word_1_297' title='bbox 658 3915 692 3980; x_wconf 94' lang='lat' dir='ltr'>in</span> <span class='ocrx_word' id='word_1_298' title='bbox 711 3937 767 3980; x_wconf 87' lang='lat' dir='ltr'>cor</span> <span class='ocrx_word' id='word_1_299' title='bbox 785 3914 912 3998; x_wconf 89' lang='lat' dir='ltr'>deferri,</span> <span class='ocrx_word' id='word_1_300' title='bbox 934 3919 981 4000; x_wconf 91' lang='lat' dir='ltr'>ut,</span> <span class='ocrx_word' id='word_1_301' title='bbox 1004 3915 1088 4001; x_wconf 89' lang='lat' dir='ltr'>quod</span> <span class='ocrx_word' id='word_1_302' title='bbox 1111 3916 1263 3999; x_wconf 86' lang='lat' dir='ltr'>propriae</span> 
     </span>
     <span class='ocr_line' id='line_1_35' title="bbox 122 4021 1263 4106; baseline 0.001 -20"><span class='ocrx_word' id='word_1_303' title='bbox 122 4021 238 4106; x_wconf 88' lang='lat' dir='ltr'>speciei</span> <span class='ocrx_word' id='word_1_304' title='bbox 266 4022 307 4087; x_wconf 88' lang='lat' dir='ltr'>ad</span> <span class='ocrx_word' id='word_1_305' title='bbox 335 4023 573 4087; x_wconf 86' lang='lat' dir='ltr'>absolutionem</span> <span class='ocrx_word' id='word_1_306' title='bbox 602 4021 894 4106; x_wconf 80' lang='lat' dir='ltr'>perfectionemque</span> <span class='ocrx_word' id='word_1_307' title='bbox 923 4021 1021 4104; x_wconf 87' lang='lat' dir='ltr'>desit,</span> <span class='ocrx_word' id='word_1_308' title='bbox 1053 4022 1087 4085; x_wconf 93' lang='lat' dir='ltr'>id</span> <span class='ocrx_word' id='word_1_309' title='bbox 1119 4023 1263 4106; x_wconf 87' lang='lat' dir='ltr'>recipiat.</span> 
     </span>
     <span class='ocr_line' id='line_1_36' title="bbox 122 4127 1262 4214; baseline 0 -21"><span class='ocrx_word' id='word_1_310' title='bbox 122 4127 381 4195; x_wconf 83' lang='lat' dir='ltr'>Consentaneum</span> <span class='ocrx_word' id='word_1_311' title='bbox 405 4129 490 4193; x_wconf 89' lang='lat' dir='ltr'>enim</span> <span class='ocrx_word' id='word_1_312' title='bbox 515 4133 565 4194; x_wconf 89' lang='lat' dir='ltr'>est</span> <span class='ocrx_word' id='word_1_313' title='bbox 591 4129 716 4194; x_wconf 86' lang='lat' dir='ltr'>nullum</span> <span class='ocrx_word' id='word_1_314' title='bbox 745 4127 924 4212; x_wconf 86' lang='lat' dir='ltr'>perfectum</span> <span class='ocrx_word' id='word_1_315' title='bbox 948 4132 981 4194; x_wconf 89' lang='lat' dir='ltr'>et</span> <span class='ocrx_word' id='word_1_316' title='bbox 1003 4150 1158 4214; x_wconf 83' lang='lat' dir='ltr'>magnum</span> <span class='ocrx_word' id='word_1_317' title='bbox 1181 4151 1262 4213; x_wconf 90' lang='lat' dir='ltr'>opus</span> 
     </span>
     <span class='ocr_line' id='line_1_37' title="bbox 122 4234 1262 4323; baseline 0 -23"><span class='ocrx_word' id='word_1_318' title='bbox 122 4237 228 4304; x_wconf 89' lang='lat' dir='ltr'>subito</span> <span class='ocrx_word' id='word_1_319' title='bbox 255 4259 351 4323; x_wconf 87' lang='lat' dir='ltr'>posse</span> <span class='ocrx_word' id='word_1_320' title='bbox 384 4237 454 4301; x_wconf 83' lang='lat' dir='ltr'>fieri</span> <span class='ocrx_word' id='word_1_321' title='bbox 482 4240 539 4300; x_wconf 88' lang='lat' dir='ltr'>aut</span> <span class='ocrx_word' id='word_1_322' title='bbox 571 4235 612 4300; x_wconf 87' lang='lat' dir='ltr'>ab</span> <span class='ocrx_word' id='word_1_323' title='bbox 646 4257 709 4300; x_wconf 91' lang='lat' dir='ltr'>uno</span> <span class='ocrx_word' id='word_1_324' title='bbox 742 4235 959 4302; x_wconf 87' lang='lat' dir='ltr'>instrumento</span> <span class='ocrx_word' id='word_1_325' title='bbox 986 4234 1130 4302; x_wconf 86' lang='lat' dir='ltr'>naturali</span> <span class='ocrx_word' id='word_1_326' title='bbox 1157 4239 1262 4300; x_wconf 90' lang='lat' dir='ltr'>totam</span> 
     </span>
     <span class='ocr_line' id='line_1_38' title="bbox 122 4341 1262 4428; baseline -0.004 -19"><span class='ocrx_word' id='word_1_327' title='bbox 122 4367 209 4409; x_wconf 85' lang='lat' dir='ltr'>suam</span> <span class='ocrx_word' id='word_1_328' title='bbox 249 4343 480 4428; x_wconf 88' lang='lat' dir='ltr'>expolitionem</span> <span class='ocrx_word' id='word_1_329' title='bbox 516 4342 690 4427; x_wconf 87' lang='lat' dir='ltr'>acquirere.</span> <span class='ocrx_word' id='word_1_330' title='bbox 750 4341 871 4418; x_wconf 82' lang='lat' dir='ltr'>Quodsi</span> <span class='ocrx_word' id='word_1_331' title='bbox 912 4345 961 4408; x_wconf 88' lang='lat' dir='ltr'>ita</span> <span class='ocrx_word' id='word_1_332' title='bbox 998 4345 1061 4426; x_wconf 88' lang='lat' dir='ltr'>est,</span> <span class='ocrx_word' id='word_1_333' title='bbox 1102 4341 1262 4406; x_wconf 88' lang='lat' dir='ltr'>ostendite</span> 
     </span>
     <span class='ocr_line' id='line_1_39' title="bbox 122 4449 1262 4536; baseline -0.001 -20"><span class='ocrx_word' id='word_1_334' title='bbox 122 4451 214 4516; x_wconf 86' lang='lat' dir='ltr'>nobis</span> <span class='ocrx_word' id='word_1_335' title='bbox 243 4473 299 4515; x_wconf 86' lang='lat' dir='ltr'>vas</span> <span class='ocrx_word' id='word_1_336' title='bbox 334 4450 431 4535; x_wconf 86' lang='lat' dir='ltr'>aliud,</span> <span class='ocrx_word' id='word_1_337' title='bbox 463 4449 548 4536; x_wconf 89' lang='lat' dir='ltr'>quod</span> <span class='ocrx_word' id='word_1_338' title='bbox 576 4472 593 4512; x_wconf 89' lang='lat' dir='ltr'>e</span> <span class='ocrx_word' id='word_1_339' title='bbox 622 4450 717 4514; x_wconf 85' lang='lat' dir='ltr'>eorde</span> <span class='ocrx_word' id='word_1_340' title='bbox 744 4449 830 4514; x_wconf 87' lang='lat' dir='ltr'>hunc</span> <span class='ocrx_word' id='word_1_341' title='bbox 863 4450 1054 4535; x_wconf 80' lang='lat' dir='ltr'>sanguinem</span> <span class='ocrx_word' id='word_1_342' title='bbox 1083 4449 1262 4533; x_wconf 84' lang='lat' dir='ltr'>perfectum</span> 
     </span>
    </p>
   </div>
   <div class='ocr_carea' id='block_1_7' title="bbox 0 0 1596 5192">
    <p class='ocr_par' dir='ltr' id='par_1_7' title="bbox 0 0 1596 5192">
     <span class='ocr_line' id='line_1_40' title="bbox 0 0 1596 5192; baseline 0 0"><span class='ocrx_word' id='word_1_343' title='bbox 0 0 1596 5192; x_wconf 95' lang='lat' dir='ltr'> </span> 
     </span>
    </p>
   </div>
  </div>
 </body>
</html>
