<?xml version="1.0" encoding="UTF-8"?>
<!DOCTYPE html PUBLIC "-//W3C//DTD XHTML 1.0 Transitional//EN"
    "http://www.w3.org/TR/xhtml1/DTD/xhtml1-transitional.dtd">
<html xmlns="http://www.w3.org/1999/xhtml" xml:lang="en" lang="en">
 <head>
  <title>
</title>
<meta http-equiv="Content-Type" content="text/html;charset=utf-8" />
  <meta name='ocr-system' content='tesseract 3.04.00' />
  <meta name='ocr-capabilities' content='ocr_page ocr_carea ocr_par ocr_line ocrx_word'/>
</head>
<body>
  <div class='ocr_page' id='page_1' title='image "./claudiigalenide02mlgoog_0320.png"; bbox 0 0 3300 5146; ppageno 0'>
   <div class='ocr_carea' id='block_1_1' title="bbox 639 429 882 498">
    <p class='ocr_par' dir='ltr' id='par_1_1' title="bbox 639 429 882 498">
     <span class='ocr_line' id='line_1_1' title="bbox 639 429 882 498; baseline 0 0"><span class='ocrx_word' id='word_1_1' title='bbox 639 429 882 498; x_wconf 84' lang='lat'>-303—</span> 
     </span>
    </p>
   </div>
   <div class='ocr_carea' id='block_1_2' title="bbox 181 585 1395 2281">
    <p class='ocr_par' dir='ltr' id='par_1_2' title="bbox 181 585 1395 2281">
     <span class='ocr_line' id='line_1_2' title="bbox 185 585 1329 678; baseline 0.003 -21"><span class='ocrx_word' id='word_1_2' title='bbox 185 593 392 676; x_wconf 81' lang='grc' dir='ltr'><strong><em>προστιθείς,</em></strong></span> <span class='ocrx_word' id='word_1_3' title='bbox 425 585 470 668; x_wconf 79' lang='grc' dir='ltr'><strong><em>ὡς</em></strong></span> <span class='ocrx_word' id='word_1_4' title='bbox 497 591 529 670; x_wconf 78' lang='grc' dir='ltr'><strong><em>ἐξ</em></strong></span> <span class='ocrx_word' id='word_1_5' title='bbox 561 586 663 676; x_wconf 80' lang='grc' dir='ltr'><strong><em>αὐτῆς</em></strong></span> <span class='ocrx_word' id='word_1_6' title='bbox 692 588 843 678; x_wconf 80' lang='grc' dir='ltr'><strong><em>φανερὸν</em></strong></span> <span class='ocrx_word' id='word_1_7' title='bbox 874 595 965 658; x_wconf 85' lang='grc' dir='ltr'><strong><em>ἔσται</em></strong></span> <span class='ocrx_word' id='word_1_8' title='bbox 992 593 1050 678; x_wconf 81' lang='grc' dir='ltr'><strong><em>τῆς</em></strong></span> <span class='ocrx_word' id='word_1_9' title='bbox 1077 591 1193 673; x_wconf 74' lang='grc' dir='ltr'><strong><em>λέξεως</em></strong></span> <span class='ocrx_word' id='word_1_10' title='bbox 1225 589 1329 660; x_wconf 84' lang='grc' dir='ltr'><strong><em>αὐτοῦ</em></strong></span> 
     </span>
     <span class='ocr_line' id='line_1_3' title="bbox 185 689 1330 784; baseline 0.002 -20"><span class='ocrx_word' id='word_1_11' title='bbox 185 696 296 765; x_wconf 60' lang='grc' dir='ltr'><strong><em>*τόνδε</em></strong></span> <span class='ocrx_word' id='word_1_12' title='bbox 317 695 378 765; x_wconf 89' lang='grc' dir='ltr'><strong><em>τόν</em></strong></span> <span class='ocrx_word' id='word_1_13' title='bbox 401 695 527 784; x_wconf 77' lang='grc' dir='ltr'><strong><em>τρόπον</em></strong></span> <span class='ocrx_word' id='word_1_14' title='bbox 549 696 702 783; x_wconf 78' lang='grc' dir='ltr'><strong><em>ἐχούσης·</em></strong></span> <span class='ocrx_word' id='word_1_15' title='bbox 728 693 873 776; x_wconf 65' lang='grc' dir='ltr'><strong><em>ιἀτόπως</em></strong></span> <span class='ocrx_word' id='word_1_16' title='bbox 895 689 958 765; x_wconf 86' lang='grc' dir='ltr'><strong><em>οὖν</em></strong></span> <span class='ocrx_word' id='word_1_17' title='bbox 977 694 1058 765; x_wconf 82' lang='grc' dir='ltr'><strong><em>αὐτὸ</em></strong></span> <span class='ocrx_word' id='word_1_18' title='bbox 1082 697 1164 766; x_wconf 85' lang='grc' dir='ltr'><strong><em>κατὰ</em></strong></span> <span class='ocrx_word' id='word_1_19' title='bbox 1183 701 1286 766; x_wconf 84' lang='grc' dir='ltr'><strong><em>ταῦτα</em></strong></span> <span class='ocrx_word' id='word_1_20' title='bbox 1308 705 1330 782; x_wconf 91' lang='lat'>†</span> 
     </span>
     <span class='ocr_line' id='line_1_4' title="bbox 185 800 1330 894; baseline 0.003 -25"><span class='ocrx_word' id='word_1_21' title='bbox 185 802 479 890; x_wconf 57' lang='lat' dir='ltr'><strong><em>‘tfiuxttuodpevou</em></strong></span> <span class='ocrx_word' id='word_1_22' title='bbox 503 801 562 870; x_wconf 81' lang='grc' dir='ltr'><strong><em>ἐάν</em></strong></span> <span class='ocrx_word' id='word_1_23' title='bbox 583 829 617 870; x_wconf 91' lang='grc' dir='ltr'><strong><em>τε</em></strong></span> <span class='ocrx_word' id='word_1_24' title='bbox 636 800 681 889; x_wconf 79' lang='grc' dir='ltr'><strong><em>μὴ</em></strong></span> <span class='ocrx_word' id='word_1_25' title='bbox 701 805 789 887; x_wconf 76' lang='grc' dir='ltr'><strong><em>φῶσι</em></strong></span> <span class='ocrx_word' id='word_1_26' title='bbox 812 801 874 889; x_wconf 83' lang='grc' dir='ltr'><strong><em>τὴν</em></strong></span> <span class='ocrx_word' id='word_1_27' title='bbox 896 803 1007 890; x_wconf 87' lang='grc' dir='ltr'><strong><em>λόπην</em></strong></span> <span class='ocrx_word' id='word_1_28' title='bbox 1025 804 1079 871; x_wconf 82' lang='grc' dir='ltr'><strong><em>καὶ</em></strong></span> <span class='ocrx_word' id='word_1_29' title='bbox 1098 803 1161 891; x_wconf 77' lang='grc' dir='ltr'><strong><em>τὴν</em></strong></span> <span class='ocrx_word' id='word_1_30' title='bbox 1179 802 1330 894; x_wconf 85' lang='grc' dir='ltr'><strong><em>ἀγωνίαν</em></strong></span> 
     </span>
     <span class='ocr_line' id='line_1_5' title="bbox 185 904 1328 1004; baseline 0.004 -30"><span class='ocrx_word' id='word_1_31' title='bbox 185 907 251 974; x_wconf 69' lang='lat' dir='ltr'><strong><em>‘aut</em></strong></span> <span class='ocrx_word' id='word_1_32' title='bbox 273 905 336 995; x_wconf 85' lang='grc' dir='ltr'><strong><em>τὴν</em></strong></span> <span class='ocrx_word' id='word_1_33' title='bbox 355 904 484 995; x_wconf 78' lang='grc' dir='ltr'><strong><em>ὀδύνην</em></strong></span> <span class='ocrx_word' id='word_1_34' title='bbox 503 907 692 997; x_wconf 75' lang='grc' dir='ltr'><strong><em>ἀλγηδόνας</em></strong></span> <span class='ocrx_word' id='word_1_35' title='bbox 714 906 801 977; x_wconf 84' lang='grc' dir='ltr'><strong><em>εἶναι</em></strong></span> <span class='ocrx_word' id='word_1_36' title='bbox 820 908 879 977; x_wconf 69' lang='lat' dir='ltr'><strong>tuin</strong></span> <span class='ocrx_word' id='word_1_37' title='bbox 901 935 936 978; x_wconf 87' lang='grc' dir='ltr'><strong><em>τε</em></strong></span> <span class='ocrx_word' id='word_1_38' title='bbox 959 908 1158 996; x_wconf 86' lang='grc' dir='ltr'><strong><em>ἀλγηδόνας,</em></strong></span> <span class='ocrx_word' id='word_1_39' title='bbox 1181 913 1218 979; x_wconf 80' lang='grc' dir='ltr'><strong><em>ἐν</em></strong></span> <span class='ocrx_word' id='word_1_40' title='bbox 1240 909 1328 1004; x_wconf 79' lang='grc' dir='ltr'><strong><em>ἅλλρι</em></strong></span> 
     </span>
     <span class='ocr_line' id='line_1_6' title="bbox 184 1009 1356 1107; baseline 0.005 -27"><span class='ocrx_word' id='word_1_41' title='bbox 184 1015 347 1099; x_wconf 60' lang='grc' dir='ltr'><strong><em>γίνονται</em></strong></span> <span class='ocrx_word' id='word_1_42' title='bbox 375 1013 466 1105; x_wconf 75' lang='grc' dir='ltr'><strong><em>τόπῳ</em></strong></span> <span class='ocrx_word' id='word_1_43' title='bbox 493 1009 514 1102; x_wconf 85' lang='grc' dir='ltr'><em>ἢ</em></span> <span class='ocrx_word' id='word_1_44' title='bbox 542 1018 587 1106; x_wconf 79' lang='grc' dir='ltr'><strong><em>τῷ</em></strong></span> <span class='ocrx_word' id='word_1_45' title='bbox 619 1012 815 1107; x_wconf 76' lang='grc' dir='ltr'><strong><em>ἡγεμονικῷ.</em></strong></span> <span class='ocrx_word' id='word_1_46' title='bbox 863 1015 903 1083; x_wconf 84' lang='grc' dir='ltr'><strong><em>τὰ</em></strong></span> <span class='ocrx_word' id='word_1_47' title='bbox 932 1017 968 1085; x_wconf 77' lang='grc' dir='ltr'><strong><em>δὲ</em></strong></span> <span class='ocrx_word' id='word_1_48' title='bbox 997 1015 1079 1086; x_wconf 76' lang='grc' dir='ltr'><strong><em>αὐτὰ</em></strong></span> <span class='ocrx_word' id='word_1_49' title='bbox 1111 1019 1166 1084; x_wconf 80' lang='grc' dir='ltr'><strong><em>καὶ</em></strong></span> <span class='ocrx_word' id='word_1_50' title='bbox 1194 1019 1245 1085; x_wconf 78' lang='grc' dir='ltr'><strong><em>ἐπὶ</em></strong></span> <span class='ocrx_word' id='word_1_51' title='bbox 1272 1022 1356 1106; x_wconf 67' lang='grc' dir='ltr'><strong><em>τῆςὸ</em></strong></span> 
     </span>
     <span class='ocr_line' id='line_1_7' title="bbox 184 1121 1328 1212; baseline 0.004 -26"><span class='ocrx_word' id='word_1_52' title='bbox 184 1121 300 1209; x_wconf 65' lang='lat' dir='ltr'><strong>‘zupus</strong></span> <span class='ocrx_word' id='word_1_53' title='bbox 329 1121 385 1187; x_wconf 86' lang='grc' dir='ltr'><strong><em>καὶ</em></strong></span> <span class='ocrx_word' id='word_1_54' title='bbox 418 1121 470 1188; x_wconf 80' lang='grc' dir='ltr'><strong><em>ἐπὶ</em></strong></span> <span class='ocrx_word' id='word_1_55' title='bbox 502 1124 563 1188; x_wconf 87' lang='grc' dir='ltr'><strong><em>τοῦ</em></strong></span> <span class='ocrx_word' id='word_1_56' title='bbox 589 1121 741 1208; x_wconf 78' lang='grc' dir='ltr'><em>θάρσους</em></span> <span class='ocrx_word' id='word_1_57' title='bbox 768 1125 924 1210; x_wconf 83' lang='grc' dir='ltr'><strong><em>ἐροῦμεν,</em></strong></span> <span class='ocrx_word' id='word_1_58' title='bbox 957 1122 1039 1212; x_wconf 77' lang='grc' dir='ltr'><strong><em>ἅπερ</em></strong></span> <span class='ocrx_word' id='word_1_59' title='bbox 1070 1126 1223 1212; x_wconf 78' lang='grc' dir='ltr'><strong><em>ἐμφαίνει</em></strong></span> <span class='ocrx_word' id='word_1_60' title='bbox 1254 1125 1328 1208; x_wconf 80' lang='grc' dir='ltr'><strong><em>περὶ</em></strong></span> 
     </span>
     <span class='ocr_line' id='line_1_8' title="bbox 184 1223 1395 1318; baseline 0.004 -25"><span class='ocrx_word' id='word_1_61' title='bbox 184 1224 257 1313; x_wconf 57' lang='grc' dir='ltr'><strong><em>ετὴν</em></strong></span> <span class='ocrx_word' id='word_1_62' title='bbox 284 1231 427 1314; x_wconf 78' lang='grc' dir='ltr'><strong><em>καρδίαν</em></strong></span> <span class='ocrx_word' id='word_1_63' title='bbox 457 1226 627 1314; x_wconf 91' lang='grc' dir='ltr'><strong><em>γινόμενα.</em></strong></span> <span class='ocrx_word' id='word_1_64' title='bbox 682 1223 724 1296; x_wconf 82' lang='grc' dir='ltr'><strong><em>ὃν</em></strong></span> <span class='ocrx_word' id='word_1_65' title='bbox 751 1228 877 1316; x_wconf 82' lang='grc' dir='ltr'><strong><em>τρόπον</em></strong></span> <span class='ocrx_word' id='word_1_66' title='bbox 900 1231 980 1318; x_wconf 89' lang='grc' dir='ltr'><strong><em>γάρ,</em></strong></span> <span class='ocrx_word' id='word_1_67' title='bbox 1011 1229 1092 1299; x_wconf 86' lang='grc' dir='ltr'><strong><em>ὅταν</em></strong></span> <span class='ocrx_word' id='word_1_68' title='bbox 1119 1229 1179 1299; x_wconf 89' lang='grc' dir='ltr'><strong><em>τὸν</em></strong></span> <span class='ocrx_word' id='word_1_69' title='bbox 1207 1233 1212 1318; x_wconf 89' lang='grc' dir='ltr'>Ι</span> <span class='ocrx_word' id='word_1_70' title='bbox 1241 1231 1329 1299; x_wconf 90' lang='grc' dir='ltr'><strong><em>πόδα</em></strong></span> <span class='ocrx_word' id='word_1_71' title='bbox 1338 1249 1395 1305; x_wconf 73' lang='grc'><strong><em>336</em></strong></span> 
     </span>
     <span class='ocr_line' id='line_1_9' title="bbox 184 1330 1330 1424; baseline 0.005 -23"><span class='ocrx_word' id='word_1_72' title='bbox 184 1336 351 1421; x_wconf 67' lang='grc' dir='ltr'><strong><em>πονοὸμεν</em></strong></span> <span class='ocrx_word' id='word_1_73' title='bbox 373 1330 393 1421; x_wconf 77' lang='grc' dir='ltr'>ἢ</span> <span class='ocrx_word' id='word_1_74' title='bbox 416 1331 480 1422; x_wconf 84' lang='grc' dir='ltr'><strong><em>τὴν</em></strong></span> <span class='ocrx_word' id='word_1_75' title='bbox 501 1333 662 1421; x_wconf 79' lang='grc' dir='ltr'><strong><em>κεφαλήν,</em></strong></span> <span class='ocrx_word' id='word_1_76' title='bbox 684 1336 759 1424; x_wconf 80' lang='grc' dir='ltr'><strong><em>περὶ</em></strong></span> <span class='ocrx_word' id='word_1_77' title='bbox 781 1336 921 1416; x_wconf 84' lang='grc' dir='ltr'><strong><em>τούτους</em></strong></span> <span class='ocrx_word' id='word_1_78' title='bbox 938 1335 1017 1416; x_wconf 82' lang='grc' dir='ltr'><strong><em>τοὺς</em></strong></span> <span class='ocrx_word' id='word_1_79' title='bbox 1039 1337 1162 1418; x_wconf 90' lang='grc' dir='ltr'><strong><em>τόπονς</em></strong></span> <span class='ocrx_word' id='word_1_80' title='bbox 1184 1335 1202 1406; x_wconf 88' lang='grc' dir='ltr'><strong>ὁ</strong></span> <span class='ocrx_word' id='word_1_81' title='bbox 1225 1337 1330 1418; x_wconf 86' lang='grc' dir='ltr'><strong><em>πόνος</em></strong></span> 
     </span>
     <span class='ocr_line' id='line_1_10' title="bbox 184 1438 1329 1532; baseline 0.004 -24"><span class='ocrx_word' id='word_1_82' title='bbox 184 1441 337 1526; x_wconf 66' lang='grc' dir='ltr'><strong><em>γίνεται,</em></strong></span> <span class='ocrx_word' id='word_1_83' title='bbox 370 1438 475 1520; x_wconf 82' lang='grc' dir='ltr'><strong><em>οὕτως</em></strong></span> <span class='ocrx_word' id='word_1_84' title='bbox 507 1441 809 1530; x_wconf 75' lang='grc' dir='ltr'><strong><em>σνναισθανόμεθα</em></strong></span> <span class='ocrx_word' id='word_1_85' title='bbox 841 1444 896 1511; x_wconf 83' lang='grc' dir='ltr'><strong><em>καὶ</em></strong></span> <span class='ocrx_word' id='word_1_86' title='bbox 928 1448 985 1532; x_wconf 79' lang='grc' dir='ltr'><strong><em>τῆς</em></strong></span> <span class='ocrx_word' id='word_1_87' title='bbox 1011 1443 1093 1512; x_wconf 84' lang='grc' dir='ltr'><strong><em>κατὰ</em></strong></span> <span class='ocrx_word' id='word_1_88' title='bbox 1124 1442 1188 1532; x_wconf 84' lang='grc' dir='ltr'><strong><em>τὴν</em></strong></span> <span class='ocrx_word' id='word_1_89' title='bbox 1219 1443 1329 1532; x_wconf 83' lang='grc' dir='ltr'><strong><em>λύπην</em></strong></span> 
     </span>
     <span class='ocr_line' id='line_1_11' title="bbox 184 1543 1369 1639; baseline 0.007 -26"><span class='ocrx_word' id='word_1_90' title='bbox 184 1543 383 1634; x_wconf 63' lang='grc' dir='ltr'><strong><em>ἀλγηδόνος</em></strong></span> <span class='ocrx_word' id='word_1_91' title='bbox 406 1549 481 1636; x_wconf 82' lang='grc' dir='ltr'><strong><em>περὶ</em></strong></span> <span class='ocrx_word' id='word_1_92' title='bbox 503 1547 564 1616; x_wconf 91' lang='grc' dir='ltr'><strong><em>τὸν</em></strong></span> <span class='ocrx_word' id='word_1_93' title='bbox 586 1547 725 1636; x_wconf 61' lang='lat' dir='ltr'><strong><em>ouum</em></strong></span> <span class='ocrx_word' id='word_1_94' title='bbox 748 1551 937 1637; x_wconf 79' lang='grc' dir='ltr'><strong><em>γινομένης,</em></strong></span> <span class='ocrx_word' id='word_1_95' title='bbox 961 1547 1037 1617; x_wconf 80' lang='grc' dir='ltr'><strong><em>οὔτε</em></strong></span> <span class='ocrx_word' id='word_1_96' title='bbox 1058 1553 1117 1637; x_wconf 85' lang='grc' dir='ltr'><strong><em>τῆς</em></strong></span> <span class='ocrx_word' id='word_1_97' title='bbox 1139 1552 1244 1639; x_wconf 79' lang='grc' dir='ltr'><strong><em>λύπης</em></strong></span> <span class='ocrx_word' id='word_1_98' title='bbox 1267 1550 1329 1622; x_wconf 84' lang='grc' dir='ltr'><strong><em>οὐκ</em></strong></span> <span class='ocrx_word' id='word_1_99' title='bbox 1344 1575 1369 1614; x_wconf 85' lang='lat'><strong><em>10</em></strong></span> 
     </span>
     <span class='ocr_line' id='line_1_12' title="bbox 184 1650 1327 1752; baseline 0.007 -33"><span class='ocrx_word' id='word_1_100' title='bbox 184 1651 299 1740; x_wconf 64' lang='grc' dir='ltr'><strong><em>“οὔσης</em></strong></span> <span class='ocrx_word' id='word_1_101' title='bbox 321 1650 508 1740; x_wconf 76' lang='grc' dir='ltr'><strong><em>ἀλγηδόνος</em></strong></span> <span class='ocrx_word' id='word_1_102' title='bbox 535 1653 610 1724; x_wconf 81' lang='grc' dir='ltr'><strong><em>οὔτε</em></strong></span> <span class='ocrx_word' id='word_1_103' title='bbox 634 1657 671 1724; x_wconf 82' lang='grc' dir='ltr'><strong><em>ἐν</em></strong></span> <span class='ocrx_word' id='word_1_104' title='bbox 694 1656 794 1747; x_wconf 79' lang='grc' dir='ltr'><strong><em>ἑτέρῳ</em></strong></span> <span class='ocrx_word' id='word_1_105' title='bbox 815 1657 881 1724; x_wconf 82' lang='grc' dir='ltr'><strong><em>τινὶ</em></strong></span> <span class='ocrx_word' id='word_1_106' title='bbox 909 1655 998 1747; x_wconf 78' lang='grc' dir='ltr'><strong><em>τόπῳ</em></strong></span> <span class='ocrx_word' id='word_1_107' title='bbox 1021 1652 1042 1744; x_wconf 83' lang='grc' dir='ltr'><em>ἢ</em></span> <span class='ocrx_word' id='word_1_108' title='bbox 1069 1661 1114 1748; x_wconf 77' lang='grc' dir='ltr'><strong><em>τῷ</em></strong></span> <span class='ocrx_word' id='word_1_109' title='bbox 1142 1655 1327 1752; x_wconf 76' lang='grc' dir='ltr'><strong><em>ἡγεμονικῷ</em></strong></span> 
     </span>
     <span class='ocr_line' id='line_1_13' title="bbox 184 1755 1327 1854; baseline 0.009 -29"><span class='ocrx_word' id='word_1_110' title='bbox 184 1755 298 1846; x_wconf 53' lang='grc' dir='ltr'><strong><em>(αὐτῆς</em></strong></span> <span class='ocrx_word' id='word_1_111' title='bbox 319 1762 518 1848; x_wconf 58' lang='grc' dir='ltr'><strong><em>γενομένης]</em></strong></span> <span class='ocrx_word' id='word_1_112' title='bbox 562 1761 646 1850; x_wconf 87' lang='grc' dir='ltr'><strong><em>πρὸς</em></strong></span> <span class='ocrx_word' id='word_1_113' title='bbox 672 1763 797 1850; x_wconf 86' lang='grc' dir='ltr'><strong><em>ταύτην</em></strong></span> <span class='ocrx_word' id='word_1_114' title='bbox 824 1762 886 1851; x_wconf 80' lang='grc' dir='ltr'><strong><em>τὴν</em></strong></span> <span class='ocrx_word' id='word_1_115' title='bbox 913 1765 1012 1850; x_wconf 78' lang='grc' dir='ltr'><strong><em>ῥῆσιν</em></strong></span> <span class='ocrx_word' id='word_1_116' title='bbox 1039 1768 1171 1833; x_wconf 90' lang='grc' dir='ltr'><strong><em>δίκαιον</em></strong></span> <span class='ocrx_word' id='word_1_117' title='bbox 1194 1763 1327 1854; x_wconf 86' lang='grc' dir='ltr'><strong><em>ἀποκρί-</em></strong></span> 
     </span>
     <span class='ocr_line' id='line_1_14' title="bbox 183 1860 1329 1962; baseline 0.008 -30"><span class='ocrx_word' id='word_1_118' title='bbox 183 1875 309 1934; x_wconf 78' lang='grc' dir='ltr'><strong><em>νασθαι</em></strong></span> <span class='ocrx_word' id='word_1_119' title='bbox 339 1872 385 1959; x_wconf 75' lang='grc' dir='ltr'><strong><em>τῷ</em></strong></span> <span class='ocrx_word' id='word_1_120' title='bbox 415 1860 598 1959; x_wconf 78' lang='grc' dir='ltr'><strong><em>Χρνσίππρι</em></strong></span> <span class='ocrx_word' id='word_1_121' title='bbox 630 1866 709 1937; x_wconf 83' lang='grc' dir='ltr'><strong><em>καθ’</em></strong></span> <span class='ocrx_word' id='word_1_122' title='bbox 740 1871 879 1938; x_wconf 78' lang='grc' dir='ltr'><strong><em>ἕκαστον</em></strong></span> <span class='ocrx_word' id='word_1_123' title='bbox 914 1861 964 1938; x_wconf 77' lang='grc' dir='ltr'><strong><em>ὧν</em></strong></span> <span class='ocrx_word' id='word_1_124' title='bbox 996 1872 1100 1962; x_wconf 77' lang='grc' dir='ltr'><strong><em>ἐρωτᾷ</em></strong></span> <span class='ocrx_word' id='word_1_125' title='bbox 1137 1880 1329 1959; x_wconf 82' lang='grc' dir='ltr'><strong><em>κεφαλαίων</em></strong></span> 
     </span>
     <span class='ocr_line' id='line_1_15' title="bbox 183 1969 1327 2067; baseline 0.007 -27"><span class='ocrx_word' id='word_1_126' title='bbox 183 1969 311 2052; x_wconf 80' lang='grc' dir='ltr'><strong><em>εὐθέως</em></strong></span> <span class='ocrx_word' id='word_1_127' title='bbox 336 1970 400 2040; x_wconf 87' lang='grc' dir='ltr'><strong><em>ἀπὸ</em></strong></span> <span class='ocrx_word' id='word_1_128' title='bbox 428 1978 487 2061; x_wconf 83' lang='grc' dir='ltr'><strong><em>τῆς</em></strong></span> <span class='ocrx_word' id='word_1_129' title='bbox 515 1971 618 2062; x_wconf 82' lang='grc' dir='ltr'><strong><em>ἀρχῆς</em></strong></span> <span class='ocrx_word' id='word_1_130' title='bbox 643 1975 680 2044; x_wconf 87' lang='grc' dir='ltr'><strong><em>τὸ</em></strong></span> <span class='ocrx_word' id='word_1_131' title='bbox 704 1981 837 2066; x_wconf 81' lang='grc' dir='ltr'><strong><em>πρῶτον</em></strong></span> <span class='ocrx_word' id='word_1_132' title='bbox 858 1973 1102 2064; x_wconf 86' lang='grc' dir='ltr'><strong><em>ἀναλαβόντας,</em></strong></span> <span class='ocrx_word' id='word_1_133' title='bbox 1130 1984 1216 2048; x_wconf 80' lang='grc' dir='ltr'><strong><em>ἔνθα</em></strong></span> <span class='ocrx_word' id='word_1_134' title='bbox 1246 1981 1327 2067; x_wconf 79' lang='grc' dir='ltr'><strong><em>φησὶ</em></strong></span> 
     </span>
     <span class='ocr_line' id='line_1_16' title="bbox 182 2077 1367 2174; baseline 0.008 -29"><span class='ocrx_word' id='word_1_135' title='bbox 182 2077 246 2166; x_wconf 85' lang='grc' dir='ltr'><strong><em>τὴν</em></strong></span> <span class='ocrx_word' id='word_1_136' title='bbox 276 2079 386 2166; x_wconf 83' lang='grc' dir='ltr'><strong><em>λόπην</em></strong></span> <span class='ocrx_word' id='word_1_137' title='bbox 415 2081 469 2148; x_wconf 84' lang='grc' dir='ltr'><strong><em>καί</em></strong></span> <span class='ocrx_word' id='word_1_138' title='bbox 505 2079 568 2169; x_wconf 84' lang='grc' dir='ltr'><strong><em>τὴν</em></strong></span> <span class='ocrx_word' id='word_1_139' title='bbox 606 2079 757 2169; x_wconf 83' lang='grc' dir='ltr'><strong><em>ἀγωνίαν</em></strong></span> <span class='ocrx_word' id='word_1_140' title='bbox 792 2085 846 2151; x_wconf 82' lang='grc' dir='ltr'><strong><em>καὶ</em></strong></span> <span class='ocrx_word' id='word_1_141' title='bbox 878 2082 941 2171; x_wconf 80' lang='grc' dir='ltr'><strong><em>τὴν</em></strong></span> <span class='ocrx_word' id='word_1_142' title='bbox 972 2081 1101 2172; x_wconf 85' lang='grc' dir='ltr'><strong><em>ὀδύνην</em></strong></span> <span class='ocrx_word' id='word_1_143' title='bbox 1139 2083 1328 2174; x_wconf 88' lang='grc' dir='ltr'><strong><em>ἀλγηδόνας</em></strong></span> <span class='ocrx_word' id='word_1_144' title='bbox 1343 2108 1367 2148; x_wconf 78' lang='lat'><strong><em>1⁵</em></strong></span> 
     </span>
     <span class='ocr_line' id='line_1_17' title="bbox 181 2183 1327 2281; baseline 0.008 -28"><span class='ocrx_word' id='word_1_145' title='bbox 181 2183 353 2273; x_wconf 82' lang='grc' dir='ltr'><strong><em>ὑπάρχειν.</em></strong></span> <span class='ocrx_word' id='word_1_146' title='bbox 398 2196 461 2255; x_wconf 87' lang='grc' dir='ltr'><strong><em>είτε</em></strong></span> <span class='ocrx_word' id='word_1_147' title='bbox 487 2187 552 2277; x_wconf 83' lang='grc' dir='ltr'><strong><em>γὰρ</em></strong></span> <span class='ocrx_word' id='word_1_148' title='bbox 580 2190 713 2278; x_wconf 76' lang='grc' dir='ltr'><strong><em>ἐρωτῶν</em></strong></span> <span class='ocrx_word' id='word_1_149' title='bbox 734 2187 820 2278; x_wconf 79' lang='grc' dir='ltr'><strong><em>ἡμᾶς</em></strong></span> <span class='ocrx_word' id='word_1_150' title='bbox 843 2188 950 2270; x_wconf 79' lang='grc' dir='ltr'><strong><em>οὕτως</em></strong></span> <span class='ocrx_word' id='word_1_151' title='bbox 972 2200 1058 2260; x_wconf 76' lang='grc' dir='ltr'><strong><em>εἴποι</em></strong></span> <span class='ocrx_word' id='word_1_152' title='bbox 1081 2219 1145 2277; x_wconf 89' lang='grc' dir='ltr'><strong><em>τις,</em></strong></span> <span class='ocrx_word' id='word_1_153' title='bbox 1173 2189 1217 2272; x_wconf 79' lang='grc' dir='ltr'><strong><em>ὦς</em></strong></span> <span class='ocrx_word' id='word_1_154' title='bbox 1240 2193 1327 2281; x_wconf 88' lang='grc' dir='ltr'><strong><em>Χρό-</em></strong></span> 
     </span>
    </p>
   </div>
   <div class='ocr_carea' id='block_1_3' title="bbox 182 2411 1327 2773">
    <p class='ocr_par' dir='ltr' id='par_1_3' title="bbox 182 2411 1327 2773">
     <span class='ocr_line' id='line_1_18' title="bbox 221 2411 1327 2493; baseline 0.007 -22"><span class='ocrx_word' id='word_1_155' title='bbox 221 2424 233 2471; x_wconf 90' lang='lat'>1</span> <span class='ocrx_word' id='word_1_156' title='bbox 254 2411 351 2472; x_wconf 72' lang='grc' dir='ltr'><strong><em>αὐτῶν</em></strong></span> <span class='ocrx_word' id='word_1_157' title='bbox 369 2413 452 2473; x_wconf 84' lang='grc' dir='ltr'><strong><em>τόνδε</em></strong></span> <span class='ocrx_word' id='word_1_158' title='bbox 471 2419 527 2474; x_wconf 73' lang='grc' dir='ltr'><strong><em>τῶν</em></strong></span> <span class='ocrx_word' id='word_1_159' title='bbox 546 2419 578 2475; x_wconf 79' lang='grc' dir='ltr'><strong><em>Α.</em></strong></span> <span class='ocrx_word' id='word_1_160' title='bbox 599 2449 631 2460; x_wconf 91' lang='grc'>-</span> <span class='ocrx_word' id='word_1_161' title='bbox 654 2426 670 2474; x_wconf 85' lang='grc'><strong>3</strong></span> <span class='ocrx_word' id='word_1_162' title='bbox 691 2415 922 2492; x_wconf 78' lang='grc' dir='ltr'><strong><em>ἒξαχθησόμενον</em></strong></span> <span class='ocrx_word' id='word_1_163' title='bbox 945 2426 1106 2493; x_wconf 83' lang='lat' dir='ltr'><strong>corruptum</strong></span> <span class='ocrx_word' id='word_1_164' title='bbox 1125 2423 1246 2492; x_wconf 85' lang='lat' dir='ltr'><strong><em>videtur;</em></strong></span> <span class='ocrx_word' id='word_1_165' title='bbox 1272 2425 1327 2479; x_wconf 80' lang='lat' dir='ltr'><strong>tor·</strong></span> 
     </span>
     <span class='ocr_line' id='line_1_19' title="bbox 183 2485 1326 2566; baseline 0.007 -24"><span class='ocrx_word' id='word_1_166' title='bbox 183 2492 257 2543; x_wconf 62' lang='lat' dir='ltr'><strong><em>tante</em></strong></span> <span class='ocrx_word' id='word_1_167' title='bbox 282 2485 451 2558; x_wconf 70' lang='grc' dir='ltr'><strong><em>λεχθήσεται</em></strong></span> <span class='ocrx_word' id='word_1_168' title='bbox 475 2486 520 2554; x_wconf 78' lang='grc' dir='ltr'><strong><em>ὡς.</em></strong></span> <span class='ocrx_word' id='word_1_169' title='bbox 544 2523 576 2531; x_wconf 89' lang='grc'>-</span> <span class='ocrx_word' id='word_1_170' title='bbox 605 2485 732 2560; x_wconf 85' lang='grc' dir='ltr'><strong><em>ἀγωνίαν</em></strong></span> <span class='ocrx_word' id='word_1_171' title='bbox 755 2489 916 2562; x_wconf 82' lang='grc' dir='ltr'><strong><em>ἀλγηδόνας</em></strong></span> <span class='ocrx_word' id='word_1_172' title='bbox 933 2495 1013 2551; x_wconf 84' lang='grc' dir='ltr'><strong><em>οοδδ.</em></strong></span> <span class='ocrx_word' id='word_1_173' title='bbox 1038 2495 1099 2552; x_wconf 84' lang='lat' dir='ltr'>edd.</span> <span class='ocrx_word' id='word_1_174' title='bbox 1127 2490 1254 2566; x_wconf 84' lang='grc' dir='ltr'><strong><em>ἀγωνίαν</em></strong></span> <span class='ocrx_word' id='word_1_175' title='bbox 1279 2497 1326 2549; x_wconf 77' lang='grc' dir='ltr'><strong><em>καὶ</em></strong></span> 
     </span>
     <span class='ocr_line' id='line_1_20' title="bbox 182 2554 1326 2636; baseline 0.007 -24"><span class='ocrx_word' id='word_1_176' title='bbox 182 2556 234 2628; x_wconf 82' lang='grc' dir='ltr'><strong><em>τὴν</em></strong></span> <span class='ocrx_word' id='word_1_177' title='bbox 254 2554 361 2629; x_wconf 84' lang='grc' dir='ltr'><strong><em>όδόνην</em></strong></span> <span class='ocrx_word' id='word_1_178' title='bbox 379 2556 441 2630; x_wconf 85' lang='grc' dir='ltr'><strong><em>α’λγ.</em></strong></span> <span class='ocrx_word' id='word_1_179' title='bbox 460 2561 554 2629; x_wconf 87' lang='lat' dir='ltr'><strong>Corn.;</strong></span> <span class='ocrx_word' id='word_1_180' title='bbox 579 2563 613 2619; x_wconf 78' lang='lat' dir='ltr'><strong><em>cf.</em></strong></span> <span class='ocrx_word' id='word_1_181' title='bbox 634 2563 707 2618; x_wconf 77' lang='lat' dir='ltr'><strong>infru</strong></span> <span class='ocrx_word' id='word_1_182' title='bbox 733 2583 757 2619; x_wconf 88' lang='lat' dir='ltr'><strong><em>v.</em></strong></span> <span class='ocrx_word' id='word_1_183' title='bbox 779 2571 820 2619; x_wconf 79' lang='lat'><strong><em>15.</em></strong></span> <span class='ocrx_word' id='word_1_184' title='bbox 840 2597 873 2606; x_wconf 90' lang='lat'><em>-</em></span> <span class='ocrx_word' id='word_1_185' title='bbox 892 2565 916 2620; x_wconf 79' lang='lat' dir='ltr'><strong><em>&#39;b</em></strong></span> <span class='ocrx_word' id='word_1_186' title='bbox 935 2567 1063 2634; x_wconf 80' lang='grc' dir='ltr'><strong><em>γίνονται</em></strong></span> <span class='ocrx_word' id='word_1_187' title='bbox 1086 2567 1172 2621; x_wconf 85' lang='grc' dir='ltr'><strong><em>ΜΑΒ</em></strong></span> <span class='ocrx_word' id='word_1_188' title='bbox 1194 2569 1326 2636; x_wconf 76' lang='grc' dir='ltr'><strong><em>γίνεσθαι</em></strong></span> 
     </span>
     <span class='ocr_line' id='line_1_21' title="bbox 184 2627 1327 2710; baseline 0.006 -26"><span class='ocrx_word' id='word_1_189' title='bbox 184 2629 263 2686; x_wconf 81' lang='lat' dir='ltr'><strong>chK.</strong></span> <span class='ocrx_word' id='word_1_190' title='bbox 283 2663 316 2672; x_wconf 89' lang='lat'>—</span> <span class='ocrx_word' id='word_1_191' title='bbox 342 2637 374 2686; x_wconf 78' lang='lat'><strong><em>1³</em></strong></span> <span class='ocrx_word' id='word_1_192' title='bbox 394 2627 487 2702; x_wconf 76' lang='grc' dir='ltr'><strong><em>ἐρωτῶ</em></strong></span> <span class='ocrx_word' id='word_1_193' title='bbox 507 2633 669 2689; x_wconf 77' lang='lat' dir='ltr'><strong>MABOhK</strong></span> <span class='ocrx_word' id='word_1_194' title='bbox 688 2630 778 2710; x_wconf 72' lang='grc' dir='ltr'><strong><em>ἒρὼτᾷ</em></strong></span> <span class='ocrx_word' id='word_1_195' title='bbox 797 2652 863 2702; x_wconf 59' lang='lat' dir='ltr'><strong><em>non</em></strong></span> <span class='ocrx_word' id='word_1_196' title='bbox 886 2637 921 2692; x_wconf 83' lang='lat' dir='ltr'><strong><em>ef.</em></strong></span> <span class='ocrx_word' id='word_1_197' title='bbox 942 2637 1024 2694; x_wconf 86' lang='lat' dir='ltr'><strong>Proll.</strong></span> <span class='ocrx_word' id='word_1_198' title='bbox 1044 2657 1070 2708; x_wconf 89' lang='lat' dir='ltr'><strong><em>p.</em></strong></span> <span class='ocrx_word' id='word_1_199' title='bbox 1091 2645 1133 2693; x_wconf 81' lang='lat'><strong><em>83.</em></strong></span> <span class='ocrx_word' id='word_1_200' title='bbox 1152 2669 1187 2679; x_wconf 89' lang='lat'>-</span> <span class='ocrx_word' id='word_1_201' title='bbox 1208 2645 1240 2693; x_wconf 79' lang='lat'><strong><em>15</em></strong></span> <span class='ocrx_word' id='word_1_202' title='bbox 1259 2633 1327 2692; x_wconf 87' lang='grc' dir='ltr'><strong><em>όδό-</em></strong></span> 
     </span>
     <span class='ocr_line' id='line_1_22' title="bbox 182 2697 575 2773; baseline 0.008 -17"><span class='ocrx_word' id='word_1_203' title='bbox 182 2721 237 2771; x_wconf 86' lang='grc' dir='ltr'><strong><em>νην</em></strong></span> <span class='ocrx_word' id='word_1_204' title='bbox 254 2703 303 2756; x_wconf 80' lang='grc' dir='ltr'><strong><em>καὶ</em></strong></span> <span class='ocrx_word' id='word_1_205' title='bbox 322 2697 467 2773; x_wconf 85' lang='grc' dir='ltr'><strong><em>ἀλγηδόνα</em></strong></span> <span class='ocrx_word' id='word_1_206' title='bbox 485 2703 523 2760; x_wconf 79' lang='grc' dir='ltr'><strong><em>Μ.</em></strong></span> <span class='ocrx_word' id='word_1_207' title='bbox 542 2735 575 2746; x_wconf 89' lang='lat'><em>-</em></span> 
     </span>
    </p>
   </div>
   <div class='ocr_carea' id='block_1_4' title="bbox 182 2938 1417 4524">
    <p class='ocr_par' dir='ltr' id='par_1_4' title="bbox 182 2938 1417 4524">
     <span class='ocr_line' id='line_1_23' title="bbox 184 2938 1326 3028; baseline 0.005 -25"><span class='ocrx_word' id='word_1_208' title='bbox 184 2938 349 3023; x_wconf 79' lang='lat' dir='ltr'><strong>adiuncta,</strong></span> <span class='ocrx_word' id='word_1_209' title='bbox 373 2943 409 3004; x_wconf 88' lang='lat' dir='ltr'><strong><em>ut</em></strong></span> <span class='ocrx_word' id='word_1_210' title='bbox 432 2961 470 3005; x_wconf 84' lang='lat' dir='ltr'><strong><em>ex</em></strong></span> <span class='ocrx_word' id='word_1_211' title='bbox 497 2939 578 3024; x_wconf 85' lang='lat' dir='ltr'><strong>ipsis</strong></span> <span class='ocrx_word' id='word_1_212' title='bbox 607 2939 716 3006; x_wconf 83' lang='lat' dir='ltr'><strong>verbis</strong></span> <span class='ocrx_word' id='word_1_213' title='bbox 743 2941 883 3027; x_wconf 81' lang='lat' dir='ltr'><strong><em>patebit,</em></strong></span> <span class='ocrx_word' id='word_1_214' title='bbox 911 2965 992 3028; x_wconf 81' lang='lat' dir='ltr'><strong><em>quae</em></strong></span> <span class='ocrx_word' id='word_1_215' title='bbox 1020 2944 1054 3008; x_wconf 89' lang='lat' dir='ltr'><strong><em>in</em></strong></span> <span class='ocrx_word' id='word_1_216' title='bbox 1081 2943 1167 3009; x_wconf 88' lang='lat' dir='ltr'><strong>huno</strong></span> <span class='ocrx_word' id='word_1_217' title='bbox 1195 2944 1326 3009; x_wconf 90' lang='lat' dir='ltr'><strong>modom</strong></span> 
     </span>
     <span class='ocr_line' id='line_1_24' title="bbox 184 3046 1326 3134; baseline 0.004 -24"><span class='ocrx_word' id='word_1_218' title='bbox 184 3068 218 3110; x_wconf 82' lang='lat' dir='ltr'><strong><em>eo</em></strong></span> <span class='ocrx_word' id='word_1_219' title='bbox 246 3046 383 3111; x_wconf 63' lang='lat' dir='ltr'><strong><em>habente</em></strong></span> <span class='ocrx_word' id='word_1_220' title='bbox 434 3047 625 3113; x_wconf 83' lang='lat' dir='ltr'><strong>‘Absurde</strong></span> <span class='ocrx_word' id='word_1_221' title='bbox 656 3048 782 3132; x_wconf 82' lang='lat' dir='ltr'><strong>igitur</strong></span> <span class='ocrx_word' id='word_1_222' title='bbox 810 3049 1018 3114; x_wconf 85' lang='lat' dir='ltr'><strong><em>seeundum</em></strong></span> <span class='ocrx_word' id='word_1_223' title='bbox 1051 3050 1147 3115; x_wconf 83' lang='lat' dir='ltr'><strong><em>hoec</em></strong></span> <span class='ocrx_word' id='word_1_224' title='bbox 1175 3051 1212 3114; x_wconf 92' lang='lat' dir='ltr'><strong><em>id</em></strong></span> <span class='ocrx_word' id='word_1_225' title='bbox 1240 3073 1326 3134; x_wconf 90' lang='lat' dir='ltr'><strong>pro·</strong></span> 
     </span>
     <span class='ocr_line' id='line_1_25' title="bbox 182 3151 1326 3240; baseline 0.003 -23"><span class='ocrx_word' id='word_1_226' title='bbox 182 3151 446 3238; x_wconf 77' lang='lat' dir='ltr'><strong>nuntiabitur,</strong></span> <span class='ocrx_word' id='word_1_227' title='bbox 471 3154 551 3218; x_wconf 82' lang='lat' dir='ltr'><strong><em>sive</em></strong></span> <span class='ocrx_word' id='word_1_228' title='bbox 570 3155 810 3220; x_wconf 83' lang='lat' dir='ltr'><strong>maestitiam</strong></span> <span class='ocrx_word' id='word_1_229' title='bbox 829 3159 866 3219; x_wconf 91' lang='lat' dir='ltr'><strong><em>et</em></strong></span> <span class='ocrx_word' id='word_1_230' title='bbox 889 3177 1070 3240; x_wconf 86' lang='lat' dir='ltr'>angorem</span> <span class='ocrx_word' id='word_1_231' title='bbox 1090 3161 1129 3221; x_wconf 90' lang='lat' dir='ltr'><strong><em>et</em></strong></span> <span class='ocrx_word' id='word_1_232' title='bbox 1152 3155 1326 3221; x_wconf 80' lang='lat' dir='ltr'><strong>afflicto-</strong></span> 
     </span>
     <span class='ocr_line' id='line_1_26' title="bbox 182 3260 1325 3348; baseline 0.005 -25"><span class='ocrx_word' id='word_1_233' title='bbox 182 3260 327 3326; x_wconf 84' lang='lat' dir='ltr'><strong>tionem</strong></span> <span class='ocrx_word' id='word_1_234' title='bbox 363 3261 517 3326; x_wconf 87' lang='lat' dir='ltr'><strong>dolores</strong></span> <span class='ocrx_word' id='word_1_235' title='bbox 554 3283 637 3325; x_wconf 85' lang='lat' dir='ltr'>esse</span> <span class='ocrx_word' id='word_1_236' title='bbox 669 3265 814 3345; x_wconf 82' lang='lat' dir='ltr'><strong>negant</strong></span> <span class='ocrx_word' id='word_1_237' title='bbox 846 3263 926 3326; x_wconf 84' lang='lat' dir='ltr'><strong><em>sive</em></strong></span> <span class='ocrx_word' id='word_1_238' title='bbox 963 3263 1112 3348; x_wconf 79' lang='lat' dir='ltr'><strong>dieunt,</strong></span> <span class='ocrx_word' id='word_1_239' title='bbox 1149 3285 1212 3329; x_wconf 86' lang='lat' dir='ltr'><strong><em>eos</em></strong></span> <span class='ocrx_word' id='word_1_240' title='bbox 1245 3264 1325 3329; x_wconf 84' lang='lat' dir='ltr'><strong>alio</strong></span> 
     </span>
     <span class='ocr_line' id='line_1_27' title="bbox 182 3366 1326 3452; baseline 0.002 -20"><span class='ocrx_word' id='word_1_241' title='bbox 182 3367 269 3432; x_wconf 90' lang='lat' dir='ltr'><strong><em>loeo</em></strong></span> <span class='ocrx_word' id='word_1_242' title='bbox 299 3389 409 3452; x_wconf 83' lang='lat' dir='ltr'><strong>quum</strong></span> <span class='ocrx_word' id='word_1_243' title='bbox 443 3367 481 3431; x_wconf 92' lang='lat' dir='ltr'><strong><em>in</em></strong></span> <span class='ocrx_word' id='word_1_244' title='bbox 513 3366 740 3452; x_wconf 82' lang='lat' dir='ltr'><strong>principatu</strong></span> <span class='ocrx_word' id='word_1_245' title='bbox 777 3368 926 3433; x_wconf 81' lang='lat' dir='ltr'><strong>animae</strong></span> <span class='ocrx_word' id='word_1_246' title='bbox 958 3369 1058 3434; x_wconf 88' lang='lat' dir='ltr'><strong>fieri.</strong></span> <span class='ocrx_word' id='word_1_247' title='bbox 1107 3369 1250 3435; x_wconf 83' lang='lat' dir='ltr'>Eadem</span> <span class='ocrx_word' id='word_1_248' title='bbox 1283 3371 1326 3434; x_wconf 89' lang='lat' dir='ltr'><strong><em>de</em></strong></span> 
     </span>
     <span class='ocr_line' id='line_1_28' title="bbox 182 3473 1326 3562; baseline 0.005 -26"><span class='ocrx_word' id='word_1_249' title='bbox 182 3474 343 3538; x_wconf 78' lang='lat' dir='ltr'><strong>laetitia</strong></span> <span class='ocrx_word' id='word_1_250' title='bbox 375 3478 412 3538; x_wconf 92' lang='lat' dir='ltr'><strong><em>et</em></strong></span> <span class='ocrx_word' id='word_1_251' title='bbox 445 3473 607 3558; x_wconf 82' lang='lat' dir='ltr'><strong>fiducia,</strong></span> <span class='ocrx_word' id='word_1_252' title='bbox 645 3495 804 3558; x_wconf 81' lang='lat' dir='ltr'><strong>quarum</strong></span> <span class='ocrx_word' id='word_1_253' title='bbox 840 3477 879 3540; x_wconf 92' lang='lat' dir='ltr'><strong><em>in</em></strong></span> <span class='ocrx_word' id='word_1_254' title='bbox 916 3477 1029 3540; x_wconf 85' lang='lat' dir='ltr'>eorde</span> <span class='ocrx_word' id='word_1_255' title='bbox 1066 3480 1172 3541; x_wconf 78' lang='lat' dir='ltr'><strong>ortus</strong></span> <span class='ocrx_word' id='word_1_256' title='bbox 1210 3499 1326 3562; x_wconf 86' lang='lat' dir='ltr'><strong>uppu-</strong></span> 
     </span>
     <span class='ocr_line' id='line_1_29' title="bbox 183 3579 1326 3669; baseline 0.005 -26"><span class='ocrx_word' id='word_1_257' title='bbox 183 3583 256 3662; x_wconf 88' lang='lat' dir='ltr'><strong><em>ret,</em></strong></span> <span class='ocrx_word' id='word_1_258' title='bbox 292 3579 419 3644; x_wconf 83' lang='lat' dir='ltr'>dicere</span> <span class='ocrx_word' id='word_1_259' title='bbox 456 3603 668 3666; x_wconf 80' lang='lat' dir='ltr'><strong>possumne.</strong></span> <span class='ocrx_word' id='word_1_260' title='bbox 728 3580 808 3658; x_wconf 83' lang='lat' dir='ltr'><strong><em>Quo</em></strong></span> <span class='ocrx_word' id='word_1_261' title='bbox 846 3583 945 3646; x_wconf 87' lang='lat' dir='ltr'><strong><em>enim</em></strong></span> <span class='ocrx_word' id='word_1_262' title='bbox 984 3583 1104 3668; x_wconf 82' lang='lat' dir='ltr'><strong>modo,</strong></span> <span class='ocrx_word' id='word_1_263' title='bbox 1141 3605 1223 3648; x_wconf 85' lang='lat' dir='ltr'><strong><em>oum</em></strong></span> <span class='ocrx_word' id='word_1_264' title='bbox 1259 3606 1326 3669; x_wconf 84' lang='lat' dir='ltr'><strong><em>pes</em></strong></span> 
     </span>
     <span class='ocr_line' id='line_1_30' title="bbox 183 3685 1327 3774; baseline 0.004 -24"><span class='ocrx_word' id='word_1_265' title='bbox 183 3685 290 3751; x_wconf 87' lang='lat' dir='ltr'><strong>dolet</strong></span> <span class='ocrx_word' id='word_1_266' title='bbox 326 3687 385 3751; x_wconf 89' lang='lat' dir='ltr'><strong><em>vel</em></strong></span> <span class='ocrx_word' id='word_1_267' title='bbox 423 3691 555 3772; x_wconf 83' lang='lat' dir='ltr'><strong>ceput,</strong></span> <span class='ocrx_word' id='word_1_268' title='bbox 595 3687 656 3752; x_wconf 85' lang='lat' dir='ltr'><strong><em>hie</em></strong></span> <span class='ocrx_word' id='word_1_269' title='bbox 698 3688 737 3752; x_wconf 91' lang='lat' dir='ltr'><strong><em>in</em></strong></span> <span class='ocrx_word' id='word_1_270' title='bbox 777 3688 876 3752; x_wconf 84' lang='lat' dir='ltr'><strong>loeis</strong></span> <span class='ocrx_word' id='word_1_271' title='bbox 918 3688 1027 3754; x_wconf 85' lang='lat' dir='ltr'><strong>dolor</strong></span> <span class='ocrx_word' id='word_1_272' title='bbox 1068 3689 1229 3774; x_wconf 81' lang='lat' dir='ltr'><strong><em>oceidit,</em></strong></span> <span class='ocrx_word' id='word_1_273' title='bbox 1269 3692 1327 3755; x_wconf 85' lang='lat' dir='ltr'><strong><em>ita</em></strong></span> 
     </span>
     <span class='ocr_line' id='line_1_31' title="bbox 183 3792 1417 3884; baseline 0.006 -29"><span class='ocrx_word' id='word_1_274' title='bbox 183 3792 355 3858; x_wconf 87' lang='lat' dir='ltr'><strong>dolorem</strong></span> <span class='ocrx_word' id='word_1_275' title='bbox 375 3815 392 3858; x_wconf 91' lang='lat' dir='ltr'>e</span> <span class='ocrx_word' id='word_1_276' title='bbox 416 3794 617 3859; x_wconf 83' lang='lat' dir='ltr'><strong>maestitia</strong></span> <span class='ocrx_word' id='word_1_277' title='bbox 637 3797 865 3878; x_wconf 84' lang='lat' dir='ltr'><strong>conceptum</strong></span> <span class='ocrx_word' id='word_1_278' title='bbox 888 3795 931 3859; x_wconf 92' lang='lat' dir='ltr'><strong><em>in</em></strong></span> <span class='ocrx_word' id='word_1_279' title='bbox 953 3799 1111 3879; x_wconf 83' lang='lat' dir='ltr'><strong><em>pectore</em></strong></span> <span class='ocrx_word' id='word_1_280' title='bbox 1135 3798 1326 3863; x_wconf 81' lang='lat' dir='ltr'>exsistere</span> <span class='ocrx_word' id='word_1_281' title='bbox 1414 3877 1417 3884; x_wconf 25' lang='grc' dir='ltr'><strong><em>Ι</em></strong></span> 
     </span>
     <span class='ocr_line' id='line_1_32' title="bbox 183 3899 1327 3986; baseline 0.006 -24"><span class='ocrx_word' id='word_1_282' title='bbox 183 3899 388 3984; x_wconf 84' lang='lat' dir='ltr'><strong>sentimus,</strong></span> <span class='ocrx_word' id='word_1_283' title='bbox 424 3923 507 3966; x_wconf 90' lang='lat' dir='ltr'><strong><em>eum</em></strong></span> <span class='ocrx_word' id='word_1_284' title='bbox 538 3923 659 3986; x_wconf 87' lang='lat' dir='ltr'><strong><em>neque</em></strong></span> <span class='ocrx_word' id='word_1_285' title='bbox 695 3901 897 3966; x_wconf 81' lang='lat' dir='ltr'><strong>maestitia</strong></span> <span class='ocrx_word' id='word_1_286' title='bbox 928 3901 1039 3968; x_wconf 88' lang='lat' dir='ltr'><strong>dolor</strong></span> <span class='ocrx_word' id='word_1_287' title='bbox 1064 3927 1139 3969; x_wconf 89' lang='lat' dir='ltr'><strong><em>non</em></strong></span> <span class='ocrx_word' id='word_1_288' title='bbox 1171 3905 1227 3969; x_wconf 87' lang='lat' dir='ltr'><strong><em>sit</em></strong></span> <span class='ocrx_word' id='word_1_289' title='bbox 1257 3927 1327 3971; x_wconf 88' lang='lat' dir='ltr'><strong><em>neo</em></strong></span> 
     </span>
     <span class='ocr_line' id='line_1_33' title="bbox 183 4005 1325 4096; baseline 0.008 -28"><span class='ocrx_word' id='word_1_290' title='bbox 183 4005 262 4070; x_wconf 83' lang='lat' dir='ltr'><strong><em>elio</em></strong></span> <span class='ocrx_word' id='word_1_291' title='bbox 286 4007 472 4092; x_wconf 81' lang='lat' dir='ltr'><strong>quopiam</strong></span> <span class='ocrx_word' id='word_1_292' title='bbox 499 4008 538 4074; x_wconf 91' lang='lat' dir='ltr'><strong><em>in</em></strong></span> <span class='ocrx_word' id='word_1_293' title='bbox 561 4009 646 4074; x_wconf 87' lang='lat' dir='ltr'><strong>loco</strong></span> <span class='ocrx_word' id='word_1_294' title='bbox 676 4029 786 4093; x_wconf 83' lang='lat' dir='ltr'><strong>quam</strong></span> <span class='ocrx_word' id='word_1_295' title='bbox 809 4008 850 4074; x_wconf 89' lang='lat' dir='ltr'><strong><em>in</em></strong></span> <span class='ocrx_word' id='word_1_296' title='bbox 879 4009 1106 4095; x_wconf 80' lang='lat' dir='ltr'><strong>principatu</strong></span> <span class='ocrx_word' id='word_1_297' title='bbox 1130 4012 1325 4096; x_wconf 81' lang='lat' dir='ltr'><strong>concipia-</strong></span> 
     </span>
     <span class='ocr_line' id='line_1_34' title="bbox 182 4111 1326 4203; baseline 0.004 -26"><span class='ocrx_word' id='word_1_298' title='bbox 182 4111 266 4178; x_wconf 62' lang='lat' dir='ltr'><strong><em>tur?</em></strong></span> <span class='ocrx_word' id='word_1_299' title='bbox 316 4113 368 4178; x_wconf 82' lang='lat' dir='ltr'><strong><em>Ad</em></strong></span> <span class='ocrx_word' id='word_1_300' title='bbox 395 4114 476 4180; x_wconf 81' lang='lat' dir='ltr'>haee</span> <span class='ocrx_word' id='word_1_301' title='bbox 498 4117 691 4200; x_wconf 83' lang='lat' dir='ltr'><strong><em>respondere</em></strong></span> <span class='ocrx_word' id='word_1_302' title='bbox 715 4113 899 4200; x_wconf 69' lang='lat' dir='ltr'><strong>Chrysippo</strong></span> <span class='ocrx_word' id='word_1_303' title='bbox 927 4141 1066 4203; x_wconf 81' lang='lat' dir='ltr'><strong>aequum</strong></span> <span class='ocrx_word' id='word_1_304' title='bbox 1090 4121 1139 4183; x_wconf 88' lang='lat' dir='ltr'><strong><em>est</em></strong></span> <span class='ocrx_word' id='word_1_305' title='bbox 1166 4118 1261 4202; x_wconf 89' lang='lat' dir='ltr'><strong>idque</strong></span> <span class='ocrx_word' id='word_1_306' title='bbox 1286 4119 1326 4182; x_wconf 82' lang='lat' dir='ltr'><strong><em>ad</em></strong></span> 
     </span>
     <span class='ocr_line' id='line_1_35' title="bbox 183 4220 1326 4306; baseline 0.006 -23"><span class='ocrx_word' id='word_1_307' title='bbox 183 4220 314 4304; x_wconf 82' lang='lat' dir='ltr'><strong>singula</strong></span> <span class='ocrx_word' id='word_1_308' title='bbox 336 4243 490 4305; x_wconf 81' lang='lat' dir='ltr'><strong><em>quaeque,</em></strong></span> <span class='ocrx_word' id='word_1_309' title='bbox 513 4244 595 4305; x_wconf 81' lang='lat' dir='ltr'><strong><em>quae</em></strong></span> <span class='ocrx_word' id='word_1_310' title='bbox 613 4223 777 4306; x_wconf 74' lang='lat' dir='ltr'><strong>proponit,</strong></span> <span class='ocrx_word' id='word_1_311' title='bbox 800 4223 909 4306; x_wconf 79' lang='lat' dir='ltr'><strong><em>eapite</em></strong></span> <span class='ocrx_word' id='word_1_312' title='bbox 932 4226 1062 4290; x_wconf 86' lang='lat' dir='ltr'><strong>exordio</strong></span> <span class='ocrx_word' id='word_1_313' title='bbox 1086 4225 1199 4289; x_wconf 83' lang='lat' dir='ltr'><strong>statim</strong></span> <span class='ocrx_word' id='word_1_314' title='bbox 1218 4229 1326 4290; x_wconf 89' lang='lat' dir='ltr'><strong>sumto</strong></span> 
     </span>
     <span class='ocr_line' id='line_1_36' title="bbox 183 4327 1325 4414; baseline 0.005 -24"><span class='ocrx_word' id='word_1_315' title='bbox 183 4349 204 4390; x_wconf 84' lang='lat' dir='ltr'><strong>u</strong></span> <span class='ocrx_word' id='word_1_316' title='bbox 230 4327 405 4411; x_wconf 86' lang='lat' dir='ltr'><strong>principio,</strong></span> <span class='ocrx_word' id='word_1_317' title='bbox 436 4328 493 4391; x_wconf 93' lang='lat' dir='ltr'><strong><em>ubi</em></strong></span> <span class='ocrx_word' id='word_1_318' title='bbox 528 4329 727 4392; x_wconf 80' lang='lat' dir='ltr'><strong>maestitiam</strong></span> <span class='ocrx_word' id='word_1_319' title='bbox 764 4333 797 4393; x_wconf 87' lang='lat' dir='ltr'><strong><em>et</em></strong></span> <span class='ocrx_word' id='word_1_320' title='bbox 829 4351 984 4414; x_wconf 83' lang='lat' dir='ltr'><strong>angorem</strong></span> <span class='ocrx_word' id='word_1_321' title='bbox 1016 4336 1050 4396; x_wconf 87' lang='lat' dir='ltr'><strong><em>et</em></strong></span> <span class='ocrx_word' id='word_1_322' title='bbox 1081 4331 1325 4396; x_wconf 81' lang='lat' dir='ltr'><strong>afflictationem</strong></span> 
     </span>
     <span class='ocr_line' id='line_1_37' title="bbox 182 4431 1325 4524; baseline 0.008 -28"><span class='ocrx_word' id='word_1_323' title='bbox 182 4433 312 4498; x_wconf 84' lang='lat' dir='ltr'><strong>dolores</strong></span> <span class='ocrx_word' id='word_1_324' title='bbox 327 4454 398 4498; x_wconf 82' lang='lat' dir='ltr'>esse</span> <span class='ocrx_word' id='word_1_325' title='bbox 417 4435 472 4498; x_wconf 86' lang='lat' dir='ltr'><strong>uit.</strong></span> <span class='ocrx_word' id='word_1_326' title='bbox 514 4431 589 4499; x_wconf 84' lang='lat' dir='ltr'><strong><em>Sive</em></strong></span> <span class='ocrx_word' id='word_1_327' title='bbox 608 4435 694 4498; x_wconf 89' lang='lat' dir='ltr'><strong><em>enim</em></strong></span> <span class='ocrx_word' id='word_1_328' title='bbox 713 4435 795 4518; x_wconf 74' lang='lat' dir='ltr'><strong>quie,</strong></span> <span class='ocrx_word' id='word_1_329' title='bbox 813 4439 850 4499; x_wconf 91' lang='lat' dir='ltr'><strong><em>ut</em></strong></span> <span class='ocrx_word' id='word_1_330' title='bbox 864 4434 1077 4522; x_wconf 78' lang='lat' dir='ltr'><strong>ChrysippuS‚</strong></span> <span class='ocrx_word' id='word_1_331' title='bbox 1096 4438 1325 4524; x_wconf 78' lang='lat' dir='ltr'><strong>interrogando</strong></span> 
     </span>
    </p>
   </div>
   <div class='ocr_carea' id='block_1_5' title="bbox 0 0 1654 5146">
    <p class='ocr_par' dir='ltr' id='par_1_5' title="bbox 0 0 1654 5146">
     <span class='ocr_line' id='line_1_38' title="bbox 0 0 1654 5146; baseline 0 0"><span class='ocrx_word' id='word_1_332' title='bbox 0 0 1654 5146; x_wconf 95' lang='lat' dir='ltr'><strong><em> </em></strong></span> 
     </span>
    </p>
   </div>
  </div>
 </body>
</html>
