3444 5140
653 426 892 492 -733-

196 579 280 650 εἶναι
308 588 504 669 νομίζωσιν,
541 579 582 650 οὐ
614 591 689 670 τρία
724 583 764 652 τά
801 585 957 672 εἰρημένα
993 582 1103 671 μόρια·
1131 585 1190 669 τῆς
1226 584 1343 668 ψυχῆς.

196 687 284 769 ὅπως
311 681 375 756 οὖν
402 688 464 777 χρὴ
488 688 714 777 γυμνάζεσθαι
747 691 821 779 περὶ
848 689 910 778 τὴν
938 689 1104 774 διάκρισιν
1128 685 1254 770 αὐτῶν,
1278 689 1344 754 έδί-

197 797 295 876 δαξεν
332 787 350 863 δ
388 796 533 865 Πλάτων
574 799 630 865 ἐντί
662 823 696 865 τε
727 801 786 883 τῆς
821 797 948 874 πόλεως
986 795 1042 862 διὰ
1079 794 1186 880 πάσης
1222 793 1344 880 σχεδόν

196 930 225 970 τι
262 906 320 990 τῆς
352 910 528 983 Πολιτείας
564 905 620 971 έτιί
656 930 690 970 τε
726 907 793 991 τῆς·
814 907 921 990 ψυχῆς
956 901 993 970 τὸ
1030 901 1092 989 μέν
1127 899 1344 989 κυριώτατον,

196 1007 233 1077 τὸ
269 1014 328 1096 τῆς
365 1014 532 1096 διανοίας,
569 1013 678 1092 δείξας
722 1013 758 1078 ἐν
794 1015 839 1103 τῷ
875 1009 1017 1100 τετάρτῳ
1061 1013 1195 1099 βιβλίῳ,
1231 1005 1268 1074 τὸ
1306 1007 1371 1074 δὲο

197 1113 362 1202 ἑπόμενον
393 1115 477 1206 αὐτῇ
509 1116 592 1186 κατὰ
629 1115 669 1185 τὰ
702 1116 794 1186 άλλα.
848 1115 963 1204 καιρὸς
993 1107 1057 1184 οὖν
1087 1113 1151 1202 ἤδη
1189 1114 1244 1182 καὶ
1276 1117 1344 1181 τῶν

196 1224 383 1310 εἰρημένων
420 1221 509 1316 αὐτῷ
547 1223 629 1292 κατὰ
666 1222 727 1292 τὸν
765 1228 916 1312 Φαῖδρον
952 1220 1102 1291 άιιοῦσαι.
1161 1220 1196 1309 “ἡ
1237 1219 1345 1309 άπάτη

105 1397 111 1406 ,
197 1327 350 1416 “ττότερον
378 1331 414 1397 ἐν
441 1329 528 1398 πολὺ
556 1331 753 1419 διαφέρουσι
781 1338 927 1417 γίγνεται
951 1333 1079 1416 μᾶλλον
1106 1325 1126 1416 ἢ
1150 1325 1281 1415 ὀλίγον;
1309 1332 1347 1397 ἐν

197 1437 279 1513 (τοῖς
293 1432 417 1522 ὀλίγον.
440 1434 523 1505 ἀλλὰ
536 1436 605 1524 μὴν
619 1436 700 1505 κατὰ
715 1436 857 1525 σμικρὸν
871 1442 1080 1525 μεταβαίνων
1094 1439 1222 1524 μᾶλλον
1235 1435 1346 1522 λήσεις

198 1541 322 1610 ’ἐλθὼν
341 1543 393 1610 ἐπὶ
411 1543 450 1611 τὸ
471 1546 626 1612 ἐναντίον
643 1540 664 1631 ἢ
684 1543 765 1612 κατὰ
785 1545 876 1632 μέγα.
917 1549 985 1623 πῶς
1008 1540 1039 1611 δ’
1062 1541 1117 1621 οὕ;
1137 1546 1191 1609 δει·
1202 1540 1266 1631 ἄρα
1283 1540 1345 1610 τὸν
1360 1567 1385 1604 ιο

199 1649 373 1734 ’μέλλοντα
396 1647 578 1737 ἀπατήσειν
596 1650 658 1738 μὲν
681 1650 800 1736 άλλον,
824 1648 983 1719 αὑτὸνδὲ
1003 1648 1047 1737 μὴ
1066 1645 1344 1736 άαατηδήσεσδαι

199 1753 271 1840 ’τὴν
299 1752 479 1844 ὁμοιότητα
501 1761 569 1826 τῶν
599 1756 708 1826 ὄντων
736 1764 741 1844 1
771 1759 826 1826 καλ
853 1755 1075 1845 ἀνομοιότητα
1099 1753 1243 1844 άκριβῶς
1265 1760 1411 1831 diet-cuo

199 1861 313 1930 εδέναιΙ
346 1859 474 1951 ἀνάγκη
489 1863 551 1952 μὲν
565 1857 638 1933 οὖν.
669 1859 690 1952 ἦ
711 1858 775 1932 οὖν
790 1859 860 1944 οἷός
872 1891 908 1932 τε
927 1869 1016 1932 ἔσται
1031 1861 1195 1952 ἀλήθειαν
1210 1861 1344 1950 ἀγνοῶν

199 1967 351 2036 “έιιάστου
380 1969 443 2057 τὴν
475 1974 537 2038 τοῦ
568 1967 801 2058 ἀγνοουμένου
833 1969 1012 2059 ὁμοιότητα
1044 1969 1189 2059 σμικράν
1221 1997 1256 2038 τε
1291 1971 1345 2038 καὶ

236 2185 429 2270 1νομίζουαιν
448 2185 528 2240 codd.
548 2184 610 2240 edd.
630 2187 779 2255 νομίζωσιν
797 2203 864 2250 nos3
883 2186 917 2241 cf.
936 2185 1182 2272 Ριο11.μ85.-
1206 2185 1345 2238 2Aver·

199 2250 281 2310 bis3
265 2275 342 2317 οπως
365 2247 418 2310 miv
446 2257 530 2326 incip.
555 2260 675 2344 excerpt.
700 2256 816 2310 xxxxl
842 2257 922 2312 codd.
943 2257 1063 2310 FP-
1094 2251 1189 2310 αάτῶν
1212 2273 1265 2310 om.
1287 2255 1345 2308 rP.

201 2357 232 2364 -
252 2333 269 2379 4
288 2347 314 2380 τι
333 2344 387 2382 om,
403 2327 509 2381 FR-
536 2325 710 2418 ιινριιάτατον
727 2328 778 2396 τῆς
796 2327 875 2383 codd.
890 2328 951 2383 edd.
971 2349 996 2382 ιι.
1015 2324 1046 2381 τὸ
1063 2348 1112 2394 της
1127 2344 1235 2382 noo
1255 2333 1270 2378 5
1289 2327 1345 2379 δει-

202 2397 306 2485 ξας
269 2413 323 2453 om.
343 2398 422 2453 codd.
443 2397 559 2454 edd-
580 2407 595 2453 ὓ
616 2395 756 2483 ἑπόμενον
776 2393 848 2467 adri]
867 2396 939 2454 κατὰ
959 2395 1008 2453 τὸν
1027 2393 1187 2467 φαιδρον’
1169 2397 1290 2452 ααοῦσαι
1310 2397 1344 2450 P¹

201 2465 342 2594 3333333
361 2489 386 2596 3
386 2490 439 2596 333
430 2465 602 2596 2332333
613 2493 636 2596 ί
639 2466 780 2610 333333
793 2455 1070 2597 3333333332133333
1064 2466 1185 2612 3333
1172 2487 1267 2593 3333
1267 2462 1344 2606 3333

200 2605 350 2816 μ’
331 2631 396 2681 αχρι
415 2612 466 2666 τοῦ
485 2613 598 2681 γελοίαν
617 2633 642 2667 ιι.
662 2633 684 2666 τ.
698 2615 722 2666 λ.
741 2611 893 2681 παρέξεται
913 2615 949 2682 (p.
1025 2615 1078 2682 ,3)
1097 2611 1206 2666 FP.-
1225 2617 1345 2666 διιστα-

200 2683 219 2753 β
327 2683 410 2738 οοδδ.
429 2683 503 2749 edd,
526 2682 559 2736 ολ
579 2683 664 2737 Ριολλ.
683 2701 710 2752 p
732 2690 843 2736 104.
856 2620 1032 2809 ιιοιξν
1039 2701 1089 2754 pro
1108 2681 1247 2737 διειδέναι
1265 2681 1344 2766 codd.

200 2751 278 2877 cogi
298 2753 493 2878 {fidelffrap
464 2761 575 2822 μ.730,
590 2761 665 2808 G.-
693 2761 724 2807 13
746 2745 762 2822 ἦ
781 2746 834 2808 οὖν
852 2748 870 2824 ἢ
891 2750 955 2816 άςτ
1003 2774 1064 2809 σται
1080 2755 1170 2810 Μ
1193 2761 1224 2807 14
1243 2747 1346 2823 μικράν

201 3063 270 3105 esse
290 3046 427 3128 partem,
445 2887 590 3106 nnius
609 3047 675 3105 tres
696 3042 795 3106 animi
816 3043 998 3125 opinentur.
1031 3041 1101 3116 Quo
1122 3045 1230 3106 autem
1248 3040 1345 3104 modo

203 3150 235 3213 in
259 3149 516 3213 internoscendis
544 3149 596 3212 his
625 3170 772 3213 exercere
803 3171 862 3213 nos
892 3148 1080 3231 debemur,
1112 3147 1205 3212 Plato
1235 3146 1346 3210 docuit

204 3278 275 3320 cum
304 3256 494 3320 incivitate
518 3259 703 3339 pertotam
732 3255 966 3338 propemodum
991 3254 1249 3340 Rempublicam‚
1276 3258 1345 3317 tum

201 3363 233 3427 in
258 3363 366 3427 animo
386 3363 467 3445 ipso,
487 3362 577 3425 cuius
596 3362 801 3445 praecipuam
821 3365 958 3446 partem,
982 3363 1043 3427 hoe
1067 3365 1118 3425 est
1140 3363 1290 3444 mentem,
1312 3360 1347 3423 in

202 3471 317 3553 quarto
341 3469 439 3546 libro,
466 3471 601 3551 ceteras,
625 3490 707 3551 quae
732 3491 803 3531 eum
827 3473 1019 3552 sequuntur,
1043 3469 1075 3532 in
1100 3468 1172 3531 nlils
1196 3467 1347 3531 ostendit.

204 3573 265 3640 Sed
289 3577 355 3640 iam
379 3580 508 3657 tempus
533 3579 581 3638 est
610 3574 709 3638 etiam
738 3599 789 3658 en,
821 3597 903 3658 quae
931 3576 965 3638 in
988 3574 1135 3639 Phaedro
1164 3571 1226 3637 hac
1255 3575 1294 3636 de
1318 3595 1351 3635 re

207 3681 297 3765 dixit,
322 3681 443 3746 audire.
489 3680 626 3746 ‘Fraus
649 3682 690 3746 in
714 3682 840 3763 hisne,
864 3701 960 3765 quae
985 3681 1161 3762 multum,
1184 3702 1230 3744 an
1254 3701 1350 3762 quae

203 3788 403 3872 paululum
426 3787 633 3870 differunt,
658 3787 829 3851 accidit?
865 3787 908 3851 In
932 3787 998 3866 iis,
1021 3809 1116 3870 quae
1137 3785 1347 3869 paululum.

201 3894 321 3978 Atqui
342 3895 373 3958 si
394 3894 584 3978 paulatim
603 3894 830 3974 transierim
854 3894 955 3956 tend
975 3893 1211 3957 contrarium
1236 3891 1344 3956 deve·

201 4002 305 4066 nisse
336 4002 460 4066 miuus
490 4000 795 4082 animadvertes,
834 4023 944 4083 quam
976 4000 1008 4064 si
1043 3999 1192 4084 magnis
1225 3998 1345 4061 inter·

201 4108 328 4174 vallio.
367 4108 530 4184 Quidni?
572 4107 735 4191 Oportet
758 4107 883 4190 igitur
906 4107 1030 4189 illurn,
1054 4107 1117 4190 qui
1142 4105 1258 4168 ulium
1281 4103 1345 4166 de-

202 4219 383 4299 cepturus
412 4219 485 4298 ost,
515 4215 598 4296 ipse
630 4217 757 4277 autem
785 4213 911 4296 decipi
935 4235 1009 4277 non
1032 4213 1129 4292 vult,
1158 4211 1344 4275 similitu-

202 4321 328 4386 dinem
347 4327 385 4385 et
403 4321 767 4385 dissimilitudinem
788 4341 910 4383 rerum
935 4319 1090 4402 penitus
1108 4318 1345 4402 dignoscere.

202 4425 318 4494 immo
337 4450 496 4492 necesse
515 4431 583 4491 est.
615 4426 808 4510 Numquid
827 4425 949 4510 igitur
964 4425 1206 4510 singularum
1220 4445 1345 4488 rerum

1076 4529 1132 4584 47*
