3212 5146
615 439 857 502 -617-

161 594 346 682 περιέχοντι
369 594 424 662 καί
447 597 486 682 τῇ
504 593 616 682 πρῶτη
636 577 820 683 προσβολῇ·
828 593 890 680 τὴν
908 590 1088 662 ἀλλοίωσιν
1107 593 1306 681 ἐργαζομένη

163 705 362 768 διαδίδωσιν
385 699 460 788 άχρι
484 706 640 769 πλείστου
662 705 723 768 τοῦ
746 704 907 786 συνεχοῦς
934 696 1038 791 αύτῷ,
1067 699 1224 787 δηλονότι
1246 703 1308 768 τοῦ

160 807 253 894 πέριξ
277 805 428 893 σώματος
450 805 668 895 ὑπάρχοντος,
692 804 737 888 ῶς
755 809 792 875 έν
814 804 932 895 άιιαρεῑ
951 805 1061 898 χρόνῳ
1084 804 1146 893 τὴν
1169 803 1307 874 άλλοίιο-

162 933 217 980 σιν
240 918 287 992 είς
310 911 391 982 ὅλον
414 909 495 982 αύτὸ
516 915 720 1000 διαπέμπειν.
758 916 906 1001 ἐναργῶς
928 912 991 1002 γὰρ
1015 917 1170 982 τοιοῦτον
1193 918 1308 998 φαίνε-

160 1045 213 1086 ται
245 1015 324 1086 udal
356 1023 414 1106 τῆς
445 1019 527 1088 κατὰ
559 1019 620 1088 τὸν
652 1019 749 1108 ἥλιον
779 1017 931 1108 ὑπάρχον
961 1019 1141 1108 δυνάμεως.
1190 1019 1333 1100 δέντεςι

161 1128 247 1210 γοῦν
277 1152 308 1192 τι
342 1125 477 1213 στερεὸν
510 1131 603 1214 σῶμα
635 1123 757 1213 μεταξὺ
788 1125 849 1194 τὸν
881 1129 997 1214 ἐφεξῆς
1028 1123 1109 1214 άέρα
1142 1127 1306 1214 βλέπομεν

161 1227 287 1310 εὐθέως
315 1229 504 1302 ἀπολλύντα
532 1232 595 1320 τὴν
626 1229 750 1320 αὐχήν,
785 1231 830 1311 ῶς
857 1235 893 1300 έν
921 1236 965 1324 τῷ
993 1231 1210 1320 μεταβάλλειν
1237 1258 1306 1319 φω-

161 1341 272 1424 τοειδῆ
308 1337 506 1427 γινόμενον,
543 1337 604 1409 ούκ
641 1342 678 1408 ἐν
709 1343 754 1432 τῷ
786 1340 1063 1426 μεταβεβληκέναι
1096 1339 1307 1425 διαμένοντα.

160 1444 306 1533 μόνιμον
338 1445 401 1535 μδιρ
434 1442 477 1514 ἂν
508 1439 610 1534 ἦντὸ
643 1449 715 1533 φῶς
742 1448 779 1514 ἐν
809 1443 898 1536 αὐτῷ
930 1447 1025 1532 μέχρι
1052 1449 1194 1530 πολλοῦ,
1221 1441 1303 1536 adol

161 1547 251 1638 ἤρθη
274 1551 311 1620 τδ
336 1559 489 1638 φωτίζον.
534 1551 621 1621 οὗτοι
650 1552 687 1620 δὲ
710 1553 765 1620 καί
788 1551 912 1641 νεύρου
934 1555 1134 1640 τμηθέντος,
1158 1551 1241 1622 ὅσον
1263 1548 1373 1640 άνηχη

161 1654 181 1740 ίΙ
204 1657 288 1746 τομὴ
312 1665 437 1748 χωρίσῃ
460 1663 518 1746 τῆς
540 1658 623 1748 πρὸς
645 1659 705 1728 τὸν
728 1661 912 1746 ἐγκέφαλον
935 1667 1120 1748 συνεχείας,
1143 1656 1305 1745 άναίσθη-
1322 1697 1345 1734 ιι

161 1791 221 1832 τον
244 1761 371 1845 εύθέως
393 1773 529 1852 γίνεται.
573 1773 728 1854 φαίνεται
753 1760 816 1836 οὖν
838 1765 957 1855 ὅμοιόν
979 1794 1010 1835 τι
1033 1767 1144 1846 πάθος
1166 1763 1307 1854 άμφοτέ-

162 1897 234 1956 ροις
257 1877 462 1959 συμβαῖνον,
489 1878 534 1966 τῷ
564 1901 598 1942 τε
627 1872 735 1966 νεύρῳ
763 1875 818 1942 καὶ
841 1878 886 1965 τῷ
910 1875 1003 1962 πέριξ
1026 1871 1115 1962 άέρι,
1141 1871 1223 1942 κατὰ
1246 1871 1307 1959 μέν

160 1977 223 2064 τὴν
247 1979 374 2048 ἑαυτῶν
398 1979 504 2066 φύσιν
527 1985 661 2068 ἔχουσιν
688 1979 753 2068 ἤδη
776 1981 852 2050 τινδι
881 1980 1075 2068 ὁμοιότητα,
1103 1979 1186 2068 πρὸς
1209 1978 1246 2046 δέ
1267 1977 1305 2047 τὸ

160 2085 367 2170 μεταβάλλον
394 2085 627 2173 όμοιουμένοις
654 2084 798 2175 ἀκριβῶς
824 2085 982 2168 ῶσαύτως
1008 2091 1048 2176 τῇ
1076 2091 1228 2176 συνεχείᾳ
1251 2087 1306 2152 καί
1322 2120 1346 2160 15

160 2195 222 2260 τοῦ
244 2191 382 2279 πάσχειν
405 2191 456 2261 del
480 2196 666 2280 δεομένοις,
694 2192 803 2280 ὥσπερ
828 2191 845 2262 ὁ
870 2195 962 2282 πέριξ
986 2191 1081 2280 ἡμῶν
1104 2190 1184 2284 άήρ,
1208 2190 1306 2260 ὁπότε

197 2424 282 2478 arob
302 2427 367 2480 ants
393 2426 528 2495 συνεχοῦς
550 2445 603 2481 om.
628 2427 706 2481 codd.
732 2426 846 2482 edd—
872 2419 943 2480 dds
962 2415 1089 2492 obl.—
1115 2419 1206 2494 εαυτῷ
1225 2423 1305 2479 codd.

162 2494 223 2549 edd.
229 2490 319 2579 αύτῷ
339 2514 401 2564 nos;
421 2497 454 2552 cf.
461 2447 603 2568 ².P1011.p
628 2505 667 2562 18,
686 2497 749 2551 adn.
769 2503 878 2552 37⁸.-
901 2503 931 2550 11
952 2491 1113 2564 χωρήσειΜ
1133 2495 1234 2563 χοιρίνη
1253 2495 1305 2550 ΑΒ

162 2562 273 2638 χωρήσῃ
292 2568 362 2622 CbK
381 2571 484 2652 χωρίση
509 2586 571 2634 nos3
578 2517 629 2624 poi
648 2569 733 2623 Proll.
756 2586 783 2637 p.
802 2575 902 2622 47.—
933 2573 965 2621 12
985 2567 1055 2636 γοῦν
1073 2567 1151 2622 codd.
1171 2566 1233 2622 edd.
1253 2557 1305 2622 ούν

162 2653 273 2690 nos—
304 2647 334 2692 lt
353 2635 423 2706 πρός
441 2659 469 2694 τε
491 2641 568 2695 codd.
589 2641 650 2695 edd.
671 2636 741 2708 πρὸς
759 2637 791 2694 δὲ
811 2656 923 2693 nos.-

163 2877 235 2918 cum
259 2856 294 2920 in
313 2860 419 2920 aerem
443 2857 556 2922 incidit
574 2861 608 2922 et
625 2858 731 2942 primo
750 2857 893 2942 impulsu
911 2857 1172 2921 immutationem
1191 2856 1306 2938 effecit,

163 2985 235 3026 eam
254 2985 351 3046 quarn
370 2963 560 3048 longissime
580 2965 707 3050 spargit
725 2965 758 3029 in
777 2963 965 3029 continuum
982 2963 1057 3047 ipsi,
1075 2964 1095 3026 i.
1114 2985 1140 3026 e.
1159 2963 1305 3026 ambiens

163 3089 294 3153 eorpus,
321 3073 359 3134 ut
381 3071 538 3154 temporis
566 3075 686 3156 puncto
714 3071 975 3136 immutationem
999 3069 1034 3134 in
1061 3072 1167 3134 totum
1191 3069 1305 3133 diffun-

162 3174 230 3257 dat,
261 3175 293 3238 id
322 3175 405 3260 quod
438 3175 561 3260 liquido
585 3178 684 3242 etiarn
711 3177 745 3241 in
777 3177 809 3240 vi
838 3177 917 3242 solis
944 3177 1050 3240 inesse
1078 3175 1305 3259 conspicimus.

163 3279 263 3345 Velut
286 3282 313 3346 si
337 3283 477 3346 solidum
501 3283 632 3367 aliquod
655 3306 771 3368 corpus
794 3284 828 3347 in
856 3283 961 3348 medio
989 3283 1171 3366 posuimus,
1199 3287 1305 3346 a'e'rem

162 3388 346 3470 proximum
379 3390 524 3454 videmus
558 3389 731 3456 confestim
762 3389 890 3474 fulgore
917 3389 1066 3472 destitui,
1098 3392 1212 3474 utpote
1240 3390 1305 3474 qui,

162 3493 238 3558 dum
258 3494 458 3577 immutatur,
480 3495 605 3561 lucidus
624 3499 691 3578 fiat,
709 3518 774 3561 non
797 3495 831 3560 in
854 3496 1034 3560 mutatione
1054 3497 1153 3560 semel
1172 3499 1305 3580 accepta

162 3605 355 3684 perseveret.
397 3602 489 3678 Quod
513 3603 540 3666 si
564 3603 611 3666 ita
636 3605 730 3684 esset,
753 3603 808 3666 lux
831 3603 865 3667 in
884 3625 922 3668 eo
942 3602 1151 3687 aliquamdiu,
1174 3603 1304 3668 sublato

162 3707 261 3771 etiam
281 3729 328 3792 eo,
346 3709 431 3792 quod
449 3709 602 3794 illustrat,
620 3711 833 3793 permaneret.
864 3707 989 3774 Eodem
1008 3709 1104 3775 modo
1124 3711 1151 3774 si
1170 3732 1305 3778 nervum

161 3813 366 3898 praecideris,
385 3817 456 3881 tota
475 3837 513 3880 ea
531 3839 616 3899 pars,
639 3837 736 3900 quam
756 3816 855 3881 sectio
876 3839 895 3879 a
914 3816 1038 3881 cerebri
1060 3817 1304 3883 continuatione

162 3922 373 4006 separaverit,
396 3922 485 3988 illico
508 3923 638 4007 torpida
661 3925 706 3987 fit.
744 3923 840 3986 Patet
862 3921 964 4007 igitur
982 3923 1123 3987 similem
1142 3924 1303 4008 quandam

162 4026 366 4092 affectionem
397 4029 524 4113 utrique
553 4031 754 4115 contingere,
786 4033 819 4092 et
850 4051 948 4094 nervo
977 4032 1011 4093 et
1043 4031 1109 4094 ariri
1138 4031 1304 4114 ambienti,

161 4134 369 4218 quiquidem
394 4157 431 4198 ex
460 4157 519 4200 sua
545 4136 691 4220 ipsorum
718 4141 835 4201 natura
866 4135 1111 4200 similitudinem
1140 4136 1303 4220 quandam

160 4241 283 4306 habent
306 4247 338 4305 et
357 4242 398 4306 ad
420 4264 489 4306 rem
508 4243 743 4327 immutantem,
766 4242 871 4329 quoad
891 4242 919 4305 ei
943 4242 1088 4307 continui
1108 4247 1192 4326 suut,
1214 4265 1304 4327 pror-

162 4369 217 4411 sus
240 4347 325 4412 inter
348 4371 382 4412 se
410 4348 647 4413 adsimulantur
674 4371 711 4413 ao
738 4349 877 4413 recentis
902 4371 1029 4433 semper
1052 4350 1233 4415 affectionis
1256 4351 1303 4414 in·

161 4454 283 4540 digent,
305 4454 395 4519 velut
414 4459 468 4518 air
490 4456 586 4521 nobis
610 4455 832 4540 circonfuso,
854 4477 926 4520 oum
950 4455 1142 4522 illustratur.
1178 4455 1217 4521 In
1240 4479 1303 4542 quo
