3246 5148
612 420 830 484 ..19-

144 571 360 638 exercitatio?
398 573 433 638 P.
456 575 521 640 508
545 582 621 660 post
642 579 685 642 in.
710 577 829 643 Aldina
853 580 899 644 sic
922 577 1069 646 tradidit:
1092 578 1113 667 ἡ
1135 583 1194 668 τῆς
1215 608 1294 671 καρ-

145 679 223 756 ὁιάς
244 683 374 762 κίνησις
397 675 417 765 ἡ
441 678 503 766 μὲν
520 679 602 748 κατὰ
625 679 705 760 τοὺς
727 682 903 769 σφυγμοὺς
921 684 1068 770 ἐνέργειά
1087 687 1190 774 ἐστιν,
1206 687 1232 775 ἡ
1258 689 1294 756 δὲ

144 781 229 850 κατά
256 781 335 862 τοὺς
361 784 513 871 παλμοὺς
539 787 658 867 πάθος.
704 789 736 868 έξ
764 785 882 875 αὐτῆς
911 789 973 877 μὲν
1002 793 1066 880 γάρ
1093 795 1161 860 ἐστι
1188 795 1243 862 καὶ
1273 793 1293 882 ἡ

144 887 229 956 κατὰ
251 889 331 969 τούς
353 891 518 978 παλμούς,
541 889 613 962 ἀλλ’
640 891 681 962 οὐ
704 893 786 962 κατὰ
809 893 924 982 φύσιν.
964 899 997 979 ἐξ
1022 899 1160 987 ἑαυτῆς
1184 901 1219 968 dl
1238 903 1294 969 καὶ

145 994 166 1082 ἡ
185 1001 254 1064 τῶν
271 1002 450 1086 σφυγμῶν,
469 996 552 1066 ἀλλά
571 998 652 1068 κατὰ
671 1001 784 1086 φύσιν.
819 1003 912 1070 Hanc
928 1006 1181 1074 inconstantiam
1200 1010 1292 1077 Basi-

145 1106 271 1172 lcenscs
295 1113 328 1170 et
351 1105 540 1173 Charterius
564 1111 779 1194 retinuerunt,
806 1111 983 1176 tollendam
1011 1119 1101 1178 ratus
1124 1115 1293 1183 Kuehnius

146 1211 266 1298 ἑαυτῆς
289 1215 429 1280 mutavit
451 1217 485 1280 in
508 1210 624 1300 αὐτῆς,
654 1240 726 1282 cum
755 1216 834 1281 illud
863 1210 965 1303 αὐτῆς
992 1219 1026 1283 in
1049 1216 1181 1306 ἑαυτῆς,
1209 1227 1293 1309 quod

146 1321 179 1384 in
205 1320 239 1386 Μ
263 1323 395 1407 legitur,
418 1327 544 1400 mutare
567 1320 773 1408 deberetlll).
816 1321 1027 1390 Scribendum
1051 1331 1101 1390 eat
1123 1329 1238 1414 igitur:
1262 1331 1295 1411 ἐξ

145 1423 286 1510 ἑαυτῆς
308 1424 370 1512 μὲν
391 1466 436 1475 -
459 1427 491 1507 ἐξ
516 1427 657 1514 ἑαυτῆς
680 1427 726 1493 δέ.
770 1428 855 1493 Aliis
883 1430 963 1495 locis
991 1433 1072 1496 talia
1100 1437 1216 1500 menda
1239 1439 1294 1503 Al·

144 1535 241 1598 dinae
268 1536 402 1619 propria
429 1540 486 1600 aut
509 1533 699 1600 Charterius
729 1535 926 1618 emendavit,
953 1538 1043 1602 velut
1069 1561 1099 1621 p.
1125 1542 1189 1607 704
1211 1543 1295 1610 init:

142 1641 184 1726 τῇ
207 1636 319 1726 πρώτῃ
344 1637 430 1728 (lege
454 1641 491 1708 έν
509 1667 536 1707 ι.
555 1640 601 1728 ιι.)
624 1643 692 1706 τῶν
714 1636 851 1726 ἡλικιῶν
870 1637 931 1707 τὸν
948 1636 1133 1729 ἄνθρωπον
1152 1650 1215 1734 ἔφη
1235 1649 1293 1737 (sc.

137 1741 369 1834 Ἱπποκράτης)
383 1744 594 1833 θερμότατον
607 1743 769 1833 ὑπάρχειν
788 1742 892 1813 αὑτοῦ
911 1745 960 1835 (Μ
975 1747 1126 1838 ἑαυτοῦ),
1144 1757 1201 1821 ubi
1220 1759 1293 1824 Ald.

143 1856 177 1916 et
200 1853 301 1918 Basil.
324 1847 430 1920 αὐτοῦ
452 1855 634 1938 ediderunt,
658 1859 714 1920 aut
733 1855 919 1938 Kuchnius,
943 1855 1033 1920 velut
1050 1880 1081 1940 p.
1102 1862 1181 1928 215:
1205 1860 1292 1930 οὕτω

143 1955 181 2023 δὲ
208 1957 263 2024 nul
290 1956 327 2025 τὸ
357 1955 420 2043 ἐγὼ
449 1958 589 2045 λέγομεν
618 1956 701 2026 κατὰ
728 1962 826 2027 τοῦτο
855 1957 1045 2038 δεικνύντες
1072 1955 1216 2038 αὑτοὺς
1243 1961 1293 2049 (Μ

143 2061 312 2148 ἑαυτοὺς),
334 2067 391 2131 ubi
415 2067 456 2132 ab
481 2067 630 2132 omnibus
655 2068 777 2133 editum
801 2071 872 2132 erat
894 2062 1026 2146 αὐτούς.
1071 2069 1105 2133 P.
1130 2070 1195 2133 594
1218 2074 1294 2153 post

142 2174 186 2238 in.
215 2173 335 2238 Aldina
362 2177 475 2238 auctor
501 2173 565 2237 tuit
594 2175 750 2240 orationis
782 2174 962 2252 inauditae,
992 2197 1074 2259 quac
1103 2175 1138 2240 in
1168 2180 1291 2240 ceteras

142 2279 301 2344 editiones
316 2279 460 2344 transiit:
479 2273 553 2363 ἀρα
571 2275 661 2364 μήτι
676 2275 802 2365 μακρὸς
816 2275 834 2345 ὁ
849 2277 948 2363 λόγος
967 2275 1162 2364 οὐδαμῶς,
1182 2276 1290 2366 ὥσπερ

143 2379 218 2450 οὐδ’
245 2379 344 2463 ἀλλος
368 2379 479 2462 οὐδεὶς
500 2387 569 2451 τῶν
587 2385 859 2470 ἐπιστημονικῶν.
877 2387 1037 2452 'Galenus
1063 2392 1159 2452 antea
1182 2389 1292 2454 docuit

141 2492 366 2575 quaestionem
393 2491 432 2556 de
462 2494 618 2558 virtutum
644 2515 780 2559 numero
807 2516 872 2558 non
900 2494 999 2579 longa
1028 2514 1120 2578 egere
1146 2493 1290 2576 disputa-

141 2599 245 2680 tione,
277 2599 304 2663 si
335 2599 464 2682 quidem
497 2600 550 2664 via
582 2599 838 2664 demonstrativa
870 2595 1030 2684 (μέθοδος
1065 2593 1290 2686 ἀποδεικτική)

139 2704 292 2788 iniretur,
319 2727 400 2788 quae
429 2709 515 2769 esset
542 2705 680 2789 simplex
708 2709 805 2789 atque
832 2705 943 2769 eadem
973 2704 1145 2770 admodum
1173 2707 1289 2772 brevis.

141 2811 246 2885 Quam
268 2814 482 2896 posteaquam
510 2812 559 2876 illi
588 2812 771 2895 quaestioni
799 2810 962 2894 adhibuit,
993 2833 1065 2876 eam
1091 2834 1158 2877 non
1180 2816 1290 2896 potest

139 2939 207 2982 nou
225 2917 273 2982 sic
291 2939 459 3003 peragere:
478 2907 551 3001 ἀρα
569 2913 614 3001 μή
632 2941 663 2982 τι
682 2912 807 3002 μακρὸς
826 2911 843 2982 ὁ
859 2913 971 3000 λόγος,
995 2912 1161 3002 οὐδαμῶς,
1179 2913 1288 3003 ὥσπερ

140 3016 215 3088 οὐδ’
242 3018 341 3100 ἀλλος
364 3018 436 3088 οὐδ.
453 3047 480 3089 τ.
499 3021 523 3088 ἐ.
557 3023 738 3107 ‘Numquid
761 3024 862 3108 igitur
884 3024 965 3088 haec
987 3024 1087 3109 longa
1109 3023 1193 3090 ratio
1217 3025 1288 3088 est?

140 3129 296 3194 minime?
329 3127 405 3194 Cod.
429 3129 464 3194 Μ
487 3119 551 3213 ἀρα
573 3131 717 3214 praebet.
740 3129 774 3194 P.
794 3130 860 3194 402
882 3133 958 3213 post
980 3131 1062 3194 med.
1094 3131 1287 3196 Posidonius

140 3234 356 3319 philosophus
380 3237 465 3320 apud
490 3235 648 3301 Galenum
671 3257 801 3300 versum
829 3240 944 3320 poetae
971 3237 1081 3301 nescio
1105 3236 1196 3300 cuius
1220 3236 1287 3310 lau-

139 3341 210 3424 dat,
237 3363 333 3425 quem
359 3363 419 3407 nec
445 3342 480 3406 in
503 3341 623 3406 Aldina
649 3363 709 3406 nec
737 3341 772 3406 in
797 3341 966 3407 Marciano
995 3365 1109 3406 sanum
1137 3341 1287 3407 relictum

139 3445 309 3512 Kuchnius
340 3448 514 3514 infeliciter
543 3449 707 3512 tractavit.
756 3447 795 3512 In
824 3448 923 3512 Marc.
954 3449 1040 3513 enim
1070 3449 1190 3533 legitur
1220 3446 1287 3513 ἐᾶν

138 3548 325 3618 ἀπολέσθαι
348 3550 447 3620 τοῦτό
470 3577 527 3637 μοι
545 3554 610 3618 νῦν
628 3551 803 3636 συμφέριιε
826 3554 861 3618 in
875 3555 905 3619 A
920 3549 980 3618 ἐὰν
998 3577 1027 3618 ιι.
1040 3578 1068 3619 τ.
1081 3558 1127 3634 λ.,
1150 3555 1236 3619 idem
1251 3555 1285 3620 in

140 3660 209 3726 edd.
231 3661 307 3725 Bas.
331 3665 364 3723 et
387 3658 512 3744 Chart,
539 3659 622 3724 unde
645 3659 784 3724 Kuchn.:
813 3655 873 3724 ἐὰν
900 3654 1084 3724 ἀπολέσθαι
1107 3656 1206 3724 τοῦτό
1229 3684 1285 3745 μοι

140 3766 206 3830 νῦν
229 3763 397 3851 συμφέρῃ,
426 3789 492 3832 non
515 3788 639 3831 memor
662 3766 799 3830 eundem
826 3787 955 3830 versum
979 3789 998 3829 a
1021 3765 1197 3831 Plutarcho
1219 3768 1286 3831 lau·

139 3873 209 3937 dari
236 3873 272 3937 in
299 3872 411 3937 libello
440 3873 478 3936 de
506 3873 627 3936 virtute
654 3893 735 3936 mor.
763 3894 792 3955 p.
815 3872 881 3936 446
905 3871 936 3934 A
962 3871 1048 3936 hunc
1076 3873 1110 3936 in
1137 3873 1286 3937 modum:

139 3981 182 4042 ἔα
200 3973 235 4064 μ’
252 3972 449 4043 ἀπολέσθαι·
472 3979 571 4044 τοῦτο
591 3973 654 4063 γάρ
673 4000 729 4062 μοι
749 3973 925 4061 συμφέρει,
944 3977 1030 4061 quod
1049 3979 1115 4042 iam
1133 3979 1284 4061 Wytten-

212 4241 264 4312 ³²¹²)
283 4241 338 4307 Qui
356 4257 440 4309 quam
457 4241 646 4296 inconstanter
663 4239 734 4295 talia
751 4240 926 4309 tractaverit,
945 4241 1113 4295 documento
1132 4241 1185 4308 eat,
1209 4239 1284 4307 quod

140 4331 223 4400 paulo
242 4330 315 4384 iufra
336 4329 365 4384 in
384 4329 481 4383 eadem
504 4345 567 4398 pag.
586 4333 662 4385 recte
684 4329 795 4398 scripsit
818 4325 851 4394 ἐξ
877 4325 1001 4396 ἑαυτῆς
1024 4325 1076 4398 μὲν
1098 4323 1153 4395 γὰρ
1176 4321 1208 4381 ἓν
1226 4333 1285 4390 τοῖς

140 4414 279 4481 τοιούτοις
297 4411 467 4487 σφογμοίςὴ
487 4419 590 4485 napum
609 4424 742 4486 κινεῖται,
761 4413 833 4471 ιιατά
853 4411 941 4485 φύσιν
959 4411 988 4470 δ’
1009 4411 1043 4470 uri
1062 4421 1190 4471 aiveinon.
