3228 5148
583 415 826 480 -107-

216 575 270 640 Ab
294 575 441 640 Artierdo
470 571 510 639 ud
538 578 661 640 ceteras
684 575 816 640 voculas
840 577 1043 640 transeamus
1072 597 1109 640 uc
1132 575 1272 658 primum

126 681 167 748 de
189 681 492 767 Praepositionibus
498 732 507 766 ‚
533 704 615 768 quae
643 703 662 746 a
684 682 828 746 librariis
856 681 965 746 omitti
989 681 1107 764 solent,
1134 682 1274 765 dispute-

128 811 209 854 mus.
255 787 458 854 Omiiiuntur
485 793 594 852 autem
622 785 730 871 κατά,
758 790 846 854 velut
873 811 904 873 p.
926 789 989 854 367
1015 792 1107 873 extr,
1135 789 1191 852 ubi
1214 810 1273 853 nos

127 893 181 960 καί
206 890 271 978 γὰρ
295 889 336 960 οὐ
358 890 440 959 κατὰ
464 889 548 960 αὐτὰ
570 896 689 976 ταῦτα,
712 919 742 980 p.
767 896 831 962 775
853 895 914 959 sub
936 895 1002 978 fim,
1025 894 1081 958 ubi
1105 890 1274 972 έπέδειξάν

127 1025 161 1066 τε
185 996 268 1066 κατὰ
290 996 396 1066 πολλὰ
424 997 663 1085 συγγράμματα
690 1002 905 1086 restituimus3
933 995 1007 1066 ὑπό
1035 1023 1065 1084 p.
1088 1001 1154 1066 413
1182 1002 1274 1083 med,

128 1109 184 1173 ubi
208 1103 269 1172 τὸν
293 1102 356 1172 ὑπὸ
381 1101 570 1192 Εὐριπίδου
592 1107 822 1194 γεγραμμένον
844 1145 888 1156 --
911 1103 1087 1191 διάλογον,
1114 1108 1158 1172 ib.
1186 1112 1275 1191 extr,

127 1215 184 1279 ubi
207 1211 248 1279 τά
272 1208 335 1278 ὑπὸ
355 1211 420 1300 (vel
435 1209 530 1300 πρὸς)
553 1215 614 1278 τοῦ
635 1209 859 1298 Ἀχιλλέως-
876 1211 1046 1299 εἰρημένα,
1068 1237 1099 1300 p.
1114 1215 1179 1278 416
1199 1217 1274 1278 ante

128 1323 192 1402 fin.
213 1321 268 1385 ubi
286 1315 348 1405 τὴν
366 1321 478 1386 αἰτίαν
496 1314 560 1386 ὑπὸ
575 1315 687 1385 αὐτῶν
701 1320 849 1405 ῥηθῆναι
865 1315 1066 1406 scripsimus3
1086 1316 1166 1401 διά,
1189 1320 1274 1404 quud

127 1450 160 1512 p.
183 1427 249 1492 445
273 1451 301 1494 a.
324 1427 406 1492 med.
429 1428 515 1492 inter
537 1424 775 1511 γεγραμμένων
798 1433 831 1493 et
853 1416 902 1493 ὦν
925 1421 968 1492 σὺ
991 1427 1141 1510 διῆλθες,
1164 1450 1194 1511 p.
1209 1427 1274 1490 652

128 1535 172 1600 iu.
196 1538 271 1598 anie
294 1533 362 1598 τῶν
386 1531 512 1599 ἑαυτοῦ·
529 1531 810 1619 συγγραμμάτων,
834 1559 864 1619 p.
889 1535 952 1599 792
976 1557 1007 1618 p.
1030 1534 1072 1599 in.
1097 1537 1171 1598 anre
1193 1555 1274 1598 παν-

126 1637 186 1717 τός
208 1641 412 1706 inserendum
436 1663 506 1706 esse
525 1641 794 1727 existimavimus3
819 1640 875 1722 έν,
898 1640 983 1724 quod
1001 1662 1032 1723 p.
1047 1639 1112 1704 305
1135 1640 1216 1704 med.
1240 1639 1274 1703 in

128 1743 361 1832 MA(BChK)
386 1752 461 1812 anie
480 1741 579 1832 άνδρὶ
598 1751 769 1836 φρονίμῳ,
791 1770 822 1832 p.
838 1747 902 1812 644
922 1752 1000 1811 extr.
1015 1751 1090 1812 anre
1104 1758 1174 1822 τοῖς
1186 1749 1274 1811 πλεί-

127 1872 235 1932 στοις,
262 1876 293 1937 ρ.
318 1854 382 1918 704
404 1855 475 1918 init.
499 1859 574 1918 anie
601 1854 640 1939 τῇ
664 1850 776 1940 πρώτῃ
800 1853 854 1939 (cf.
878 1876 976 1938 supra
1003 1877 1033 1937 p.
1060 1851 1127 1940 19),
1155 1876 1186 1937 p.
1211 1854 1273 1917 716

128 1983 157 2024 a.
186 1961 239 2024 fin.
267 1964 342 2024 anre
369 1955 464 2044 ἡμῖν,
492 1983 523 2044 p.
547 1961 610 2026 776
639 1984 666 2024 ο.
693 1961 746 2024 fin.
774 1964 848 2026 anie
876 1954 1046 2048 ἀνθρώπῳ
1075 1960 1205 2044 excidit3
1234 1957 1274 2023 ἐκ

128 2065 209 2152 (ἐξ),
231 2067 314 2151 quod
338 2089 369 2150 p.
384 2066 448 2132 659
472 2071 551 2131 extr.
575 2073 649 2131 anie
672 2067 730 2150 τῆς
752 2069 890 2152 καρδίας
908 2073 941 2132 et
958 2090 989 2151 p.
1005 2067 1068 2132 700
1089 2090 1116 2144 u.
1130 2067 1184 2130 fin.
1198 2069 1274 2130 aute

127 2170 260 2238 ἐκείνου
287 2173 521 2256 εεροτττίωοε;
550 2177 641 2258 περί
664 2197 695 2257 p.
718 2175 782 2239 548
811 2174 907 2257 med,
933 2174 989 2237 ubi
1016 2168 1079 2256 τὴν
1105 2169 1179 2257 περὶ
1206 2171 1274 2237 τῶν

126 2279 281 2363 πυρετῶν
303 2282 545 2363 πραγματείαν,
573 2303 603 2364 p.
627 2280 691 2344 573
715 2281 768 2364 iu,
790 2281 847 2345 ubi
871 2279 908 2344 ἐν
930 2276 1096 2363 τοῖςπερὶ
1121 2279 1189 2343 τῶν
1212 2302 1274 2362 φυ-

127 2387 233 2450 σικῶν
256 2381 434 2468 δυνάμεων
457 2379 694 2470 ὑπομνήμασιν
720 2386 918 2471 scripsimus.
962 2385 1013 2450 Ex
1032 2386 1147 2450 ceteris
1170 2384 1274 2449 Parti-

128 2492 212 2556 uulis
236 2490 426 2574 saepissime
449 2486 495 2556 ἄν
519 2493 638 2558 excidit
659 2493 755 2577 idque
778 2495 812 2557 in
836 2491 962 2556 schedis
982 2489 1039 2557 CL
1063 2492 1136 2576 plus
1159 2492 1274 2574 decies,

128 2599 164 2664 in
192 2599 226 2662 M
254 2599 321 2661 fere
349 2597 461 2681 vicies,
491 2621 572 2681 quae
598 2600 764 2665 Perticrda
796 2620 992 2684 quamquem
1018 2598 1059 2662 ub
1088 2598 1275 2680 editoribus,

129 2705 281 2788 inprimis
304 2727 324 2768 u
347 2703 498 2770 Kuehnio
524 2702 579 2791 (cf.
601 2693 699 2790 supr'e
721 2729 752 2790 p.
776 2704 846 2792 66),
873 2705 986 2770 multis
1013 2704 1095 2771 loeis
1120 2705 1274 2768 restituis

129 2816 193 2892 est,
220 2815 331 2874 tamen
357 2810 505 2892 pluribus
533 2812 748 2896 desideratur,
775 2813 864 2877 velut
890 2834 920 2895 p.
949 2812 1011 2876 201
1037 2834 1067 2895 p.
1094 2811 1189 2894 med,
1218 2809 1274 2874 ubi

128 2939 194 2982 non
218 2916 389 3000 legendum
413 2919 464 2980 est
485 2919 571 2981 ἔνθα
593 2907 614 3003 ᾗ
633 2914 736 3003 νενρά
758 2915 875 3000 πολλά,
898 2918 953 2982 sed
976 2919 1062 2982 ἔνθα
1079 2911 1123 2982 ἂν
1146 2906 1167 3002 ᾖ
1190 2939 1220 2980 ν.
1242 2937 1275 2979 π.

130 3023 186 3106 (cf.
210 3023 275 3086 429
299 3023 342 3086 in.
366 3023 451 3086 ἔνθα
468 3015 517 3086 διν
543 3012 564 3108 ᾖ
590 3019 777 3110 τὰπάθη),
805 3048 834 3108 p.
858 3025 923 3089 202
950 3047 980 3108 p.
1007 3024 1104 3107 med,
1131 3022 1187 3087 ubi
1214 3043 1274 3104 pru

129 3123 398 3213 ἀποκριναίμεθα
421 3129 579 3194 edidimus
603 3124 869 3214 ἀποκριναίμεθα
892 3125 951 3212 ἄν,
974 3153 1004 3214 p.
1019 3132 1082 3195 411
1109 3153 1136 3194 ο.
1151 3131 1204 3194 fin.
1227 3129 1274 3192 έτι

131 3236 262 3320 μᾶλλον
285 3227 328 3299 άν
346 3233 447 3319 ἐξείη,
470 3258 501 3320 p.
515 3237 580 3300 646
595 3241 674 3301 extr.
692 3229 910 3319 ἀναγκάσειεν
923 3231 966 3300 ἄν
984 3233 1037 3322 (ef.
1052 3259 1151 3321 supra
1164 3259 1195 3320 p.
1209 3235 1276 3320 66),

131 3367 162 3427 p.
187 3343 251 3407 637
277 3363 305 3405 a.
328 3342 381 3406 fin.
404 3335 503 3425 ἡνίκα
526 3338 585 3424 ἄν,
612 3365 642 3426 p.
668 3343 732 3408 760
758 3365 789 3427 p.
811 3343 893 3407 med.
921 3331 970 3408 ὧν
996 3335 1039 3407 ἂν
1066 3338 1191 3427 ἄρχωσι
1221 3338 1275 3427 (ef.

131 3471 232 3534 supra
254 3470 285 3531 p.
307 3445 378 3534 69),
401 3471 431 3532 p.
457 3449 520 3514 766
544 3449 586 3514 iu.
608 3447 664 3514 καὶ
692 3448 725 3526 ές
751 3443 771 3515 6
793 3472 824 3513 τι
848 3441 890 3513 άν
917 3447 1053 3525 ἕκαστος
1075 3447 1174 3534 ἐθέλῃ
1198 3448 1276 3512 scri-

131 3555 272 3620 bendum
296 3577 365 3618 esse
384 3555 577 3620 censuimus.
613 3555 810 3639 Saepissime
828 3555 927 3620 etiam
950 3558 1016 3618 καί
1036 3555 1167 3637 excidii,
1190 3553 1275 3638 quod

130 3663 241 3726 decem
264 3661 331 3724 fere
353 3660 435 3724 loeis
463 3662 680 3744 reposuimus,
706 3684 756 3742 τε,
778 3660 855 3745 μέν,
883 3658 935 3742 δέ,
963 3684 1015 3743 γε,
1039 3649 1116 3742 οὖν,
1140 3656 1175 3746 ἥ,
1203 3654 1276 3741 οὐκ,

130 3761 192 3846 ὦς,
215 3761 326 3848 dud,
349 3766 439 3831 velut
456 3789 487 3850 p.
503 3766 566 3832 753
585 3790 616 3851 p.
635 3768 686 3852 im,
710 3766 765 3832 ubi
788 3768 960 3853 legendum
979 3771 1029 3832 esi
1047 3761 1089 3832 οὐ
1106 3763 1173 3852 μὴν
1192 3761 1275 3832 ἀλλὰ

131 3871 187 3938 καί
211 3867 293 3936 κατά
316 3895 345 3936 κ.
367 3897 393 3938 τ.
416 3878 453 3938 1.

220 3979 294 4044 Non
319 4001 393 4043 raro
416 3979 614 4045 Pronomine
638 3980 837 4063 exciderunt,
863 3982 953 4044 velut
976 3976 1055 4063 έγαί,
1081 3974 1189 4064 ἡμεῖς,
1216 4002 1276 4059 τις,

131 4109 179 4166 τι,
203 4080 255 4165 ὅς,
279 4079 313 4165 6,
337 4074 435 4162 οὗτος
453 4083 507 4172 (ef.
520 4086 722 4172 Programm.
736 4085 778 4168 Π,
796 4085 858 4170 14),
877 4081 989 4168 ἄλλος,
1012 4085 1203 4152 Numerulie
1217 4075 1274 4166 εἷς,

131 4189 213 4274 δύο,
236 4191 315 4274 ulie,
343 4191 507 4257 Adverbia
533 4192 681 4277 πρῶτον,
708 4193 787 4274 νῦν,
812 4193 885 4256 alia.
932 4192 993 4257 Sed
1024 4192 1151 4255 incuria
1178 4190 1275 4254 libra-

131 4300 255 4364 riorum
277 4319 342 4362 μοι]
371 4299 475 4362 solum
497 4297 559 4362 has
582 4300 727 4381 voculas,
755 4299 810 4363 sed
838 4298 938 4362 etiam
965 4297 1098 4361 nomina
1121 4301 1154 4360 ei
1176 4296 1277 4360 verbu

130 4403 284 4492 neglexit.
331 4403 379 4470 Ac
401 4401 535 4472 uomina
557 4405 686 4493 quidem
709 4404 831 4470 omissa
855 4426 924 4470 esse
947 4403 1028 4470 haec
1051 4403 1198 4500 exemplu
1221 4402 1275 4473 do·
