3166 5192
566 401 718 468 -523
766 437 805 448 -

112 555 257 640 σκευάζει
280 557 339 637 τὰς
360 555 442 637 ὕλας
469 557 608 646 ἑτέροις,
635 559 773 638 έκείνοις
800 555 904 638 αύτάς
930 555 1105 645 ἀκεραίους
1134 555 1258 644 φυλάτ-

110 691 158 732 τει
181 664 235 732 καί
265 663 340 732 οὔτε
369 666 404 732 έκ
431 662 619 752 πνεύμονος
646 662 728 751 ἀλλη
757 692 806 744 τις
833 663 913 744 ὁδὸς
941 665 1078 752 ἑτέρωσε
1105 666 1258 753 τέτμηται

111 770 198 858 πλὴν
221 774 298 858 μιᾶς
320 775 377 858 τῆς
400 775 447 850 είς
469 769 531 857 τὴν
553 775 696 858 καρδίαν
725 768 801 840 οὔτε
825 773 860 838 έκ
887 777 1014 850 κοιλίας
1036 797 1070 840 τε
1092 772 1147 838 καὶ
1172 772 1258 840 ἐντέ-

115 904 185 965 ρων
210 877 346 966 ἑτέρωσε
370 875 457 962 πλὴν
481 882 527 957 είς
551 868 638 964 ἧπαρ
662 875 737 946 οὕτε
766 879 801 945 ἐκ
829 881 889 946 τοῦ
913 881 1141 957 δικτυοειδοῦς
1162 879 1258 964 πλέγ-

111 1010 213 1071 ματος
237 983 373 1070 ἑτέρωσε
400 983 488 1070 πλὴν
511 989 558 1064 είς
588 985 771 1070 ἐγκέφαλον
803 983 880 1053 οὕτε
908 986 943 1052 έκ
970 988 1037 1052 τῶν
1064 982 1100 1050 τὸ
1131 985 1285 1072 σπέρμαε

111 1089 494 1178 προπαρασκευαζόνττου
521 1087 665 1178 ἀγγείων
694 1096 740 1170 είς
769 1089 850 1160 ἀλλο
878 1117 908 1158 τι
936 1088 1023 1178 πλὴν
1051 1095 1098 1170 είς
1124 1089 1163 1158 τά
1191 1095 1259 1158 τῶν

112 1194 249 1283 ὄρχεων.
296 1195 382 1264 οὕτω
407 1197 443 1264 δέ
468 1198 523 1265 καὶ
547 1201 583 1266 oi
602 1196 639 1266 τὸ
663 1201 808 1285 χολῶδες
830 1195 936 1284 ὑγρὸν
964 1194 1179 1286 ἀθροίζοντες
1201 1197 1258 1265 πό-

113 1329 167 1389 ροι
200 1303 321 1383 πάντες
353 1307 469 1384 είςιὲν
500 1301 638 1390 ἀγγεῖον
670 1301 911 1391 ἀποφέρονται,
944 1301 1007 1389 τὴν
1043 1304 1260 1390 συνημμένην
1343 1293 1350 1304 ’

113 1407 210 1496 ἥπατι
235 1409 362 1494 κύστιν,
386 1411 546 1478 ἐντεῦθέν
568 1436 601 1478 τε
625 1415 672 1490 είς
694 1409 756 1498 τὴν
782 1414 896 1498 νῆστιν
920 1410 1131 1496 ἐκπέμπουσι,
1154 1409 1258 1477 καθά-

113 1541 173 1602 περ
197 1519 232 1584 οί
254 1517 372 1603 νεφροί
395 1516 432 1584 τὸ
457 1508 562 1604 οὖρον
589 1519 636 1596 είς
657 1514 720 1602 τὴν
743 1523 824 1603 μίαν
853 1516 1008 1604 δηλονότι
1031 1515 1158 1585 κύστιν.
1203 1513 1298 1584 ori-10

112 1625 197 1690 κοῦν
221 1617 299 1690 οὐδὲ
317 1621 355 1691 τὸ
375 1613 474 1711 ἧπαρ,
498 1631 587 1710 είπερ
609 1626 649 1710 τῇ
667 1626 788 1712 καρδίᾳ
806 1623 843 1692 τὸ
863 1619 943 1712 αἷμα
964 1625 968 1712 l
989 1622 1325 1711 προπαρασκευά-ςεὸ

114 1749 177 1797 σον
199 1725 264 1797 ἀπὸ
289 1733 347 1816 τῆς
369 1729 501 1815 φύσεως
524 1731 669 1816 ἐγένετο,
698 1730 869 1818 διανέμειν
895 1727 976 1800 αὐτὸ
1000 1735 1040 1820 τῇ
1068 1733 1257 1820 παρασκευῇ

112 1832 273 1924 ἡμίεργον
306 1835 483 1922 ἐπιστεύθη
517 1833 567 1902 ἀν.
631 1833 706 1903 οὔτε
739 1836 803 1924 γὰρ
836 1833 1003 1924 ὑπηρέτου
1034 1838 1071 1905 τὸ
1104 1841 1259 1906 τοιοῦτον

114 1949 229 2030 ἔργον,
273 1939 355 2010 ἀλλά
392 1939 556 2030 ἡγεμόνος
592 1943 646 2010 καὶ
684 1940 860 2030 ἄρχοντος,
892 1941 971 2012 οὔθ’
1007 1943 1090 2031 ὕλης
1122 1945 1259 2022 ἐλλιπῶς

113 2050 422 2136 παρεσκευασμένης
439 2047 476 2116 τὸ
497 2047 618 2128 πάδος·
637 2047 805 2136 ὑπηρέτου
822 2050 886 2138 γάρ
906 2052 974 2119 ἐστι
997 2049 1034 2118 τὸ
1053 2048 1258 2138 παρασκευά-
1274 2071 1299 2110 ιε

150 2269 166 2317 2
188 2257 289 2331 ἑτέρως
308 2263 375 2316 ΜΔ.
394 2293 428 2301 -
442 2267 469 2346 ιδ
488 2257 519 2344 τὸ
544 2265 609 2348 ροσε
629 2261 739 2333 σπέρμα
758 2281 812 2350 om.
831 2264 868 2318 M.
892 2295 926 2304 -
950 2269 966 2319 6
985 2259 1058 2332 πλὴν
1077 2264 1131 2318 τάν
1151 2259 1259 2351 ὄρχεων

116 2335 194 2388 codd.
214 2333 276 2389 add.
295 2337 339 2388 al.
360 2331 400 2396 είς
418 2352 452 2387 τα
471 2353 528 2388 των
542 2351 600 2402 οργ.
620 2349 677 2388 nos.
697 2365 731 2374 —
751 2341 767 2388 8
786 2332 963 2402 ἀποφέρεται
977 2335 1014 2388 Μ.
1036 2367 1067 2374 -
1087 2337 1258 2405 postauam.

98 2409 186 2492 spat.
213 2421 273 2460 rao.
297 2403 443 2460 duodecim
467 2403 554 2486 forms
576 2403 735 2459 litterarum
764 2407 818 2472 ειυς
848 2405 973 2486 sequitur
1001 2401 1098 2488 πύστιν
1122 2401 1259 2488 ἐντεῦθεν

115 2483 214 2546 (ηπατι
232 2497 267 2560 ππ
279 2471 421 2558 ‘mam’
440 2473 663 2562 derncspa'spal.
683 2493 742 2560 rao.
757 2476 943 2602 ηοεδτοριοίε
956 2476 1043 2560 ferme
1062 2475 1161 2560 htlflrffl
1182 2477 1258 2564 riem-

115 2545 681 2673 ltili-’'iillllilffilll‘
695 2567 846 2673 &smil
858 2565 1062 2673 'lli'il‘il'l
1073 2541 1260 2672 “iiiiii

115 2637 207 2757 ἀρ’ἀπτά
227 2637 325 2744 nolim
348 2683 402 2742 έντ.
426 2637 456 2742 ils
481 2685 522 2750 είς
544 2682 597 2756 τὴν
620 2639 717 2756 violas
741 2637 945 2758 έππέμπούδιν,
968 2637 1103 2758 silini}
1122 2639 1206 2756 cli&
1225 2689 1260 2744 oi.

116 2759 199 2816 Proll.
228 2777 255 2829 p.
283 2767 324 2813 64.
352 2790 383 2798 -
419 2767 450 2814 11
477 2757 747 2827 προπαρασκευάσαι
772 2761 801 2814 Μ
830 2755 1110 2828 προπαρασκευάσων
1138 2761 1197 2815 AB.
1227 2791 1260 2801 -

119 2839 150 2886 13
171 2825 359 2897 laturarium
377 2829 518 2886 Mnssch.
539 2859 571 2870 -
593 2837 625 2884 14
643 2824 710 2898 ὅλης
728 2848 778 2901 pro
797 2823 864 2900 δίης
882 2831 953 2898 ΜΑ;
973 2831 1008 2886 ci.
1022 2831 1106 2887 Proll.
1126 2849 1153 2902 p.
1168 2839 1211 2887 39.
1227 2863 1260 2873 -

118 2909 150 2958 15
170 2899 439 2970 παρασπεοασμένης
458 2900 557 2968 MAB;
576 2900 611 2956 of.
630 2900 714 2958 Proll.
733 2920 761 2972 p.
781 2909 822 2958 48.
843 2935 875 2943 —

117 3119 191 3184 aliis
210 3119 416 3204 praeparant,
439 3117 583 3202 integras
602 3119 668 3183 illis
688 3119 816 3184 easdem
840 3121 972 3184 servani
991 3141 1028 3184 aa
1050 3141 1153 3204 neque
1178 3121 1260 3186 alius

116 3225 279 3312 quispiam
306 3228 432 3289 meatus
461 3247 480 3288 a
507 3224 716 3310 pulmonibus
743 3225 899 3292 aliorsum
927 3225 1033 3291 iendii
1058 3249 1155 3312 quam
1178 3249 1261 3292 unus

118 3333 158 3398 ad
180 3355 237 3398 aor
259 3353 362 3416 neque
386 3353 403 3395 ε
423 3331 602 3398 ventriculo
621 3335 653 3396 st
676 3332 840 3398 intestinis
863 3337 1090 3418 praeterquam
1114 3334 1154 3398 ad
1173 3334 1262 3400 ieeur

118 3461 219 3523 nequo
243 3461 260 3502 ε
283 3437 449 3503 retionlari
468 3441 620 3504 contextu
642 3461 739 3523 quam
763 3438 798 3505 in
817 3441 983 3505 cerebrum
1007 3463 1110 3526 neque
1134 3463 1150 3504 a
1174 3441 1260 3505 vasis

119 3565 229 3609 semen
251 3545 521 3628 praeparantibus
546 3545 702 3610 aliorsum
726 3569 822 3630 quam
846 3546 886 3610 ad
909 3551 1018 3612 testes.
1059 3545 1112 3612 Sic
1136 3569 1260 3632 quoque

118 3651 173 3736 qui
196 3649 350 3715 biliosum
372 3650 542 3715 humorem
561 3651 721 3736 colligunt
743 3657 869 3718 meaios
890 3675 1000 3718 omnes
1023 3653 1058 3718 in
1082 3676 1180 3718 unum
1204 3676 1260 3719 vas

118 3756 319 3842 deferuntur,
352 3757 450 3822 iecori
483 3757 642 3822 adnexum
670 3757 864 3843 folliculum,
892 3759 1029 3845 indeque
1056 3760 1090 3824 in
1118 3760 1260 3824 ieiunum

117 3864 306 3930 intestinum
328 3864 493 3950 amillunl3
516 3887 582 3930 nou
606 3887 698 3929 soous
721 3885 813 3929 renas
838 3866 965 3932 urinam
988 3866 1022 3930 in
1046 3889 1143 3932 unam
1166 3866 1260 3931 nimi·

118 3991 190 4034 rum
214 3969 355 4036 vesicam
379 3971 615 4036 transmittunt.
660 3971 736 4038 Non
758 3972 874 4058 igilur,
898 3973 925 4036 si
949 3973 1038 4038 iecur
1062 3995 1099 4038 eo
1123 3971 1260 4040 oonsilio

118 4079 236 4142 natura
262 4075 424 4142 fabricula
451 4081 551 4162 ossei,
579 4081 616 4144 ul
643 4079 730 4144 cordi
759 4078 949 4164 sanguinem
977 4083 1200 4164 praepararet,
1231 4079 1260 4143 ai

118 4184 287 4249 dimidium
323 4187 452 4248 tunium
491 4185 717 4268 suppeditandi
750 4207 866 4252 munus
902 4185 1137 4251 demandassel
1190 4185 1261 4252 Hoc

119 4289 203 4354 anim
230 4312 297 4356 non
329 4290 484 4374 ministri,
515 4291 571 4355 sod
600 4291 690 4356 duois
725 4295 757 4356 ei
783 4293 940 4378 principis
971 4315 1052 4378 opus
1082 4297 1131 4357 asi
1158 4315 1260 4378 nequa

120 4398 285 4482 materiae,
308 4419 390 4484 quae
409 4419 474 4464 non
493 4398 572 4462 salis
591 4401 785 4483 praeparata
804 4403 862 4484 εεῒ,
885 4399 1019 4466 affectus
1039 4402 1100 4486 σονς
1120 4398 1260 4464 ministri
