3296 5150
691 445 752 510 ιιι
804 484 844 494 ..

149 608 216 674 τῶν
242 601 279 674 θ’
309 600 534 691 ὑγιαινόντων
561 603 725 693 σωμάτων
751 607 819 674 τῶν
845 630 879 673 τε
913 601 976 692 ἤδη
1009 601 1220 684 νοσοὺντωνς
1253 599 1295 674 οὑ

149 719 213 802 γὰρ
242 709 455 801 ἀμφοτέροις,
488 709 572 797 ἀλλά
603 712 720 802 μόνοις
745 728 815 793 τοῖς
847 715 985 781 νοσοῦσι
1014 711 1222 800 δικαιότερον
1252 703 1295 800 ἦν

149 822 423 910 παραβεβίῆσθαι
437 819 496 900 τάς
513 820 680 901 νοσοόσας
694 820 812 907 ψυχάς·
832 817 1003 889 άδόνατον
1021 817 1084 906 γὰρ
1099 822 1136 886 ’ἐν
1149 823 1295 906 πρᾶγμα,

149 927 210 1017 τὴν
233 927 338 996 νόσον
356 931 414 1014 τῆς
432 932 549 1015 ψυχῆς,
573 929 673 997 δυσὶν
692 929 857 1007 ἐναντίοις
874 925 1072 1016 ῶμοιῶσθαι,
1092 925 1295 1014 πράγμασιν,

150 1033 257 1126 ὑγιείᾳ
280 1061 314 1103 τε
338 1033 404 1123 ἅμα
428 1035 482 1103 καί
511 1034 610 1127 νόσῳ.
655 1040 686 1103 εί
707 1035 771 1124 γάρ
795 1033 836 1122 δὴ
859 1039 974 1119 τοῦτο,
996 1033 1056 1102 ’καὶ
1079 1033 1142 1121 τὴν
1163 1031 1296 1120 ὑγίειαν
1316 1053 1329 1094 ⁵

150 1139 333 1230 ἀναγκαῖον
362 1146 452 1210 ἔσται
478 1145 517 1231 τῇ
546 1141 635 1234 νόσῳ
662 1149 896 1232 παραπλησίαν
922 1140 1099 1229 ὑπάρχειν,
1117 1149 1165 1209 ἐί
1188 1168 1224 1227 γε
1253 1140 1294 1229 δὴ

150 1249 204 1318 καὶ
227 1252 266 1337 τῇ
289 1251 347 1335 τῆς
369 1253 476 1336 ψυχῆς
499 1249 588 1341 νόσῳ
616 1251 811 1338 προσέοικεν
838 1249 994 1337 ἑκάτερον
1017 1245 1140 1317 αὐτῶν·
1168 1246 1209 1316 τά
1232 1247 1295 1336 γάρ

151 1359 195 1448 τῷ
223 1351 311 1447 αὐτῷ
340 1355 551 1443 παραπλήσια
578 1356 710 1437 πάντως
740 1381 807 1425 που
834 1357 888 1424 καὶ
916 1353 1071 1443 ἀλλήλοις
1098 1356 1165 1422 ἐστὶ
1193 1381 1296 1443 παρα-

151 1461 282 1549 πλήσια.
328 1461 521 1550 Χρύσιππος
544 1463 581 1532 ot
604 1460 814 1552 ἀτοπώτερον
837 1468 883 1531 ἔτι
891 1517 899 1550 ,
929 1463 1011 1550 μηδὲ
1036 1464 1072 1530 ίν
1094 1478 1166 1542 ταῖς
1187 1487 1296 1550 περιο-

152 1573 260 1649 δικαῖς
281 1589 348 1637 τισι
371 1568 486 1650 νόσοις
503 1575 722 1656 καθεστῶσιν,
746 1572 850 1640 ίοονεὶ
873 1576 1030 1657 τριταίων
1053 1566 1073 1659 ἢ
1096 1577 1296 1658 τεταρταίων
1312 1589 1336 1628 ¹⁰

151 1681 313 1764 πυρετῶν,
336 1673 531 1764 ῶμοιῶσθαι
556 1682 738 1782 σργχωρῶν
764 1677 827 1766 τὴν
850 1676 955 1746 νόσον
977 1681 1035 1764 τῆς
1057 1681 1172 1764 ψυχῆς
1216 1675 1295 1806 γρά-

151 1810 206 1921 ρει
230 1787 314 1870 γοῦν
333 1774 412 1852 ῶόε·
437 1767 656 1872 ὑπονοητέον
679 1792 797 1855 τοίνυν
818 1784 881 1873 τὴν
903 1783 965 1873 μὲν
987 1787 1045 1871 τῆς
1068 1787 1174 1872 ψυχῆς
1192 1783 1297 1852 νόσον

151 1888 364 1978 “ὑμοιοτάτην
401 1888 485 1959 εἶναι
522 1897 561 1982 τῇ
591 1896 652 1961 τοῦ
684 1891 835 1980 σώματος
870 1889 1052 1979 πυρετῶὺει
1093 1889 1295 1974 καταστάσει,

153 1995 243 2066 ’καθ’
274 1995 319 2086 ἦν
346 1993 388 2064 οὑ
414 2003 625 2085 περιοδικῶς,
653 1997 736 2068 ἀλλὰ
764 1997 910 2079 ἀτάκτως
939 1997 1073 2084 πυρετοί
1101 1997 1155 2064 καὶ
1179 2012 1295 2085 φρῖκαι

113 2139 127 2156 ·
152 2107 313 2192 ’γίνονται
336 2106 391 2172 καὶ
415 2101 522 2186 ἄλλως
544 2103 607 2174 ἀπὸ
631 2110 689 2193 τῆς
712 2107 896 2185 διαθέσεως
922 2105 974 2172 καί
1000 2107 1129 2191 μικρῶν
1151 2105 1294 2190 ἐπιγινο-
1309 2125 1334 2164 1⁵

152 2212 275 2300 ’μόνον
302 2214 440 2281 aercae!
486 2209 548 2281 οὑκ
575 2209 667 2295 οἶδα,
697 2218 733 2279 τί
762 2239 839 2281 ποτε
873 2211 976 2293 δόξαν
1009 2207 1098 2302 αὑτςό
1130 2237 1209 2290 τους
1235 2211 1297 2299 μὲν

187 2441 325 2512 Seiosve
349 2463 401 2518 pro
424 2439 562 2508 νοσοόσας
585 2446 679 2500 M.-—
707 2437 823 2530 οὑγεία
847 2443 875 2528 M
898 2437 982 2512 ὑγεία
1006 2441 1172 2498 ΑΒΟΙι.-
1196 2436 1296 2527 ὑγείαν

151 2517 240 2574 Μ-
266 2527 282 2574 6
305 2518 354 2573 καὶ
377 2512 499 2588 postet]
523 2535 576 2572 om.
601 2516 698 2571 M.
723 2523 739 2570 9
762 2510 941 2601 ἀτοπιόιερσν
965 2508 1137 2569 MABCb'
1119 2509 1296 2582 ατσπῶτερος

152 2589 246 2644 K.—
280 2597 313 2646 10
342 2589 502 2644 καθεστῶσι
529 2589 616 2642 ΜΑΒ
644 2582 840 2650 καθεστῶσαις
865 2585 939 2642 CbK
967 2585 1145 2640 καθεστῶσιν
1173 2602 1295 2641 nos.-

156 2668 187 2715 11
207 2655 368 2731 ὑμσιῶσθαι
386 2660 423 2715 Μ.
443 2691 476 2700 -

155 2858 295 2923 tantium
327 2860 586 2944 comparaverit?
644 2859 807 2927 Nimirum
836 2881 903 2925 non
934 2858 1094 2942 utrisque,
1129 2859 1185 2922 sed
1217 2858 1296 2924 solis

154 2965 400 3052 aegrotantibus
437 2968 631 3052 corporibus
669 2967 784 3033 iustius
820 2969 890 3030 crat
927 2965 1052 3030 animos
1090 2968 1296 3048 aegrotantes

153 3075 306 3160 conferri,
335 3075 404 3140 ficri
428 3075 515 3140 enim
539 3098 604 3140 non
619 3077 754 3159 ·potcst,
786 3077 822 3136 ut
850 3095 913 3137 una
941 3071 1115 3155 eademque
1142 3094 1207 3154 res,
1235 3071 1297 3136 boc

154 3187 203 3246 est
222 3181 322 3247 animi
342 3182 485 3265 morbus,
507 3183 633 3248 duabus
653 3181 748 3246 rebus
768 3179 950 3262 contrariis,
968 3178 1103 3242 sanitati
1123 3182 1155 3241 et
1174 3177 1298 3260 morbo,

155 3289 375 3354 adsimulctur.
420 3289 506 3354 Nam
530 3290 557 3354 si
581 3293 703 3374 potest,
727 3287 900 3352 sanitatem
923 3307 1048 3370 quoquc
1072 3285 1186 3350 morbo
1209 3284 1296 3348 simi-

153 3394 217 3458 lem
250 3419 321 3460 csse
352 3417 483 3462 necesse
515 3397 589 3480 erit,
622 3397 649 3460 si
683 3394 812 3480 quidem
845 3393 944 3458 animi
978 3393 1093 3457 morbo
1126 3395 1297 3475 utrumque

155 3501 260 3564 simile
284 3505 346 3588 cst;
369 3523 451 3586 quae
475 3503 561 3567 enim
586 3503 689 3567 eidem
713 3503 788 3566 sunt
812 3499 975 3584 aequalia,
1001 3501 1143 3564 interae
1171 3521 1297 3584 quoque

155 3607 265 3692 utiquc
294 3609 442 3693 aequalia
466 3631 536 3674 esse
564 3608 771 3674 manifestum
799 3611 857 3672 est.
835 3605 948 3672 tat
934 3605 1230 3690 tGhrysippust
1198 3605 1297 3669 ciem

155 3713 340 3797 absurdius,
367 3715 422 3798 qui
450 3737 490 3778 ne
518 3713 559 3778 iis
587 3715 732 3799 quidem,
765 3715 819 3800 qui
848 3713 1020 3798 periodicis
1044 3712 1181 3796 morbis,
1210 3712 1300 3776 velut

153 3819 304 3884 tertianis
322 3821 373 3884 vel
387 3821 555 3904 quartanis
573 3821 728 3904 febribus,
746 3823 906 3903 laborant,
925 3819 1177 3903 comparandum
1198 3819 1299 3884 animi

155 3927 304 3991 morbum
328 3927 483 3992 concedit.
526 3927 578 3992 Ita
602 3929 687 3992 enim
707 3927 834 3992 scribit:
872 3925 1202 4012 ‘Intellegendum
1226 3925 1299 4011 igi-

155 4140 312 4206 culosae
345 4139 637 4224 constitutioni,
675 4163 749 4226 qua
782 4163 859 4207 nou
892 4143 998 4206 certo
1032 4139 1193 4225 quodam
1226 4137 1298 4202 cir·

155 4246 277 4330 cuitu,
309 4247 373 4311 scd
405 4245 626 4311 inordinate
659 4247 784 4313 febres
818 4251 856 4310 et
883 4245 1064 4311 horrores
1097 4245 1298 4330 ingruunt,

155 4353 388 4438 praesertim
410 4375 453 4416 ex
477 4351 689 4420 effectione
718 4354 850 4438 alique
879 4355 916 4416 et
942 4351 1095 4416 levibus
1120 4352 1298 4417 accedeu-

154 4459 261 4525 tibus
285 4458 432 4526 causis!
477 4459 607 4546 Nescio,
629 4459 706 4544 quid
729 4460 859 4526 tandem
883 4481 999 4525 causae
1022 4457 1130 4544 fuerit,
1153 4481 1209 4524 cur
1233 4481 1298 4544 eos,
