3246 5148
884 409 925 480 ςς
973 447 1014 462 ..

329 573 553 644 vertebrarum
575 577 780 661 processibus
804 576 930 659 fractis,
959 599 976 640 e
1004 575 1120 660 quibus
1146 575 1255 657 spinae
1281 595 1405 640 stimmo
1429 595 1485 640 aa·

330 687 478 750 lubcrolio
507 686 620 768 cristil,
653 707 751 750 cavus
785 705 822 747 ao
854 683 1025 767 depressus
1057 683 1148 747 locus
1182 681 1345 747 cernitur.’
1391 681 1483 747 Aliis

332 793 413 857 locis
433 790 623 856 Charterius
646 792 780 856 lacunas
803 789 964 854 vidit'ille
988 789 1130 874 quidem,
1154 789 1210 853 sed
1233 789 1319 852 male
1341 788 1394 852 vel
1417 811 1488 854 non

333 899 413 962 satis
443 898 658 983 probabiliter
688 897 860 982 supplevit.
906 896 952 961 Ut
982 896 1068 959 enim
1098 895 1181 960 nihil
1212 896 1279 960 iam
1308 894 1417 958 dicam
1447 895 1487 958 de

331 1006 412 1070 locis
436 1006 653 1090 detruncatis,
676 1005 731 1089 qui
754 1004 789 1067 in
807 1003 854 1067 ed.
872 1001 998 1067 Kuehn.
1022 1025 1076 1086 pp.
1094 1001 1160 1066 495
1179 1005 1212 1066 et
1230 1001 1296 1066 520
1314 1001 1487 1066 inveniun-

331 1117 398 1196 tur,
421 1113 459 1176 de
483 1112 601 1195 quibus
625 1111 704 1175 satis
728 1110 965 1193 disputavimus
989 1109 1024 1173 in
1042 1108 1243 1194 Programm.
1262 1111 1363 1173 nostr.
1381 1107 1411 1192 l,
1435 1109 1488 1172 17.

335 1220 375 1283 18
400 1215 622 1304 (coll.11,22
647 1213 746 1302 adn),
768 1215 824 1280 ille
846 1239 877 1302 p.
897 1216 962 1280 524
985 1219 1061 1299 post
1083 1215 1139 1298 in.,
1163 1215 1219 1279 ubi
1243 1213 1386 1280 Galenus
1410 1215 1488 1278 stir·

332 1326 423 1410 pium
442 1323 686 1410 generationem
701 1344 863 1407 exponens
878 1322 972 1386 illum
985 1322 1107 1405 locum,
1125 1321 1209 1385 unde
1224 1344 1352 1386 sursum
1366 1322 1488 1404 trunci,

333 1432 483 1497 deorsum
506 1431 625 1495 radicis
649 1429 741 1514 origo
765 1430 836 1512 fiat,
858 1429 1055 1513 principium
1075 1431 1109 1492 et
1126 1431 1216 1493 ortus
1240 1431 1273 1491 et
1290 1427 1486 1492 incrementi

334 1538 484 1602 omnibus
509 1537 621 1620 stirpis
644 1535 793 1619 partibus
813 1557 883 1599 esse
908 1538 1004 1619 atque
1024 1535 1097 1600 inde
1116 1557 1202 1619 eam,
1225 1556 1308 1618 quae
1332 1535 1487 1599 arborem

230 1675 234 1684 ·
331 1648 439 1729 regat,
471 1643 626 1708 virtutem
657 1642 910 1727 facultatemque
942 1642 1104 1726 proficisci
1136 1641 1351 1725 demonstrat,
1383 1642 1486 1706 verba

334 1750 503 1834 scriptoris
527 1749 562 1814 in
583 1748 670 1812 hunc
691 1748 823 1813 modum
842 1747 956 1812 edidit:
978 1759 1117 1813 κινεῖται
1140 1745 1202 1831 μὲν
1225 1737 1288 1812 οὖν
1311 1744 1370 1823 τὰς
1388 1746 1487 1811 ἐναν-

332 1860 405 1933 τίας
426 1852 572 1940 κινήσεις
594 1851 651 1940 (sc.
674 1848 694 1937 ἡ
719 1855 894 1919 διοικοῦσα
918 1849 955 1919 τὸ
985 1852 1129 1938 δένδρον
1153 1851 1324 1938 δύναμις),
1352 1855 1399 1930 εἰς
1421 1851 1486 1938 μέν

333 1962 370 2029 τὸ
397 1958 485 2028 κάτω
513 1959 569 2026 καὶ
595 1985 632 2026 το
661 1957 769 2043 βάθος
797 1962 856 2045 τῆς
885 1962 945 2044 γῆς
974 1963 1012 2024 έν
1041 1984 1076 2025 τε
1105 1962 1150 2050 τῷ
1180 1963 1387 2044 κατασχίζειν
1413 1957 1486 2025 τὸν

333 2066 505 2153 βλαστὸν
531 2067 760 2151 πολυμερῶς
787 2068 834 2142 είς
860 2061 1006 2142 πολλὰς
1032 2061 1091 2141 τάς
1113 2061 1244 2150 πρώτας
1271 2065 1361 2148 ῥίζας
1383 2061 1485 2144 αὐξά-

333 2199 407 2240 νειν
425 2169 659 2261 ἀρχομένας,
679 2175 726 2249 εἰς
744 2170 780 2236 δέ
799 2168 836 2237 τὸ
857 2167 926 2237 άνω
945 2169 1090 2249 κλάδους
1107 2171 1170 2257 μέν
1183 2197 1275 2249 τινας
1288 2167 1485 2256 άποφύου-

334 2299 399 2347 σιν
426 2283 487 2348 τοῦ
510 2278 696 2365 στελέχους,
725 2278 872 2355 ἐκείνους
899 2274 930 2343 δ’
957 2269 1058 2354 αὖθις
1084 2281 1129 2356 είς
1155 2276 1287 2364 ἑτέρους
1314 2283 1486 2364 σχίζουσιν

333 2387 427 2473 μέχρι
450 2389 518 2453 τῶν
542 2384 689 2472 έσχάτων
707 2383 762 2451 καὶ
782 2381 989 2451 λεπτοτάτων
1007 2386 1170 2468 βλαστών.
1202 2385 1273 2462 Qua
1287 2387 1321 2450 in
1335 2387 1485 2452 oratione

333 2494 416 2560 nihil
437 2496 506 2560 fere
531 2495 602 2560 sani
626 2516 696 2558 esse
719 2494 927 2578 perspicuum
955 2495 1086 2556 estnec
1109 2496 1220 2557 tamen
1241 2492 1368 2558 Kuehn
1391 2493 1485 2558 dubi-

333 2603 418 2666 tavit
441 2625 513 2666 eam
536 2601 688 2684 recipere.
734 2600 818 2677 Quid
841 2599 958 2664 MAB?
987 2599 1143 2682 scriptum
1171 2598 1295 2663 habent
1321 2601 1358 2663 έν
1380 2623 1414 2664 τε
1437 2601 1484 2687 τῷ

333 2711 539 2791 κατασχίζειν
561 2709 609 2783 είς
630 2703 753 2771 πολλὰ
776 2701 836 2781 τὰς
862 2701 993 2790 πρώτας
1020 2703 1109 2786 ῥίζας
1132 2699 1304 2787 αὐξάνειν,
1331 2706 1484 2790 deinceps

335 2813 442 2897 spatio
462 2813 496 2878 in
510 2813 545 2878 M
562 2812 731 2878 duodecim
744 2812 812 2876 fere
826 2812 1024 2896 litterarum,
1047 2811 1081 2875 in
1095 2811 1153 2876 AB
1172 2812 1291 2896 viginti
1310 2835 1366 2876 sex
1379 2835 1484 2877 vacuo

334 2919 448 2985 relicto
479 2921 526 2995 είς
555 2915 592 2984 δέ
621 2917 658 2984 τὸ
687 2914 757 2983 άνω
785 2914 929 2994 κλάδους
955 2915 1017 3001 μέν
1043 2940 1136 2992 τινας
1163 2913 1248 3002 (τισί
1267 2917 1316 3004 Μ)
1345 2912 1483 3001 ἀποφύ-

335 3043 478 3092 σουσιν
501 3023 565 3090 καὶ
592 3023 764 3110 στελέχους
787 3021 873 3110 (AB;
901 3027 978 3107 post
1003 3026 1074 3087 τισί
1092 3023 1127 3087 Μ
1155 3028 1237 3107 spat.
1264 3047 1403 3089 vacuum
1426 3048 1483 3091 no-

334 3156 407 3198 vem
437 3133 505 3196 fere
536 3132 720 3197 litterarum
752 3131 866 3214 habet,
897 3130 1011 3193 deinde
1043 3127 1237 3217 στελέχους).
1282 3129 1360 3196 Inde
1392 3132 1482 3196 vides

335 3237 555 3322 Charterium,
582 3237 919 3325 praeterquamquod
943 3237 1009 3300 alia
1032 3238 1149 3302 menda
1175 3237 1252 3302 huic
1280 3237 1353 3303 loco
1376 3239 1482 3302 inesse

332 3368 398 3412 non
417 3346 597 3431 perspexit,
619 3347 720 3411 verba
736 3341 797 3410 τὸν
816 3339 962 3427 βλαστὸν
979 3343 1173 3427 πολυμερῶς
1187 3366 1245 3408 suo
1259 3343 1365 3408 Marte
1380 3345 1481 3408 incul-

334 3475 423 3517 casse
452 3456 484 3517 et
512 3453 553 3516 ad
580 3452 773 3535 explendam
799 3451 951 3516 lacunam
978 3455 1054 3534 post
1082 3443 1240 3528 αὐξάνειν
1267 3455 1373 3514 ortam
1399 3451 1481 3514 illud

333 3552 517 3642 ἀρχομένας
538 3557 726 3642 inseruisse,
749 3580 883 3642 prorsus
907 3579 1091 3643 perperam,
1118 3561 1156 3621 ut
1178 3579 1274 3622 nemo
1296 3579 1364 3622 non
1387 3558 1481 3621 intel·

333 3664 424 3748 legit
460 3664 567 3728 Aliter
586 3662 761 3729 (lornarius
784 3664 892 3742 locum
909 3664 1055 3729 restituit
1076 3686 1135 3728 nec
1158 3663 1287 3727 frustra
1317 3661 1482 3728 Intactum

335 3770 422 3834 enim
445 3771 578 3854 reliquit
601 3772 638 3834 ἔν
660 3793 694 3834 τε
716 3770 761 3859 τῷ
780 3774 986 3854 κατασχίζειν
1008 3773 1055 3846 είς
1072 3766 1177 3834 πολλὰ
1201 3765 1259 3846 τὰς
1280 3767 1412 3854 πρώτας
1435 3771 1483 3856 ῥί-

336 3881 391 3955 ζας
414 3879 447 3940 et
469 3877 671 3941 continuavit
692 3875 755 3941 καὶ
780 3876 821 3941 έν
843 3878 892 3965 τῷ
917 3872 1105 3955 αὐξάνειν
1128 3873 1194 3952 τὰς
1217 3871 1351 3959 αὐτὰς,
1375 3879 1422 3953 είς
1446 3875 1481 3941 δὲ

334 3978 372 4048 τὸ
396 3977 466 4046 ἅνω
494 3978 638 4059 κλάδους
664 3979 727 4066 μέν
753 4007 846 4060 τινας
873 3978 1093 4068 άποφάσουσα
1121 3981 1157 4069 (l.
1184 3977 1399 4070 άκοφύουσα)
1427 3983 1481 4049 καί

336 4087 508 4174 στελέχους
540 4085 615 4174 (τοῦ
645 4105 693 4154 στ.
722 4090 837 4155 melius
869 4089 994 4177 Ohart.)
1021 4115 1049 4154 κ.
1076 4114 1102 4154 τ.
1130 4094 1173 4166 λ.;
1206 4090 1241 4154 in
1273 4090 1482 4174 sequentibus

337 4197 468 4282 scripsit
495 4198 651 4280 σχίζουσα
677 4218 738 4280 pro
766 4200 934 4281 σχίζουσιν
960 4197 1023 4262 hoo
1052 4220 1161 4262 sensu:
1198 4194 1388 4262 ‘Contrario
1416 4199 1483 4282 agi-

335 4305 426 4367 tatur
448 4306 539 4368 motu
562 4304 713 4369 deorsum
735 4305 771 4368 in
793 4307 915 4368 terram
937 4303 1061 4388 primas
1088 4305 1212 4368 radices
1240 4306 1311 4367 tum
1339 4304 1482 4369 multifa-

336 4409 420 4473 riam
449 4409 598 4474 scindens
625 4415 696 4477 tum
723 4410 852 4475 easdem
880 4431 1015 4500 augens,
1045 4433 1173 4475 sursum
1200 4433 1309 4476 ramos
1337 4433 1354 4474 e
1382 4411 1483 4495 stirpe
