3296 5150
653 449 892 513 -379-

198 599 400 692 ’ἀσχήμονας
417 604 549 693 πράξεις
568 605 754 676 ἐπιδιδόναι
773 611 831 695 τῆς
848 607 931 697 πρὸς
948 613 969 692 †
987 607 1113 694 θέατρα
1131 608 1239 694 φορᾶς
1253 605 1344 673 ἐκλο-

198 714 336 802 λδείσης.
386 706 457 790 eloe
483 715 630 800 εἰσῆκται
656 715 711 784 καλ
739 719 783 808 τῷ
811 713 978 806 Εὐριπίδῃ
1007 711 1025 784 δ
1050 713 1235 792 Μενέλαος·
1263 732 1343 780 σπα-

199 817 354 907 ’σολμενος
388 819 453 907 γδιρ
489 818 552 907 τὴν
588 818 755 912 μάχαιραν
791 824 925 911 φέρεται
958 823 1009 891 ε’πλ
1041 820 1104 909 τὴν
1129 817 1269 906 Ἑλένην
1299 815 1345 899 ὡς

198 923 417 1016 ’ἆναιρήσωη
442 926 526 996 ἰδὼν
549 928 585 996 δὲ
608 929 663 997 καλ
690 932 907 1018 καταπλαγεὶς
934 935 981 1010 είς
1007 927 1044 997 τὸ
1073 926 1192 1006 κάλλος
1215 928 1345 1013 ἐξέβαλε

198 1035 272 1122 ἤην
294 1033 469 1123 μάχαιραν,
493 1032 571 1104 οὐδὲ
590 1035 712 1124 ταύτης
729 1043 775 1105 ἔτι
800 1037 987 1126 δυνάμενος
1008 1051 1153 1124 κρατεῖν,
1176 1033 1266 1103 καθὰ
1289 1034 1371 1102 καλό

199 1143 231 1224 ‘†
255 1137 275 1228 ἡ
300 1143 467 1230 ἕπίπληξις
490 1140 592 1231 αὐτῆς
614 1153 745 1231 εἴρηκεν
768 1143 856 1237 αὐτῷ

244 1247 305 1316 ’σὺ
328 1245 359 1317 δ’
385 1247 430 1328 ὡς
453 1251 576 1330 ἐσεῖδες
598 1251 740 1338 μαστόν,
764 1251 912 1340 ἐκβαλὼν
936 1254 1030 1338 ξίφος

244 1353 375 1443 “φίλημ’
402 1357 500 1438 ἐδέξω
525 1357 685 1445 προδότιν
708 1359 875 1428 αἰκάλλων
897 1359 1002 1428 κύνα.’

199 1459 329 1531 ἅπαντα
352 1473 477 1551 εἴρηται
502 1460 615 1551 ὀρδῶς
636 1469 681 1557 τῷ
707 1473 904 1558 Χρυσίππῳ,
931 1467 1065 1554 μάχεται
1090 1465 1127 1533 δὲ
1154 1469 1199 1558 τῷ
1222 1471 1346 1552 κρίσεις

200 1567 286 1638 εἶναι
318 1569 358 1638 τὰ
389 1570 493 1658 πάδη.
546 1579 663 1659 κρίνας
694 1578 778 1662 γοῦν
811 1573 828 1644 ὁ
857 1576 1031 1653 Μενέλαος
1062 1570 1252 1640 ἀποκτεῖναι
1283 1570 1345 1658 τὴν
1361 1592 1385 1630 10

194 1674 333 1766 Ἑλένην
356 1680 410 1746 καλ
434 1678 645 1768 σπασάμενος
671 1681 708 1750 τὸ
738 1685 847 1769 ξίφος,
876 1680 987 1768 ἐπειδὴ
1015 1685 1157 1766 πλησίον
1184 1670 1263 1765 ἧκεν
1287 1675 1345 1746 αὐ-

199 1789 267 1873 τῆς,
291 1786 461 1872 ἐκπλαγεὶς
487 1790 548 1854 τοῦ
575 1786 718 1868 κοίλλονς
750 1787 806 1857 διὰ
833 1787 895 1877 τὴν
918 1787 1058 1856 ἀτονίαν
1086 1788 1140 1855 καλ
1165 1782 1346 1854 ἀσθένειαν

199 1896 258 1978 τῆς
280 1897 401 1981 ψυχῆς,
428 1897 527 1962 τοῦτο
552 1893 616 1982 γάρ
639 1896 746 1982 ἐστιν,
775 1893 793 1965 δ
816 1895 1046 1977 κατασκευάζει
1070 1891 1158 1981 παρὰ
1181 1891 1263 1961 ὅλον
1285 1891 1345 1960 τὸν

200 1997 302 2085 λόγον
326 1997 344 2068 ὁ
370 1999 577 2087 Χρύσιππος,
601 1998 642 2069 οὐ
664 2002 772 2090 μόνον
796 2001 956 2090 ἀπέρριψε
983 2000 1020 2069 τὸ
1046 2003 1155 2086 ξίφος,
1183 1997 1266 2068 ἀλλὰ
1289 2001 1344 2068 καλ
1361 2020 1385 2058 1⁴

200 2114 375 2192 καταφιλεί
394 2103 456 2194 τὴν
474 2123 618 2195 γυναῖκα
640 2109 731 2199 uadi
759 2108 868 2196 ὥσπερ
887 2105 929 2177 διν
948 2118 1034 2177 εἴποι
1057 2135 1116 2192 τις,
1139 2104 1244 2176 αὑτὸν
1267 2111 1413 2178 δοῦ-406

237 2293 251 2340 1
271 2283 382 2352 θέατρα
401 2289 570 2357 corruptum.
592 2319 624 2328 -
645 2295 661 2344 6
680 2306 731 2358 pro
750 2283 767 2356 ἡ
789 2283 933 2356 ἐπίπληξις
951 2281 1040 2355 αὐτῆς
1058 2287 1207 2356 legandum
1225 2285 1347 2340 arbitror

201 2351 376 2425 ἐπιπλήττων
400 2352 415 2412 δ
445 2361 474 2412 Π
492 2355 564 2421 lade.
595 2389 626 2400 -
655 2366 669 2413 7
700 2355 733 2414 ori
763 2355 794 2413 δ’
824 2353 862 2420 oie
891 2359 926 2413 cf.
952 2359 1037 2414 Andr.
1068 2377 1110 2412 vv.
1136 2363 1195 2412 629.
1221 2364 1281 2412 630.
1311 2387 1344 2396 -

201 2423 307 2498 μαστὸν
339 2423 450 2497 ἐκείνης
474 2377 605 2502 lupoldo
633 2431 712 2485 codd.
743 2431 805 2484 edd.
836 2425 947 2496 ἐκείνης
981 2429 1064 2484 eiecit
1095 2428 1247 2483 Greenhill.
1272 2428 1344 2494 (Jan.

200 2499 348 2555 Hennensi.
374 2501 493 2570 1‚s·28);
516 2501 654 2556 cf.Pr011.
674 2520 701 2570 ρ.
723 2509 781 2556 ιιι.
803 2533 834 2541 -
864 2496 1023 2556 οιικάιωι
1042 2499 1136 2554 Mla.
1162 2531 1194 2540 -
1222 2505 1254 2554 ιι
1273 2494 1344 2553 σπέ-

200 2583 292 2640 κρνψε
311 2571 349 2626 Μ.
369 2603 400 2612 -
428 2579 460 2628 15
484 2567 573 2628 αὐτὸν
591 2572 695 2628 llssch
714 2566 803 2628 adedo
821 2573 883 2627 ΑΚ.
904 2604 936 2614 -

202 2751 254 2818 iis
274 2753 419 2818 amicos
434 2757 471 2818 et
485 2753 670 2820 civitates
690 2756 894 2840 prodamus
913 2777 1057 2842 nosque
1076 2754 1152 2839 ipsi
1171 2755 1209 2819 in
1224 2753 1346 2818 multa

202 2858 366 2944 flagitia
384 2858 654 2948 ignominiosa
672 2863 911 2928 incurramus
931 2865 951 2942 †
975 2861 1163 2927 theatrali
1185 2861 1256 2926 illo
1276 2861 1345 2926 im·

203 2969 296 3052 petu
324 2968 508 3034 resoluto.
558 2969 665 3035 Talis
694 2970 739 3035 ab
762 2970 950 3056 Euripide
973 2969 1170 3034 Menelaus
1199 2967 1346 3032 induci·

105 3091 108 3098 '
202 3079 277 3158 tur3
310 3075 451 3141 stricto
485 3077 583 3141 enim
616 3099 704 3142 ense
735 3079 774 3142 in
796 3077 981 3142 Helenam
1009 3075 1120 3160 quasi
1148 3075 1346 3140 occisurus

201 3181 343 3268 fertur,
367 3183 432 3248 ubi
451 3187 580 3248 tamen
598 3205 679 3249 cam
698 3185 915 3269 conspexit,
935 3187 1091 3268 stupore
1111 3183 1156 3247 ob
1175 3181 1346 3267 pulchri·

203 3289 375 3355 tudinem
409 3290 503 3355 adeo
536 3295 739 3374 correptus
772 3295 845 3372 cst,
879 3295 921 3355 ut
951 3313 996 3356 ne
1033 3293 1164 3355 tenere
1197 3288 1346 3374 quidem

204 3397 278 3461 iam
306 3396 476 3483 gladium
504 3402 652 3483 posset,
684 3398 749 3462 sed
780 3398 965 3482 abiceret,
994 3397 1097 3462 sicut
1119 3396 1263 3462 'Peleus
1288 3396 1347 3460 ita

206 3524 286 3566 eum
310 3503 501 3590 increpat:

251 3605 472 3694 ‘Postquam
496 3611 668 3697 papillas
693 3613 905 3698 conspicis,
928 3612 1072 3677 ferrum
1096 3610 1257 3695 excidit3

252 3713 452 3798 prodentis
477 3721 648 3785 osculum
672 3720 819 3805 excipis
844 3719 1007 3785 blandus
1031 3715 1161 3783 oanis?

207 3819 298 3886 Haec
317 3823 426 3888 omnia
443 3828 529 3889 recte
549 3849 569 3891 a
588 3824 770 3911 Chrysippo
789 3827 948 3910 dicuntur,
971 3848 1044 3890 cum
1064 3848 1102 3890 eo
1120 3829 1240 3906 tamen,
1262 3824 1347 3909 quod

206 3927 254 3993 ait
277 3927 396 3992 iudicia
423 3951 494 4028 esse
520 3914 794 4016 perturbationes,
823 3935 980 4018 pugnant.
1024 3931 1191 3996 Menelaus
1219 3931 1347 4016 quidem

205 4057 278 4100 curn
302 4035 461 4100 Helenam
484 4037 669 4104 interimere
694 4041 872 4123 statuisset,
896 4039 1010 4105 stricto
1033 4037 1144 4124 gladio
1168 4038 1224 4102 ubi
1247 4060 1348 4122 prope

204 4165 279 4207 eam
309 4143 459 4227 accessit,
496 4145 736 4231 pulchritudine
769 4146 1014 4232 obstupefactus
1049 4145 1091 4210 ob
1125 4145 1348 4211 remissionem

203 4250 295 4315 illam
319 4253 352 4314 ct
375 4251 635 4318 imbecillitatem
660 4253 760 4318 animi
788 4249 835 4339 (id
862 4253 948 4318 enim
971 4255 1041 4317 toto
1064 4251 1222 4316 hocloco
1246 4247 1349 4334 Chry-

204 4357 317 4443 sippus
341 4360 480 4443 probare
504 4359 626 4446 studet)
653 4382 720 4426 non
746 4359 843 4425 modo
870 4357 1016 4445 gladium
1039 4357 1172 4442 abiecit,
1202 4357 1257 4422 scd
1280 4379 1348 4422 mu·

202 4464 314 4530 liorem
333 4465 538 4530 deosculatus
558 4469 608 4530 est
627 4487 722 4552 seque
740 4466 859 4551 ipsum,
877 4469 915 4530 ut
934 4464 1053 4552 aliquis
1073 4464 1200 4550 dixerit,
1219 4486 1347 4530 servum
