3296 5150
792 399 1034 464 -374-

386 559 435 624 ‘ee'
453 555 527 623 τινά
551 560 587 623 oi
607 553 672 622 σὺν
694 559 793 641 μῆτιν
815 553 971 644 ἀμύμονα
994 556 1196 644 τεκτήναιτο.

385 662 471 751 ’ἥτις
493 661 684 743 ἀλεξίκακος
705 667 808 730 πᾶσιν
832 673 997 732 Δαναοῖσι
1022 666 1181 751 γένοιτο.1

274 771 421 850 wl‘daei
452 769 486 836 di
520 771 573 836 καὶ
604 767 704 849 αὐτος
732 768 749 837 ὁ
781 773 919 858 Νέστωρ
947 773 1157 860 θεασάμενος
1185 772 1241 839 διὰ
1269 776 1327 859 της
1358 770 1484 860 ὄρφνης

342 877 531 964 ‘adpendere
553 877 735 962 προσιόντα
753 884 802 957 τίς
825 880 916 947 ἐστιν
939 882 1095 970 έτιερωτᾷ,
1119 880 1271 966 ὸηλιάσας
1293 878 1373 968 μετά
1395 906 1485 957 τινος

314 986 571 1070 ε’σχετλιασμοῦ
594 1005 676 1069 φησι

386 1091 561 1178 ‘strigosus
585 1083 659 1176 dd’,
683 1093 751 1158 ἐπεὶ
776 1091 817 1159 οὔ
840 1119 894 1180 μοι
920 1091 969 1161 ἐπ’
996 1094 1116 1183 ὄμμασι
1143 1096 1293 1184 νήὸυμος
1316 1094 1421 1174 ὕπνος

386 1197 521 1282 (ίζάυει,
544 1196 627 1265 ἀλλὰ
651 1201 740 1286 μέλει
764 1200 906 1286 πόλεμος
928 1203 981 1268 καί
1007 1200 1098 1289 κήδε’
1122 1200 1270 1289 Ἀχαιῶν.

386 1307 505 1383 ‘alveis
527 1304 590 1392 γὰρ
615 1310 762 1373 Δαναῶν
785 1311 969 1394 περιὸείὸια
993 1307 1076 1377 οάὸέ
1095 1338 1149 1396 μοι
1177 1303 1256 1397 ἦτορ

387 1413 558 1499 Ἱμττεὸον,
582 1410 654 1480 ἀλλ’
680 1410 923 1500 ἀλαλύκτημαι,
946 1422 1066 1504 κραδίη
1091 1419 1130 1484 ὸέ
1150 1445 1206 1505 μοι
1231 1421 1291 1498 ἔξω

304 1551 328 1586 ιο
388 1521 559 1604 ’στηθέων
582 1519 776 1607 έκθριάσκει,
799 1524 927 1608 τρομέει
953 1520 984 1589 d'
1011 1522 1074 1592 ὑπὸ
1099 1531 1242 1612 φαίδιμα
1265 1525 1363 1611 γυῖα]

343 1628 386 1692 ἐί
407 1625 469 1712 μὲν
493 1626 534 1713 di]
558 1625 620 1713 τήν
642 1631 785 1712 καρδίαν
813 1630 1035 1718 σειλενόμευος
1062 1631 1168 1712 οὕτως
1193 1630 1259 1701 ὑπὸ
1289 1637 1351 1701 τοῦ
1377 1633 1489 1719 φόβον

344 1733 486 1818 ’πάρεισι
506 1734 848 1821 συμβουλευσόμενος,
872 1741 907 1804 οί
923 1739 960 1804 έν
978 1755 1047 1818 τοῖς
1065 1740 1209 1806 κάθεσιν
1231 1738 1325 1819 ὄντες
1348 1737 1389 1807 οὐ
1407 1738 1488 1806 κατὰ

343 1836 453 1920 ἀξίαν
474 1844 543 1906 τῶν
561 1841 819 1928 συμβεβηκότων
841 1843 1003 1929 καθήκειν
1027 1853 1214 1933 νομίζοντες
1236 1847 1364 1932 μηδένα
1387 1845 1490 1932 λόγον

344 1952 556 2032 *προσίεσθαι
584 1953 755 2015 κινοῦνται
783 1949 865 2017 κατά
892 1950 932 2018 τά
960 1952 1068 2038 τιάθη·
1101 1958 1132 2019 εί
1158 1953 1194 2020 δὲ
1222 1955 1336 2039 μηκέτι
1363 1952 1490 2038 φοβού-

345 2055 467 2141 μενος,
491 2051 739 2143 ἀνανεούμενος
762 2057 797 2123 di
822 2056 861 2125 τὰ
886 2059 923 2125 έν
945 2063 989 2150 τῷ
1013 2059 1109 2149 φόβῳ
1132 2059 1234 2127 ταῦτά
1258 2081 1357 2147 φησι,
1379 2059 1435 2126 διὰ
1458 2066 1495 2127 τί

383 2242 393 2286 1
416 2230 577 2302 τεκτήναιτο
601 2236 801 2290 nauch.-
827 2245 842 2292 λ
868 2239 957 2291 πᾰοια
976 2239 1036 2304 (sie)
1056 2239 1145 2291 M.-
1174 2246 1189 2292 3
1213 2233 1302 2325 ὁρμῆς
1324 2239 1403 2292 codd.
1426 2239 1492 2294 edd.

344 2301 453 2391 ὄρφνης
469 2324 529 2369 ιιοος
549 2307 584 2361 ef.
600 2309 685 2361 Proll.
700 2328 727 2377 p
743 2317 836 2363 89.-
858 2310 928 2364 le
944 2311 977 2375 X,
993 2317 1059 2364 91-
1065 2318 1155 2363 95·-
1182 2309 1282 2377 8κερι
1296 2312 1389 2364 δείδια
1404 2310 1441 2363 Μ.
1458 2341 1490 2349 -

345 2385 361 2432 9
390 2372 453 2430 ἀλλ’
484 2374 642 2447 ἀλύκτημαι
671 2380 744 2433 MCh
773 2376 842 2433 ἀλλά
870 2378 1007 2450 λυκτημαι
1037 2382 1158 2435 AB.-
1190 2388 1221 2434 10
1250 2381 1371 2435 στιθέωυ
1395 2381 1431 2434 Μ.
1458 2413 1492 2421 —-

347 2456 376 2503 11
399 2441 481 2510 οὗτος
501 2450 588 2502 M.—
617 2458 647 2504 12
672 2447 788 2518 πάρεστι
809 2453 888 2506 codd
912 2453 972 2506 edd.
994 2449 1106 2518 κάρειοι
1130 2471 1246 2506 noa—
1272 2460 1304 2507 13
1323 2448 1448 2519 καθήκει
1468 2455 1493 2506 Α

346 2516 488 2587 καθήκειν
507 2520 535 2572 Μ
555 2521 635 2575 Corn.
655 2552 687 2562 —

392 2725 590 2786 quaerere,
614 2726 686 2787 qua
710 2704 883 2768 afflictis
907 2706 1023 2768 rebus
1048 2709 1250 2789 praestare
1274 2706 1438 2771 salutem

392 2810 605 2893 perniciem
630 2814 667 2874 et
690 2817 828 2894 posset
851 2813 1002 2876 cunetis
1028 2816 1202 2877 avertere
1227 2811 1394 2876 Graecis.

349 2914 516 3002 Cumque
538 2917 682 2982 Nestor
710 2919 793 3002 ipse
818 2918 863 2982 ad
894 2941 933 2982 se
961 2920 1097 3002 procul
1126 2942 1193 3003 per
1220 2920 1401 2984 tenebras
1429 2921 1498 2986 ad-

348 3029 570 3088 ventantem
593 3026 760 3090 vidisset
784 3031 911 3109 atque,
939 3025 1022 3109 quis
1047 3030 1165 3108 esset,
1192 3025 1501 3111 interrogasset,

349 3132 583 3216 Agamemno
616 3133 652 3196 id
684 3133 836 3216 aperuit
868 3135 905 3195 et
938 3155 1019 3197 eum
1047 3133 1207 3217 quadam
1241 3133 1499 3200 miseratione

348 3239 459 3304 dixit:

395 3347 450 3410 sie
474 3369 572 3429 erro,
596 3370 716 3432 neque
740 3349 840 3412 enim
865 3348 1007 3434 mulcet
1030 3370 1111 3412 mea
1132 3346 1280 3412 lumina
1304 3371 1475 3433 somnus,

396 3454 460 3518 sed
483 3453 589 3519 bello
613 3455 794 3540 exagitor
817 3453 1050 3519 Graecorum
1075 3456 1113 3518 et
1135 3455 1244 3518 elade
1267 3455 1422 3521 recenti.

394 3560 488 3626 Nam
513 3560 659 3626 Danais
685 3563 795 3628 valde
819 3563 935 3628 timeo
959 3584 1026 3627 nec
1051 3584 1154 3625 mens
1178 3561 1273 3625 mihi
1296 3563 1410 3628 firma

396 3672 459 3731 sat
482 3673 610 3733 manet
634 3693 675 3734 ae
698 3672 873 3754 trepidet
896 3669 1023 3734 dubiis
1046 3669 1086 3733 in
1109 3669 1226 3733 rebus
1251 3673 1288 3733 et
1310 3669 1437 3754 ipsum

395 3796 462 3840 eor
486 3776 640 3858 pavitat
664 3778 907 3861 latebrisque
931 3799 948 3840 e
972 3776 1144 3860 pectoris
1169 3777 1287 3842 exilit
1309 3775 1395 3841 imis

396 3881 667 3967 deficiuntque
692 3884 786 3948 mihi
809 3884 985 3949 venienti
1010 3906 1120 3947 crura
1142 3888 1318 3950 tremore.

353 3987 496 4064 Quodsi
521 3990 635 4054 eorde
659 3991 715 4054 sie
743 3996 904 4076 propter
932 3991 1109 4054 timorem
1139 3991 1305 4055 saliente
1333 3991 1378 4056 ad
1407 4014 1507 4056 eon-

354 4095 573 4160 sultaudum
598 4098 761 4182 aceedit,
785 4099 827 4182 ii,
856 4098 981 4183 quiin
1008 4098 1370 4182 perturbationibus
1395 4103 1510 4182 sunt,

352 4224 425 4266 non
451 4203 657 4286 opinantes
681 4227 750 4289 pro
772 4228 913 4287 eorum,
936 4228 1034 4290 quae
1054 4204 1282 4288 acciderint,
1306 4205 1510 4290 magnitu-

354 4309 441 4373 dine
469 4311 675 4375 eonrenire
702 4310 850 4376 nullam
883 4313 1089 4376 admittere
1122 4312 1314 4377 rationem
1342 4316 1509 4396 pertur-

354 4417 582 4481 bationibus
619 4423 833 4504 moventur3
871 4420 904 4484 si
935 4441 1009 4484 non
1042 4420 1208 4504 amplius
1241 4419 1396 4498 timens,
1433 4422 1510 4486 sed
