3300 5146
610 455 849 521 ..261-

151 612 275 702 δόγμα,
297 611 352 680 καί
375 609 435 680 τὸν
458 610 658 700 Χρύσιππον
681 608 769 682 οὗτοι
792 616 1017 701 πειρασθῆναι
1039 611 1076 682 τὸ
1100 617 1162 682 τοῦ
1187 613 1302 701 Ζήνω-

151 747 211 800 νος
232 715 404 800 ἀποδείξαι
426 719 481 788 καὶ
505 717 549 807 μὴ
568 723 698 806 πλῆθος
721 719 810 787 ἐπάν
827 719 1062 808 παραγράφειν
1088 721 1120 802 ἐξ
1144 716 1303 790 ἁπάντων

151 832 219 895 τῶν
249 829 398 914 ποιητῶν
430 826 607 912 ἐκλέγοντα
640 825 846 894 δεικνύντων
877 821 984 914 ὀργὴν
1013 827 1068 895 καὶ
1100 825 1215 915 θυμόν
1246 828 1301 896 καὶ

152 933 263 1022 φόβον
283 932 340 1001 καὶ
364 936 493 1002 δειλίαν
514 932 570 1000 καὶ
588 931 717 1020 θράσος
739 931 794 1000 καὶ
812 931 943 1020 θάρσος
965 933 1020 1001 καὶ
1037 940 1216 1022 καρτερίαν
1238 931 1335 1002 ὅσαι

151 1068 185 1109 τε
208 1038 291 1109 άλλα
313 1042 452 1109 τοιαῦτα
473 1037 514 1107 τά
537 1039 599 1126 μὲν
622 1040 788 1126 ἐνεργείας
810 1035 904 1117 τινὰς
927 1036 1025 1124 εἶναι,
1046 1040 1050 1129 t
1069 1038 1110 1108 τὰ
1134 1039 1171 1109 δὲ
1193 1039 1369 1129 madri-eus

151 1175 237 1237 ματα
263 1149 322 1235 τῆς
348 1149 497 1234 καρδίας.
541 1152 576 1214 τί
599 1143 664 1233 γάρ
691 1141 780 1237 αὐτῷ
804 1142 960 1230 βούλεται
987 1147 1080 1214 παντί
1107 1145 1148 1214 τὰ
1176 1150 1237 1233 ἔπη
1260 1147 1300 1216 τά

153 1257 186 1338 ἐξ
203 1252 349 1343 Ὀμήρου
371 1254 626 1342 συνειλεγμένας
721 1333 723 1340 Α

474 1361 610 1448 *κραδίη
635 1358 676 1428 δέ
696 1361 732 1428 οί
751 1363 853 1429 ἔνδον
874 1357 1028 1432 dirimet?

153 1475 213 1538 καί

196 1577 337 1664 ’στῆθος
360 1576 397 1645 δὲ
420 1574 544 1664 πλήξας
565 1579 709 1662 κραδίην
730 1572 872 1664 ἠνίπαπε
896 1573 1011 1666 μάθοι·
1315 1599 1341 1636 ιο

197 1683 347 1752 ’τέτλαθι
371 1682 425 1770 δή,
448 1687 582 1770 κραδίη·
605 1682 661 1750 καὶ
684 1681 846 1770 κύντερον
869 1678 950 1750 ἄλλο
974 1678 1047 1751 ποτ’
1073 1685 1187 1770 ἔτλης]

152 1795 213 1857 καί

196 1892 257 1976 εὥς
279 1893 390 1964 πυκίν’
417 1898 454 1965 ἐν
476 1896 659 1985 στήθεσσιν
681 1891 906 1984 άναστενάχιζ’
930 1893 1143 1986 Ἀγαμέμνων

197 2001 348 2072 ’νειόθεν
371 2004 408 2071 ἐκ
430 2006 579 2092 κραδίης,
602 2003 677 2091 περὶ
700 2001 765 2091 γάρ
788 2008 839 2072 δίε
862 2003 984 2091 νηυσὶν
1003 2001 1164 2092 Ἀχαιῶν.’

150 2115 210 2178 καί
1313 2132 1339 2173 ιι

195 2213 294 2286 ’άλλά
317 2243 374 2305 μοι
398 2217 567 2286 οίδάνεται
590 2219 710 2305 κραδίη
734 2213 843 2308 χόλῳ]

187 2459 203 2508 2
228 2446 424 2522 παραγραφὴν
446 2451 475 2506 L.
501 2481 533 2492 -·
562 2458 578 2508 3
602 2451 658 2506 τῶν
681 2452 747 2506 ente
770 2449 895 2518 ποιητῶν
921 2465 975 2506 om.
1002 2449 1033 2506 L.
1063 2481 1095 2492 —
1129 2457 1145 2507 δ
1175 2445 1202 2506 τ’
1227 2447 1298 2508 ἄλλα

148 2523 311 2579 MABChK
330 2515 416 2578 τᾶλλα
435 2523 466 2578 L.
486 2555 519 2564 -
544 2531 560 2580 8
583 2523 686 2592 καρδίη
709 2538 759 2592 pro
783 2523 885 2591 κραδίη
904 2521 933 2576 Μ
955 2521 1005 2590 (sic
1025 2522 1155 2593 saepius).
1175 2554 1207 2564 -
1232 2519 1298 2580 εἰλα-

149 2603 213 2652 nst
234 2595 362 2662 LMAB;
387 2595 422 2652 cf.
443 2594 541 2665 Odyss.
561 2595 625 2662 XX,
645 2601 686 2648 13.
705 2623 739 2634 -
765 2600 797 2648 10
819 2587 960 2662 ἠνείπαπε
979 2593 1065 2648 ΙιΜΑ
1085 2587 1229 2662 (η’νείκατε
1249 2596 1297 2666 B);

149 2667 183 2723 ct.
205 2667 302 2738 Odyss.
323 2667 341 2723 l.
361 2667 378 2724 1.
398 2685 442 2722 vv.
464 2672 496 2721 11
516 2669 545 2721 et
565 2672 606 2722 18.
626 2697 659 2706 -
685 2664 769 2735 δνμῶ
793 2680 842 2734 pro
887 2659 951 2736 άθῳ
970 2664 1064 2720 MAB.
1085 2696 1117 2705 —
1144 2672 1175 2720 11
1195 2665 1245 2722 καί
1263 2698 1295 2708 -

780 2730 787 2748 Ι

149 2737 229 2806 ἔτλης
255 2754 310 2794 om.
336 2738 368 2794 L.
393 2769 425 2780 -
454 2745 486 2793 13
514 2739 647 2800 πνκίναις
674 2731 706 2792 ἐκ
738 2739 820 2824 στηδ.
903 2738 1036 2798 ποκίναις
1063 2731 1145 2805 σπη’δ,
1168 2737 1297 2794 ABchK

148 2804 246 2864 πυκίν’
272 2805 303 2864 ἐν
326 2809 363 2878 Ιι;
391 2809 425 2865 οἱ
452 2809 489 2864 Jl.
513 2807 551 2875 X,
575 2816 599 2864 9.
628 2816 677 2864 10..
701 2837 736 2846 -
763 2809 990 2875 αναστεναγίζαν
1013 2807 1045 2862 L.
1075 2838 1106 2848 -
1138 2815 1170 2864 14
1201 2803 1237 2878 δὴ
1265 2805 1296 2864 ἐν

148 2880 248 2950 νηυσίν
266 2879 432 2936 ΜΑΒΟΙιΚ
450 2881 493 2934 δίε
514 2880 614 2948 νηνσλν
632 2879 668 2945 Ιι;
687 2877 722 2933 cf.
736 2877 821 2934 Pron.
840 2896 868 2949 p.
888 2883 930 2934 94.
953 2878 989 2934 Jl.
1009 2877 1057 2948 lx,
1077 2883 1137 2934 488.
1168 2879 1216 2951 xl,
1235 2886 1296 2938 651.

148 2983 184 2994 -
209 2959 241 3008 ro
265 2947 336 3008 oue
355 2971 403 3024 μοι
421 2951 455 3008 cf.
474 2951 510 3008 Jl.
530 2951 578 3019 11,
597 2957 657 3006 σεο.
676 2981 711 2991 -

148 3101 359 3110 ———---.-—

148 3189 260 3275 igitur,
283 3188 408 3274 opinor,
426 3187 497 3272 fuit,
521 3186 790 3272 quemadmodum
808 3185 904 3252 Plato
924 3208 1017 3250 suum
1036 3184 1200 3251 decretum
1223 3211 1297 3271 pro-

148 3296 226 3361 bere
250 3295 387 3378 studuit,
415 3296 464 3359 ite
486 3291 709 3378 Chrysippum
736 3315 862 3378 quoquc
887 3292 1024 3358 Zenonis
1048 3294 1158 3359 conari
1183 3295 1296 3360 confir-

148 3423 238 3466 mere
265 3423 325 3466 nee
353 3405 480 3466 tumtum
509 3421 661 3466 versuum
690 3422 728 3465 ex
757 3399 907 3466 omnibus
935 3400 1042 3484 poetis
1070 3404 1294 3484 excerptorum

148 3509 276 3592 copiam
304 3507 500 3590 adscribere,
532 3507 588 3592 qui
616 3505 761 3572 indicent
789 3507 886 3591 irem,
918 3506 1135 3590 iracundiam,
1162 3509 1295 3590 metum,

146 3613 367 3699 timiditatem,
386 3615 565 3698 audaciam,
582 3613 744 3700 fiduciam,
762 3613 980 3680 constentiam
994 3613 1121 3699 alisque
1140 3613 1173 3678 id
1192 3633 1293 3698 genus

148 3721 269 3806 purtim
293 3721 437 3788 actiones
461 3722 631 3807 quasdem,
654 3723 774 3807 partim
798 3723 931 3787 effectus
955 3721 1061 3788 cordis
1085 3743 1165 3786 esse.
1210 3719 1294 3797 Quid

148 3829 234 3894 enim
258 3828 321 3894 eibi
344 3829 459 3896 volunt
481 3829 516 3893 hi
539 3851 651 3894 versus
676 3851 714 3894 ex
737 3829 880 3895 Homero
904 3829 1054 3894 collecti?

573 3935 641 4003 ‘cor
664 3936 725 4002 sub
749 3939 879 4021 pectore
903 3933 1023 4001 letret'

148 4045 181 4106 et
226 4039 375 4127 ‘pectore
396 4043 582 4128 percutiens
606 4064 662 4109 cor
684 4041 792 4108 verbis
814 4042 963 4128 increpet
984 4041 1089 4108 hisce:

228 4171 296 4234 cor,
318 4150 423 4216 tolero
446 4150 598 4236 graviore
622 4149 704 4215 elios
727 4150 903 4235 peioraque
926 4147 1080 4235 pessum?

148 4260 180 4321 et
226 4255 288 4321 ‘sie
311 4257 377 4322 imo
400 4255 532 4322 Atrides
556 4257 698 4341 suspirie
721 4257 815 4322 corde
838 4255 992 4322 trahebat

228 4364 343 4430 crebra
365 4365 485 4430 timens
509 4364 618 4430 animo
643 4367 786 4451 stragem
808 4365 935 4430 ratibus
958 4359 1167 4429 Danaorum?

147 4473 180 4536 et
225 4471 298 4536 ‘sed
320 4469 402 4536 mihi
424 4471 490 4536 bile
512 4473 618 4536 tumet
641 4469 716 4536 cor?
