3166 5192
577 411 817 474 -517—

116 573 157 658 τῇ
181 575 291 656 διαίτη
320 571 504 654 συνῆφθαι.
550 566 636 636 πολὺ
663 567 727 654 γάρ
756 559 798 654 ήν
826 565 1060 652 πιθανώτερον
1087 565 1129 634 οὐ
1155 567 1262 658 τούτῳ

116 678 162 766 τῷ
181 676 271 764 μέρει
291 677 352 742 τοῦ
372 675 376 760 l
397 673 597 762 γράμματος,
616 671 699 743 ἀλλὰ
717 678 762 766 τῷ
781 675 929 765 προτέρῳ
949 672 1130 742 συνάπτειν
1149 669 1331 760 cicinnos

116 777 201 849 άλλά
225 779 288 867 γάρ
312 779 329 848 ὁ
354 779 579 862 θιασκευάζων
602 779 683 872 ᾤετο
707 780 870 868 λήσεσθαι
893 785 1037 868 μᾶλλον,
1061 785 1090 848 εἰ
1112 783 1156 870 τῷ
1180 781 1264 848 τέλει

115 889 337 976 παρέγραψεν.
392 883 443 955 ὅτι
472 887 507 954 δὲ
539 883 617 954 οὐδὲ
644 891 689 978 τῷ
724 889 873 978 προτέρῳ
903 889 994 974 μέρει
1022 885 1264 973 πρυσαρμόττε·

116 1001 199 1061 σθαι
223 993 325 1079 λόγον
352 991 456 1080 εἶχεν,
485 991 629 1081 εὔδηλόν
657 995 747 1060 ἐστιν
774 991 876 1061 άπασι
904 1007 973 1072 τοῖς
996 991 1201 1080 ἀνεγνωκόσι
1225 991 1290 1060 riis

116 1098 325 1186 σύγγραμμα.
382 1105 469 1186 ζητεῖ
498 1097 561 1186 γάρ
595 1101 631 1166 έν
663 1097 751 1191 αὐτῷ
779 1099 884 1186 φύσιν
917 1097 1104 1186 άνθρτάπου
1130 1097 1193 1186 τήν
1219 1094 1264 1178 ὦς

116 1207 152 1272 έκ
185 1211 371 1292 στοιχείων,
405 1203 446 1273 οὐ
473 1204 535 1292 τήν
567 1207 599 1288 ἐξ
632 1191 806 1294 ἀνατομῆς
831 1208 1050 1294 φαινομένην.
1100 1203 1183 1273 άλλά
1211 1203 1261 1274 ὅτι

115 1312 178 1399 μέν
201 1309 263 1380 οὐκ
287 1317 355 1380 ἔστι
386 1311 522 1399 γνήσιος
546 1309 624 1381 οὐδὲ
644 1309 880 1398 Ἱπποκράτους
909 1311 986 1381 οὐδὲ
1012 1313 1173 1400 Πολύβου
1195 1315 1263 1380 των

116 1419 302 1505 εἰρημένων
330 1422 464 1505 φλεβῶν
493 1417 512 1506 ή
541 1415 707 1506 άνατομή,
739 1419 794 1486 καὶ
826 1418 889 1506 πρὸ
916 1415 1018 1506 Ιἡμῶν
1050 1418 1112 1506 μέν
1140 1419 1263 1505 ἑτέροις

116 1521 345 1592 άποθέόειιιται
374 1525 427 1592 καὶ
458 1521 551 1612 ἡμεῖς
578 1523 615 1594 δὲ
643 1523 700 1610 ἄν,
728 1530 760 1593 ελ
781 1525 861 1606 θεὸς
889 1529 964 1613 δοίη
992 1525 1070 1594 ποτέ
1097 1526 1171 1614 περὶ
1194 1529 1262 1594 τῶν
1277 1549 1302 1589 ιο

116 1637 266 1718 γνησίων
284 1629 521 1718 Ἱπποκράτους
548 1632 816 1720 συγγραμμάτων
842 1633 1177 1720 πραγματεύσασθαι,
1205 1636 1262 1700 δια

115 1737 282 1805 πλειόνων
312 1739 547 1826 έπιθείξαιμεν,
575 1737 646 1826 ήτις
669 1739 759 1807 ἐστὶν
779 1737 1013 1826 Ἱπποκράτους
1045 1738 1159 1826 γνώμη
1187 1739 1262 1824 περὶ

116 1847 251 1929 φλεβῶν
278 1841 394 1932 άρχής,
422 1841 465 1932 iic
489 1851 524 1912 έκ
546 1873 579 1914 τε
608 1849 669 1913 τοῦ
691 1847 765 1932 περὶ
788 1847 915 1932 τροφῆς
937 1849 1043 1912 ἔνεστι
1067 1851 1183 1932 λαβεῖν
1206 1846 1261 1913 καὶ

116 1952 151 2016 ἐκ
173 1953 234 2018 τοῦ
264 1953 422 2038 δευτέρου
448 1955 517 2020 τῶν
545 1953 737 2040 έπιθημίων.
783 1949 865 2019 ἀλλὰ
893 1955 991 2020 τοῦτο
1019 1951 1081 2038 μὲν
1109 1953 1262 2030 εἰσαῦθις

115 2053 367 2142 ἀναβεβλήσθω.
427 2061 529 2140 δεῖξαι
566 2058 645 2145 γάρ,
683 2055 701 2125 ii
744 2058 907 2190 πρότερον
943 2059 1050 2144 λέγων
1087 2055 1300 2141 άπέλιπον,ιι

115 2189 260 2248 εγνωκα,
296 2161 346 2232 ὅτι
378 2161 442 2232 κάν
473 2179 543 2243 τοῖς
574 2179 691 2251 φυτοῖς
722 2192 784 2252 μεν
816 2162 899 2252 ἀρχὴ
931 2166 985 2232 καὶ
1018 2165 1177 2251 γενέσεως
1205 2163 1260 2230 καὶ

152 2342 292 2411 3μάλλον
311 2363 328 2409 η
318 2333 376 2396 ελ
373 2340 466 2426 Μμ.
488 2335 553 2410 ἢεί
569 2335 733 2410 nuchul
753 2343 929 2426 sustulimus,
950 2342 983 2396 cs.
1003 2341 1087 2395 Proll.
1152 2349 1209 2395 112.
1227 2373 1259 2381 —

116 2413 241 2482 ὃφησλν
265 2429 314 2482 pro
339 2407 425 2481 φήσιν
448 2413 541 2467 M.—
569 2419 585 2468 8
612 2408 720 2468 οὔθ’·
724 2407 830 2466 --οὔτε
856 2384 935 2466 codd.
960 2411 1022 2466 add
1049 2361 1171 2466 olai-
1190 2407 1257 2467 οὐδὲ

115 2503 178 2549 ποις
198 2485 232 2538 cf.
252 2483 378 2554 Proll.p
381 2491 521 2538 .-1.02
547 2491 578 2538 1'2
599 2479 777 2570 ἐπιδείξομεν
797 2483 908 2550 BCbK
933 2481 967 2536 cf.
986 2483 1083 2553 Progr.
1103 2483 1143 2549 ll,
1164 2489 1257 2538 12.-

117 2563 148 2611 13
169 2526 232 2640 άιερλ
252 2555 358 2624 τροφῆς
361 2503 456 2610 pcodd
472 2555 533 2608 edd.
555 2555 629 2626 ‘lego
649 2549 746 2621 nsol'
731 2553 836 2609 οστέων
856 2550 968 2624 στήσως’
990 2553 1116 2608 Coru.—
1141 2561 1172 2608 15
1192 2549 1258 2622 πρό-

115 2645 196 2696 τερον
215 2647 230 2682 ο
218 2619 329 2680 &codd
350 2619 447 2681 edd.“
433 2621 605 2694 οπρότερον
625 2643 687 2692 u0s;
707 2625 741 2680 cf.
762 2625 847 2680 Proll
867 2645 894 2696 p.
916 2631 1027 2681 121.—

116 2809 275 2874 rationem
291 2806 480 2894 adiungeret
482 2829 528 2872 ur.
565 2807 670 2872 Multo
690 2807 775 2871 euim
795 2806 996 2892 probabilius
1011 2809 1082 2870 erat
1099 2829 1165 2872 uon
1184 2805 1259 2871 huic

115 2915 222 3000 «peris
252 2914 352 2999 parti,
380 2915 437 2980 sed
464 2915 567 3000 priori
595 2937 667 2980 eam
696 2915 874 2980 adnectere.
925 2913 1047 2978 Verum
1077 2915 1132 2998 qui
1161 2915 1258 2979 inter-

116 3023 248 3108 polavit,
272 3023 320 3086 ita
344 3022 448 3106 magis
471 3021 617 3086 fraudem
641 3021 743 3086 latere
761 3043 858 3105 posse
882 3021 1059 3086 arbitratus
1084 3023 1142 3102 est,
1165 3020 1194 3084 si
1218 3020 1258 3084 ad

115 3132 210 3194 finem
244 3129 480 3213 adscripsisset.
536 3125 598 3194 Sed
634 3128 768 3192 eandem
800 3149 840 3192 ue
874 3126 976 3211 priori
1009 3124 1138 3211 quidem
1170 3127 1258 3209 parii

114 3236 287 3320 adiungere
312 3239 562 3300 consentaneum
590 3235 690 3300 fuisse
719 3234 882 3316 omnibuS,
908 3232 963 3317 qui
991 3253 1072 3316 opus
1099 3233 1258 3317 legerunt,

115 3343 320 3426 perspicuum
353 3347 411 3406 est.
464 3343 597 3418 Quaerit
625 3341 711 3406 enim
744 3363 781 3404 eo
809 3343 959 3404 naturam
987 3337 1142 3420 hominis,
1174 3360 1257 3423 quae

115 3448 242 3530 quidem
266 3471 302 3511 ex
332 3449 500 3513 elementis
528 3453 667 3530 constet,
695 3469 760 3512 non
787 3468 868 3532 quae
893 3467 930 3508 ex
959 3444 1125 3508 anatomia
1148 3467 1256 3510 cerna·

115 3559 175 3617 tur.
214 3552 275 3617 Sed
294 3554 333 3616 de
356 3553 481 3638 harum,
504 3577 582 3639 quas
602 3553 937 3634 commemoravimus,
960 3573 1115 3616 venarum
1139 3551 1256 3616 dissec-

115 3661 202 3725 tione
226 3661 532 3725 commentationem
560 3683 624 3726 nou
655 3661 828 3746 genuinam
853 3681 922 3722 esse
951 3679 1052 3742 neque
1076 3655 1257 3741 Hippocra-

116 3768 156 3831 tis
181 3789 282 3850 neque
302 3765 417 3850 Polybi
441 3771 474 3830 et
496 3771 571 3832 ante
594 3791 654 3833 nos
678 3768 734 3832 alii
753 3767 1056 3832 demonstraverunt
1081 3767 1113 3826 et
1135 3785 1205 3848 nos,
1228 3765 1254 3828 si

115 3874 240 3958 quaudo
268 3875 345 3938 deus
374 3875 583 3958 concesserit,
616 3878 652 3938 ut
678 3875 716 3938 de
744 3873 893 3958 genuinis
922 3870 1134 3956 Hippocratis
1162 3870 1255 3935 libris

115 3979 364 4046 commentarios
389 3979 583 4059 scribamus,
611 3981 759 4066 pluribus
784 3979 1003 4060 ostendemus,
1031 3997 1189 4060 quaenam
1214 3976 1257 4040 sit

116 4087 324 4172 Hippocratis
348 4087 386 4150 de
409 4109 564 4152 venarum
587 4088 712 4172 origine
737 4087 906 4168 sententia,
925 4106 1022 4171 quam
1042 4087 1111 4145 tum
1135 4103 1151 4144 e
1171 4082 1255 4147 libro

115 4195 151 4258 de
175 4194 344 4276 alimento,
373 4197 441 4258 tum
466 4215 482 4256 e
506 4195 645 4259 secundo
673 4195 711 4258 de
739 4194 861 4258 morbis
891 4187 1079 4274 vulgaribus
1103 4189 1255 4273 colligere

112 4301 197 4366 licet.
242 4300 363 4364 Verum
391 4299 452 4364 hoc
481 4300 516 4364 in
543 4300 631 4364 aliud
658 4303 786 4384 tempus
814 4299 987 4362 differatur.
1032 4291 1127 4358 Nunc
1150 4295 1190 4358 ad
1212 4295 1256 4381 id,

116 4407 196 4474 unde
215 4407 368 4496 degressa
386 4409 435 4472 est
454 4405 569 4488 oratio,
591 4405 794 4492 probandum
811 4407 964 4486 revertor,
985 4401 1254 4488 quemadmodum
