3242 5138
780 364 1020 428 —152-

328 519 512 607 ἀναγκαῖόν
536 523 608 587 ε’στί
627 547 684 608 μοι
709 524 870 587 διελθεῖν·
895 520 932 586 ἐν
955 518 991 587 δὲ
1010 523 1055 611 τῷ
1079 517 1220 607 παρόντι
1243 517 1330 608 λόγῳ
1355 519 1419 584 τοῦ
1442 541 1477 600 γε

329 627 493 716 ὀνόματος
516 624 558 696 οὐ
580 626 745 714 φθονήσω
773 642 845 706 ταῖς
867 623 1054 714 ἀρτηρίαις,
1082 622 1167 694 ἀλλὰ
1194 623 1478 713 δνομαζίσθωσαν

329 739 376 801 ἔτι
399 735 454 802 καὶ
483 738 548 802 νῦν
570 737 759 820 καρωτίδες.
804 732 895 812 ὅστις
923 733 959 800 δὲ
988 730 1006 800 ὁ
1029 731 1152 821 τρόπος
1180 729 1297 811 αὐταῖς
1324 731 1396 797 ἐστι
1422 728 1478 794 δέ·

329 839 412 920 σειός
433 867 468 908 τε
492 839 558 927 ἅμα
581 841 636 908 καί
659 846 798 927 σχίσεως
821 837 950 926 ἁπάσης
972 867 1006 906 νε
1029 841 1087 926 τῆς
1113 843 1161 918 εἰς
1181 837 1221 906 τὰ
1244 841 1313 906 τῶν
1334 837 1479 904 κλειδῶν

296 945 400 1014 stoa
424 945 525 1035 μόρια
549 951 721 1033 διανομῆς,
745 945 808 1033 ε’γώ
832 945 1044 1038 διηγήσομαι.
1084 947 1243 1032 φέρονται
1267 944 1329 1033 μὲν
1353 947 1403 1011 ἔτι
1425 941 1479 1008 καὶ

332 1059 395 1121 νῦν
423 1052 555 1141 ὄρθιαν,
587 1052 738 1140 καθάπερ
767 1055 800 1134 ἐξ
828 1049 930 1140 ἀρχῆς
957 1051 1133 1141 ὥρμησαν,
1164 1051 1201 1121 τὸ
1235 1053 1272 1120 δὲ
1296 1045 1374 1120 οἷον
1405 1051 1479 1136 πρί-

264 1179 320 1234 lut
329 1188 416 1246 μνον
445 1157 557 1228 αὐτῶν
586 1157 673 1228 εὐθὺ
699 1163 757 1246 τῆς
783 1163 938 1246 κεφαλῆς.
987 1157 1268 1248 ἀποβλαστῆματα
1295 1157 1333 1226 δὲ
1363 1161 1369 1244 Ι
1399 1155 1480 1224 κατὰ

330 1265 390 1334 τὸν
413 1266 578 1354 τράχηλον
606 1263 835 1353 ἀποπέμπουσι
863 1265 985 1354 σμικρὰ
1012 1281 1080 1347 τοῖς
1107 1265 1209 1355 ταύτῃ
1237 1271 1351 1353 μνσίν.
1399 1265 1479 1330 ἐπει-

331 1372 396 1440 δὰν
429 1373 465 1440 δὲ
497 1378 640 1459 πλησίον
676 1370 740 1459 ἥδη
774 1375 936 1459 γίνωνται
972 1377 1031 1460 τῆς
1063 1375 1196 1458 γένυος,
1234 1372 1373 1458 ἑκατέρα
1407 1375 1482 1456 δίχα

292 1501 317 1539 1⁰
331 1486 480 1566 σχίζεται.
524 1480 579 1547 καὶ
603 1477 708 1558 οὕτως
734 1478 799 1566 ῆδη
822 1480 972 1566 τέτταρες
994 1473 1153 1548 αίπᾶσαι
1175 1465 1395 1566 γεννηθεῖσαν
1419 1475 1481 1544 δύο

331 1586 392 1672 μὲν
422 1591 469 1665 είς
496 1585 645 1672 γλῶττάν
673 1613 707 1653 τε
739 1587 794 1654 καὶ
826 1585 961 1674 σύμπαν
992 1586 1030 1655 τὸ
1060 1585 1241 1674 πρόσωπον
1269 1583 1354 1653 ὅσον
1382 1609 1418 1652 τε
1445 1583 1481 1652 τὸ

333 1697 392 1778 τῆς
409 1697 555 1778 κεφαλῆς
574 1692 665 1772 ἐκτὸς
683 1698 744 1762 τοῦ
761 1700 903 1781 κρανίον
925 1699 1186 1781 κατασχίζονται.
1218 1691 1280 1760 δύο
1305 1691 1341 1759 δὲ
1368 1690 1479 1758 λοιπαί

334 1799 579 1886 διεξερχόμεναι
606 1797 643 1866 τὸ
671 1805 812 1887 κρανίον
841 1803 887 1878 είς
913 1798 974 1868 τὸν
1001 1801 1186 1887 ἐγκέφαλον
1213 1804 1380 1886 ἔρχονται.
1428 1798 1480 1864 καὶ

334 1905 462 1971 δεῖκαὶ
485 1909 590 1972 τῶνδε
618 1908 809 1992 μεμνῆσθαι
837 1905 945 1993 μόνον
972 1911 1040 1974 τῶν
1062 1904 1243 1994 ἀρτηριῶν·
1272 1901 1314 1973 οὐ
1340 1901 1483 1992 σμικρὸς

307 2009 397 2096 ὁγὰρ
427 2007 505 2078 οὐδὲ
535 2007 636 2090 αὐτὰς
664 2013 828 2098 ἐκδέχεται
856 2012 970 2100 λόγος,
998 2013 1049 2082 ὅτι
1071 2009 1155 2101 μήθ’
1185 2009 1296 2089 ἁπλῶς
1322 2006 1410 2096 μήδ’
1440 2005 1483 2088 ὡς

334 2121 448 2204 ἔτυχεν
472 2117 524 2184 ἐπὶ
547 2116 607 2184 τὸν
635 2119 819 2204 ἐγκέφαλον
842 2117 992 2206 ἀνιᾶσιν,
1019 2117 1103 2188 ἀλλὰ
1125 2116 1190 2188 ὑπὸ
1218 2122 1257 2208 νῆ
1280 2123 1402 2207 παχείᾳ
1425 2115 1483 2203 μή·

335 2283 362 2290 10--
382 2283 546 2290 ——--—

372 2375 385 2422 1
405 2367 456 2422 τοῦ
476 2387 506 2438 γε
527 2361 607 2437 ὄνόμ.
627 2365 678 2420 CK
701 2371 751 2422 τοῦ
770 2389 800 2424 τε
820 2364 844 2424 ὀ.
864 2369 921 2424 Cai.
942 2369 991 2424 Ch.
1011 2400 1045 2409 -
1069 2377 1084 2423 3
1109 2362 1140 2432 ὃς
1158 2368 1214 2423 τισὶ
1232 2367 1252 2422 C
1272 2361 1348 2428 ὅστις
1373 2363 1406 2419 δὲ
1427 2363 1481 2418 esi.

336 2471 368 2478 -
389 2445 404 2493 5
424 2439 562 2509 διανομῆς
581 2437 600 2492 C
620 2439 707 2508 νομῆς
727 2437 783 2494 Gai.
804 2439 844 2494 Oh
863 2441 901 2507 Κς
921 2443 955 2495 cf.
970 2441 1055 2496 Proll.
1075 2459 1102 2510 p.
1122 2445 1164 2495 45.
1185 2470 1217 2478 -
1237 2446 1253 2494 8
1293 2432 1359 2506 ιερὰ
1376 2435 1397 2490 C
1416 2437 1481 2490 cett

335 2506 437 2578 σμικρὰ
460 2527 518 2564 nos.
543 2539 576 2549 —
608 2517 641 2564 10
664 2514 848 2578 γεννηθεῖσαν
871 2511 928 2567 cai.
960 2513 1003 2580 (cf.
1027 2512 1111 2566 Proll.
1134 2529 1162 2582 p.
1181 2513 1226 2579 43)
1250 2459 1290 2564 Cli
1314 2511 1481 2577 γεννηθεῖσαν

335 2581 368 2635 Κ.
390 2611 422 2620 —
447 2585 479 2634 12
499 2576 597 2634 λοιπὸν
617 2579 637 2633 C
656 2583 722 2635 cett.
741 2582 837 2636 tornet
860 2601 919 2637 nos.
939 2613 972 2623 —
1000 2590 1032 2636 13
1052 2575 1344 2650 spectacuculum
1364 2577 1425 2633 cu
1444 2575 1481 2629 Ch

336 2652 373 2734 K..
388 2683 423 2736 3-
447 2657 480 2705 14
502 2654 568 2737 post
590 2652 752 2739 μεμνῆσδαι
775 2648 864 2739 μόνον
887 2653 1061 2740 inseruimus.
1082 2685 1114 2692 -
1144 2659 1178 2738 1'5
1191 2647 1239 2740 ‚pri
1263 2649 1294 2706 dt
1316 2683 1349 2691 -
1370 2646 1443 2721 μῆδὲ
1462 2651 1481 2704 C

337 2723 394 2790 μηδ
426 2751 459 2762 -—
479 2725 536 2793 μηδ
569 2723 625 2776 Car.
645 2725 702 2792 μηδ
732 2725 842 2795 -μηδ
875 2723 915 2776 Ch
934 2725 958 2778 K
978 2727 1040 2794 μηδ
1072 2754 1102 2765 -
1125 2727 1188 2794 μηδ
1219 2739 1277 2780 noa
1297 2754 1331 2763 -

337 2975 394 3039 illo
422 2975 552 3040 nomine
576 2996 642 3039 non
669 2975 840 3060 fraudabo,
873 2979 928 3042 sed
952 2982 1035 3066 est03
1067 2979 1270 3064 appellentur
1297 2978 1480 3044 etiamnunc

338 3081 508 3146 carotides.
564 3079 653 3158 Quae
682 3085 844 3167 quomodo
878 3085 960 3150 sitae
984 3087 1051 3151 sint
1077 3109 1115 3152 ac
1148 3087 1338 3152 scindantur
1367 3089 1481 3152 totam·

338 3210 398 3272 quc
426 3189 461 3253 in
490 3193 599 3272 partes
629 3213 727 3274 supra
759 3193 934 3259 claviculas
963 3195 1227 3260 distributionem
1259 3215 1373 3258 earum
1400 3215 1480 3260 nnnc

339 3316 507 3377 exponam.
554 3296 715 3366 Feruntur
737 3299 866 3383 quidem
890 3302 1074 3367 etiamnunc
1097 3305 1218 3385 rectae,
1247 3301 1332 3366 sicut
1355 3325 1377 3366 a
1400 3300 1481 3386 prin·

339 3400 424 3484 cipio
448 3409 689 3487 processerunt,
713 3406 768 3489 qui
791 3428 868 3472 vero
891 3408 981 3472 velut
1007 3413 1140 3472 truncus
1169 3412 1219 3472 cst
1246 3430 1374 3492 aarum,
1398 3415 1481 3474 recto

340 3512 438 3591 caput
465 3511 557 3592 petit.
606 3511 793 3580 Demittunt
819 3519 927 3580 autem
955 3517 1152 3600 propagines
1179 3515 1336 3600 quasdam
1366 3537 1481 3599 parvas

340 3614 460 3690 circum
485 3618 603 3683 cellum
626 3622 794 3706 musculis,
818 3624 873 3708 qui
896 3622 943 3687 ibi
968 3626 1051 3685 sunt.
1101 3621 1166 3686 Ubi
1193 3643 1270 3688 vero
1293 3622 1359 3686 iam
1385 3645 1481 3706 prope

341 3720 507 3786 rrruxillam
531 3732 745 3812 accesserunt,
768 3733 903 3813 utraque
927 3728 1085 3813 bipartito
1105 3727 1271 3793 scinditur.
1309 3729 1416 3814 Atque
1438 3729 1482 3793 its

342 3847 414 3888 curn
439 3831 578 3909 ‹puotuor
600 3835 731 3900 omnino
755 3839 888 3900 ctl'ectae
913 3835 994 3918 sint,
1022 3835 1102 3900 duee
1130 3835 1164 3899 in
1188 3835 1335 3920 linguam
1358 3841 1393 3901 et
1419 3834 1481 3900 uni·

342 3953 468 3996 versam
496 3933 614 4003 facicm
642 3943 675 4004 et
703 3947 859 4026 quantum
887 3944 1004 4026 capitis
1029 3945 1121 4006 extra
1147 3942 1325 4008 calvariam
1349 3949 1412 4024 est,
1438 3942 1478 4006 ‹li-

342 4039 461 4104 scissae
489 4051 699 4132 sparguntur,
726 4051 807 4116 duae
831 4049 972 4134 reliquae
995 4073 1053 4136 per
1076 4048 1253 4115 calvariam
1279 4053 1479 4136 penetrantes

342 4155 376 4220 in
399 4157 566 4220 cerebrum
589 4157 771 4223 deveniunt.
814 4157 876 4222 Sed
899 4157 993 4222 etde
1016 4156 1068 4222 his
1091 4177 1175 4222 nune
1199 4155 1328 4220 arteriis
1352 4153 1479 4220 mentio·

342 4283 415 4326 nem
438 4263 558 4328 inicere
582 4264 663 4328 satis
683 4269 745 4350 est3
768 4285 834 4330 non
857 4264 943 4328 enim
967 4287 1068 4348 parva
1091 4265 1130 4328 cle
1153 4263 1194 4329 iis
1218 4265 1322 4346 restat
1343 4261 1479 4346 dispun-

343 4368 403 4450 tio,
427 4369 504 4451 quia
526 4391 585 4435 nec
609 4369 802 4454 simpliciter
824 4393 897 4454 nce,
929 4375 1027 4456 prout
1053 4369 1228 4456 contingit,
1256 4367 1477 4456 adncercbrum
