3136 5142
751 383 996 447 ——332-

303 543 409 625 ψυχής
431 539 548 622 είπάυ,
577 536 622 618 ὦς
645 537 663 608 ὁ
688 538 833 608 Πλάτων
860 537 1089 626 ὑπελάμβανε,
1111 537 1149 607 τὸ
1172 537 1234 625 μὲν
1256 533 1440 622 λογιστικὸν

303 645 339 711 ἐν
361 649 401 734 τῇ
424 650 550 734 κεφαλῇ
568 645 737 734 τετάχθαι,
759 645 796 715 τὸ
822 645 858 713 dt
876 645 1055 733 θυμοειδὲς
1079 646 1116 712 ἐν
1137 649 1177 733 τῇ
1196 648 1328 732 καρδίᾳ,
1349 639 1385 710 τὸ
1407 640 1440 708 δὲ
1551 678 1557 741 2

303 751 543 840 ἐπιθυμητικὸν
566 752 641 838 περὶ
664 752 725 822 τὸν
748 749 917 840 ὀμφαλόν,
947 753 983 820 ἐν
1005 765 1075 831 τοῖς
1098 751 1172 837 ἑξῆς
1194 748 1297 830 αὐτὸς
1319 753 1365 828 εἰς
1385 746 1441 835 τήν

302 863 445 945 καρδίαν
475 863 626 948 πειρᾶται
658 858 698 927 τὰ
729 867 805 946 τριά
836 857 1007 945 συνάγειν.
1060 863 1173 946 ἔχουσι
1205 856 1242 924 δὲ
1276 859 1316 924 αί
1340 853 1443 942 ῥήσεις

276 956 385 1033 scits·
410 963 446 1033 ‘d
475 965 511 1033 dt
534 965 672 1053 ποιητής
694 966 884 1048 πλεονάζων
907 967 944 1034 ἐν
966 964 1097 1044 τούτοις
1120 963 1175 1032 διὰ
1198 966 1336 1032 πολλῶν
1357 967 1443 1046 καρί-

302 1074 443 1158 ‘canossa
468 1071 517 1141 ὅτι
540 1073 595 1140 καὶ
618 1071 655 1140 τὸ
680 1071 869 1159 λογιστικὸν
892 1073 947 1140 καὶ
970 1070 1007 1140 τὸ
1027 1071 1206 1160 θυμοειδὲς
1228 1069 1306 1156 περὶ
1330 1067 1443 1138 τοῦτόν

303 1179 383 1246 ’ἐστι
405 1177 466 1246 τὸν
489 1178 608 1264 τόπον,
635 1178 815 1248 συνάπτων
837 1183 884 1258 εἰς
905 1176 1030 1246 ταύτὸν
1055 1177 1110 1244 καὶ
1133 1175 1170 1244 τὸ
1196 1173 1444 1262 ἐπιθυμητικόν,

303 1284 466 1373 ’καθάπερ
493 1287 547 1354 καὶ
571 1290 638 1354 ἔδει
661 1287 817 1374 ποιήσατ’
864 1283 933 1353 εἶτα
962 1284 1129 1371 ἐπιφέρων
1155 1289 1261 1369 φησίν
1296 1279 1366 1350 ‘du
1388 1281 1444 1367 μὲν

303 1390 379 1478 (γάρ
401 1392 439 1461 τὸ
463 1391 653 1478 λογιστικόν
678 1393 768 1460 ἐστιν
791 1394 950 1472 ἐνταῦθα,
975 1390 1030 1460 διὰ
1052 1389 1184 1459 τούτων
1207 1391 1379 1478 ἐμφαίνει·

265 1525 288 1562 ιο
348 1497 444 1568 (ἄλλο
469 1496 499 1566 d'
526 1500 576 1568 ἐνὶ
599 1499 759 1587 στήθεσσι
783 1498 863 1579 νόος
884 1500 940 1567 καὶ
962 1503 1058 1586 μήτις
1080 1495 1231 1585 άμάμωυ.

348 1602 435 1674 ‘aar’
463 1605 543 1694 ἐμὸν
566 1604 685 1674 οὔποτε
709 1604 823 1694 θυμὸν
846 1607 896 1675 ἐνὶ
920 1606 1102 1693 στήθεσσιν
1125 1605 1281 1672 curioso?
1304 1603 1309 1690 t

238 1709 374 1792 ςςςείτα
398 1714 514 1799 ἐφεξῆς
537 1717 596 1799 ἔπη
624 1715 857 1801 παραθέμενος
878 1718 979 1781 πλείω
1007 1709 1087 1798 μετὰ
1113 1708 1217 1777 ταῦτά
1244 1729 1356 1796 φησιν
1387 1705 1446 1774 ’ὅτι

304 1817 354 1886 ‘dt
376 1819 430 1886 καὶ
453 1818 490 1888 τὸ
516 1819 757 1907 ἐπιθυμητικὸν
781 1821 942 1906 ἐνταῦθα,
965 1816 1021 1886 διά
1043 1816 1173 1886 τούτων
1196 1818 1369 1904 ἐμφαίνει·

348 1922 402 1993 εοὐ
424 1924 488 2014 γάρ
511 1926 644 1996 πιάποτὲ
663 1923 698 2014 μ’
724 1918 794 1995 τάδε.
812 1930 895 2006 θεάς
918 1931 992 2012 ἔρος
1015 1922 1095 1994 οὐδὲ
1118 1921 1280 2012 γυναικὸς

265 2060 289 2100 ιι
348 2032 473 2120 θυμὸν
497 2034 546 2100 ἐνὶ
572 2032 731 2119 στήθεσσι
755 2033 1013 2122 περιπροχυθεὶς
1036 2031 1243 2119 ἐδάμασσεν]

304 2215 514 2225 *η’-..-

340 2325 356 2374 b
375 2314 390 2373 ὁ
410 2317 442 2375 dt
462 2313 579 2388 ποιητής
598 2339 623 2375 κ.
641 2340 665 2373 τ.
684 2323 707 2374 λ.
732 2319 767 2374 cs.
792 2337 820 2390 p.
840 2325 901 2374 315.
921 2349 954 2360 -
979 2325 996 2373 8
1015 2319 1101 2388 φησίν
1119 2315 1149 2371 Μ
1168 2319 1241 2386 φησί
1255 2315 1401 2370 ABCbK.
1419 2343 1448 2354 -

304 2397 319 2444 9
344 2385 514 2460 ἐμφαίνεται
537 2389 616 2444 codd.
637 2390 697 2446 edd.
723 2385 858 2460 ἐμφαίνει
881 2406 940 2445 nos.
961 2419 992 2428 —
1018 2397 1051 2444 10
1073 2384 1140 2444 ἄλλο
1163 2386 1196 2444 δὲ
1217 2388 1254 2442 M.
1276 2419 1310 2427 —
1337 2381 1447 2454 στήθεσι

303 2460 351 2528 (id.
370 2464 455 2530 [11)
474 2460 511 2516 M.
531 2492 564 2503 -
585 2467 617 2515 11
637 2456 699 2515 ἀλλ’
719 2456 789 2532 ἐμάν
809 2461 906 2530 odyss.
926 2461 1065 2528 V11‚aoa.
1086 2491 1118 2500 -
1140 2466 1172 2514 13
1192 2454 1224 2514 ἐτι
1243 2453 1358 2514 τούτων
1376 2455 1448 2512 codd
1554 2456 1560 2519 ξ

304 2533 366 2587 edd.
390 2527 438 2588 ded
462 2553 485 2586 τ.
511 2549 573 2599 nos3
597 2532 631 2586 cs.
656 2549 740 2603 supra
762 2550 790 2603 p.
814 2539 878 2599 315,
904 2538 945 2587 17.
971 2562 1004 2573 -
1034 2538 1067 2585 11
1090 2527 1203 2586 πιάποτε
1226 2525 1258 2600 μ’
1284 2530 1314 2584 Μ
1344 2521 1448 2583 κόπτ’
1554 2528 1560 2567 ²

305 2598 351 2673 ἔμ’
370 2601 513 2671 nocti&
532 2603 566 2658 cf.
585 2603 670 2659 Proll.
684 2621 712 2674 p.
732 2609 773 2659 29.
794 2634 827 2644 -
848 2601 916 2672 ἔρως
934 2602 1030 2658 ΜΑΒ.
1050 2632 1082 2642 -
1104 2609 1137 2657 lo
1157 2597 1284 2672 ἐδάμασε
1304 2601 1400 2656 MAB.
1419 2629 1447 2640 -

305 2759 517 2778 ——4—

304 2892 473 2977 rationem
495 2892 529 2957 in
552 2890 646 2958 corde
669 2889 884 2975 iracundiam,
907 2889 1121 2976 cupiditatem
1149 2889 1237 2956 circa
1257 2887 1449 2956 umbilicum

304 2998 480 3084 dispositas
504 3019 587 3081 csse,
609 2997 644 3062 in
665 2997 723 3082 iis,
746 3019 827 3082 quae
849 2997 996 3082 proxime
1020 3000 1211 3084 sequuntur,
1238 2997 1308 3083 ipse
1335 2995 1377 3062 ad
1400 3015 1450 3060 cor

303 3105 385 3172 haec
407 3104 472 3170 tria
495 3103 687 3170 contrahere
710 3127 748 3170 ac
772 3125 886 3190 cogere
908 3102 1034 3170 nititur.
1079 3103 1192 3169 Verba
1214 3103 1284 3168 eius
1308 3103 1346 3170 in
1369 3103 1449 3168 hunc
1566 3154 1567 3179 2

304 3210 436 3279 modum
476 3234 510 3276 se
547 3211 684 3277 habent:
743 3210 878 3278 ‘Poeta
909 3214 1036 3276 autem
1068 3210 1109 3274 in
1141 3209 1202 3276 his
1236 3210 1449 3276 exuberans

304 3318 439 3386 multis
457 3319 638 3386 versibus
657 3318 833 3386 ostendit
850 3318 921 3384 hoc
940 3317 980 3383 in
997 3317 1084 3383 loco
1103 3337 1187 3382 esse
1205 3315 1449 3382 intellectum

304 3429 342 3490 et
373 3425 627 3510 iracundiam,
659 3425 698 3490 in
730 3424 862 3492 eodem
892 3423 1011 3488 ctiam
1044 3422 1301 3508 cupiditatem
1335 3422 1449 3490 collo·

305 3553 409 3616 cans,
447 3531 761 3619 quemadmodum
796 3531 925 3597 facere
963 3528 1120 3598 debuit'
1176 3529 1341 3614 Deinceps
1373 3527 1449 3593 baec

235 3693 237 3700 ,
304 3638 480 3704 subnectit:
542 3637 764 3706 ‘Rationem
801 3637 900 3703 enim
941 3637 998 3704 ibi
1035 3659 1119 3704 esse
1166 3637 1228 3704 hia
1270 3634 1448 3702 versibus

305 3742 491 3813 declarat:

306 3848 529 3920 ‘consilium
549 3857 609 3920 ast
626 3853 731 3920 aliud
750 3852 990 3940 prudensque
1008 3851 1048 3919 in
1070 3853 1230 3940 pectore
1253 3873 1362 3916 mens
1385 3851 1449 3914 cst

305 3955 444 4025 Verum
468 3961 593 4028 animo
615 3982 807 4047 nunquam
828 3964 962 4028 nostro
986 3959 1055 4026 sub
1078 3961 1238 4048 pectore
1261 3953 1408 4025 suasit’

304 4063 465 4153 Deinceps
497 4067 646 4153 pluribus
677 4067 826 4134 versibus
859 4066 968 4132 allatis
998 4065 1048 4132 ita
1079 4065 1175 4133 dicit:
1225 4061 1330 4131 ‘Jam
1360 4083 1448 4128 vero

306 4171 423 4240 etiam
447 4174 704 4261 cupiditatem
728 4174 792 4241 bic
816 4195 902 4240 esse
924 4173 987 4239 his
1011 4172 1189 4240 ostendit
1211 4171 1406 4238 versibus:

306 4277 485 4366 ‘namque
507 4280 606 4347 alias
626 4281 790 4348 animum
804 4302 998 4368 nunquam
1018 4279 1087 4347 sub
1102 4283 1260 4368 pectore
1276 4281 1447 4347 nostrum

307 4407 372 4452 seu
395 4386 463 4452 dea
487 4409 551 4452 seu
574 4387 712 4454 mulier
733 4391 843 4454 tanto
867 4387 1042 4457 devinxit
1065 4384 1213 4454 amora’
