3376 5144
643 441 885 504 —773—

184 597 264 668 ‘dcc
297 597 489 687 συστήματα
521 599 676 686 γέγονεν,
713 595 736 663 οἳ
767 597 957 678 κατιδόντες
988 601 1024 666 οἶ
1051 597 1206 682 πρόσθεν
1236 601 1335 682 κριὲ

182 710 304 776 ’δοσαν
332 703 412 792 ἡμῖν
438 719 510 785 τοῖς
538 705 711 792 ἑπομένοις
739 705 878 783 ἐκείνοις
904 713 1018 773 καλεῖν
1044 701 1129 772 aiud
1158 703 1334 792 ἁρμονίας.

183 818 237 882 Ἓν
258 840 292 882 τε
315 827 387 891 ταῖς
409 813 581 899 κινήσεσιν
604 804 649 878 αὖ
670 815 732 878 τοῦ
755 811 906 898 σώματος
935 814 1028 898 ἕτερα
1051 816 1187 880 rescire
1212 813 1331 881 ἑιόιτα

181 921 289 1006 ’πάθη
321 917 520 1006 γιγνόμενα,
549 913 636 1005 ddi]
674 913 714 985 δι’
750 915 906 1004 ἀριθμῶν
944 921 1151 1006 μετρηθέιτα
1184 925 1257 987 drr'r·
1288 913 1334 988 ad·

181 1029 278 1113 ‘spuet
315 1023 469 1112 ῥυθμοὺς
505 1026 559 1092 καὶ
597 1026 699 1112 μέτρα
741 1025 956 1113 ἐπονομάζειν
996 1028 1050 1093 καὶ
1090 1025 1158 1114 ἅμα
1190 1030 1359 1098 ἐννοεῖται

182 1131 242 1212 ‘cis
265 1131 352 1201 οὕτω
377 1136 431 1199 δεῖ
459 1133 534 1218 περὶ
557 1131 683 1209 παντὸς
714 1129 790 1209 ἑνὸς
821 1131 876 1198 καὶ
907 1136 1041 1200 πολλῶν
1070 1150 1218 1202 σκοπεῖν·
1250 1133 1333 1202 ὅταν

185 1238 264 1328 ’γὰρ
286 1239 390 1307 ταύτό
413 1266 448 1307 τε
485 1239 589 1328 λάβῃς
619 1237 722 1322 οὕτω,
758 1237 832 1305 τότε
868 1239 987 1324 ἐγένου
1023 1239 1140 1324 σοφός·
1178 1239 1259 1308 ὅταν
1296 1223 1328 1308 δ’

182 1346 277 1416 ’ἄλλο
301 1351 369 1415 τῶν
392 1345 502 1414 ὄντων
524 1343 641 1413 ὁτιοῦν
662 1343 765 1434 ταύτῃ
789 1337 1020 1432 σκοτοόμενοξ
1040 1348 1125 1436 ἕλῃς,
1149 1346 1256 1427 οὕτως
1277 1357 1332 1438 ἑμ-

184 1457 297 1541 *φρων
318 1453 394 1539 περὶ
417 1452 540 1522 τούτου
563 1454 712 1540 γέγονας.
757 1451 794 1519 τὸ
824 1449 854 1518 δ’
881 1449 1019 1540 ἄπειρόν
1041 1474 1078 1521 σε
1106 1455 1255 1524 ἑκάστων·
1275 1461 1328 1526 nd

183 1564 235 1628 ‘dv
271 1560 421 1640 ἑκάστοις
447 1565 579 1647 πλῆθος
614 1558 753 1648 ἄπειρον
787 1559 939 1627 ἑκάστοτε
975 1575 1065 1628 ποιεῖ
1093 1565 1155 1629 τοῦ
1190 1579 1332 1648 φρονεῖν
1347 1589 1372 1626 ιο

182 1669 252 1735 ειιαὶ
289 1666 351 1737 οὐκ
375 1667 553 1756 ἐλλόγιμον
589 1664 663 1735 οὐδ’
697 1665 898 1753 ἐνάριθμον,
934 1663 983 1734 ἅτ’
1023 1664 1084 1734 οόιι
1111 1673 1159 1748 εἰς
1180 1666 1331 1758 ἀριθμὸν

182 1772 320 1842 ὀὐδένα
355 1776 391 1842 ἐν
425 1771 539 1842 οὐδενὶ
566 1773 697 1843 πώποτε
724 1770 896 1842 ἀναδόντα.
940 1773 1114 1853 κάλλιστα,
1142 1767 1168 1844 δ
1194 1783 1332 1866 Φίληρε,

182 1883 309 1967 ’ἔμοιγε
331 1879 371 1948 τὰ
394 1884 460 1948 νῦν
483 1879 645 1968 λεγόμενα
669 1881 835 1966 εἰρηκέναι
863 1887 1018 1966 φαίνεται
1042 1881 1232 1970 Σωκράτης.
1277 1887 1329 1954 aui

187 1989 274 2075 ’ἐμοὶ
297 1986 401 2055 ταῦιό
425 2014 462 2073 γε
485 1985 581 2054 αὐτό·
628 1985 711 2056 ἀλλὰ
738 1995 773 2056 τί
798 1988 840 2072 δό
864 2014 942 2056 ποτε
969 1987 1053 2076 πρὸς
1082 1987 1165 2077 ἡμᾶς
1192 1983 1331 2071 edrard

182 2097 296 2182 ‘Myos
319 2104 445 2183 εῐρηται
469 2098 533 2162 νῦν
556 2096 610 2163 καὶ
633 2101 669 2162 τί
688 2119 766 2163 ποτε
790 2095 1009 2185 βοολόμενοςς
1041 2094 1154 2183 ὀρθῶς
1184 2101 1297 2184 μέντοι
1326 2112 1371 2162 ἰι

220 2353 235 2400 3
254 2341 402 2414 κινήσεσιν
420 2339 509 2399 advoc
530 2339 657 2415 σώματος
675 2345 712 2398 Μ,
736 2377 769 2384 -
794 2337 867 2400 dud
886 2346 915 2400 M
933 2340 1007 2398 αότό
1028 2345 1169 2410 ΔΒΟΙιΚς
1188 2347 1222 2401 es.
1243 2345 1328 2404 Prull.

182 2437 211 2544 p.
237 2423 278 2472 28.
304 2447 337 2456 -
363 2411 593 2504 όέτιοινομοὶζειν
611 2417 648 2470 Μ.
673 2447 705 2455 -
731 2422 746 2468 6
770 2419 833 2470 δεῖν
857 2415 894 2470 Μ.
920 2449 952 2456 -
976 2424 990 2471 7
1015 2411 1089 2471 οὗτοι
1108 2439 1129 2470 α
1154 2419 1214 2486 (sic)
1238 2419 1328 2474 ταῦτα

202 2487 285 2558 μένου
304 2488 342 2543 Μ.
362 2519 395 2529 -
416 2495 447 2542 11
469 2507 522 2542 οοιι
541 2488 607 2542 ante
627 2486 667 2550 εἰς
686 2503 739 2542 om.
758 2486 796 2542 M.
816 2517 848 2526 -

186 2747 413 2828 perspectas
435 2741 550 2806 uobis
574 2741 744 2824 posteris
772 2742 1022 2807 tradiderunt
1044 2746 1085 2807 ut
1108 2741 1330 2808 harmonias

185 2850 438 2934 appellemus,
476 2848 652 2932 aliasque
688 2848 874 2932 quasdam
912 2871 1047 2914 rursus
1083 2851 1121 2915 iu
1158 2850 1330 2916 motibus

185 2958 360 3042 corporis
383 2956 510 3020 inesse
539 2947 787 3038 affectiones,
814 2977 907 3040 quas
936 2956 1106 3020 numeris
1133 2956 1330 3022 dimensas

184 3063 387 3149 rhythmos
411 3066 448 3127 et
471 3065 593 3126 metra
620 3061 874 3145 appellandas
899 3082 981 3126 esse
1010 3065 1244 3127 censuerunt
1272 3067 1328 3127 at-

184 3193 253 3256 que
278 3170 393 3236 simul
417 3168 683 3255 cogitandum,
705 3168 776 3234 hoe
795 3169 905 3234 modo
923 3167 1207 3254 unumquidque
1230 3171 1328 3236 tam·

184 3301 294 3362 quam
328 3299 441 3342 unum
474 3280 511 3340 et
543 3277 664 3341 multa
701 3276 943 3342 considerari
974 3276 1127 3353 debere;
1164 3279 1201 3339 et
1232 3274 1329 3343 haee

184 3387 308 3473 igitur
337 3408 418 3450 cum
451 3383 509 3448 ite
540 3383 775 3468 perceperis,
807 3387 886 3449 tum
915 3386 1052 3450 doctus
1080 3385 1265 3468 evaseris,
1292 3390 1330 3450 et

184 3493 290 3558 aliud
308 3491 504 3577 quidlibet
523 3512 664 3574 eorum,
687 3512 785 3575 quae
805 3496 907 3570 runt,
931 3515 1013 3558 eum
1032 3491 1222 3558 eiusmodi
1241 3515 1328 3558 ecu-

184 3600 425 3665 aiderctione
448 3598 636 3663 instituta
660 3599 1013 3684 comprehenderis,
1036 3599 1203 3684 prudens
1228 3599 1267 3664 in
1286 3621 1328 3664 eo

184 3706 394 3771 exstiteris.
413 3703 596 3770 ·quiuita
621 3708 747 3769 autem
772 3705 1011 3791 singulorum
1035 3706 1135 3770 etin
1158 3705 1327 3793 singulis

184 3813 394 3878 multitudo
418 3834 570 3897 semper
588 3811 811 3896 imperitum
834 3816 870 3876 te
891 3811 1090 3899 cogitandi
1113 3812 1244 3878 reddit
1264 3834 1326 3878 ue·

94 3953 99 3962 ·
184 3943 252 4005 que
277 3923 494 4005 spectatum
520 3941 640 4004 neque
665 3941 761 4002 eum,
788 3920 852 4003 qui
882 3921 1012 4005 aliquo
1035 3941 1192 3986 numero
1220 3922 1327 4004 pute·

182 4029 250 4112 ris,
274 4029 414 4112 quippe
438 4049 521 4092 eum
543 4026 690 4090 nullum
713 4047 911 4093 numerum
934 4028 1014 4092 ulla
1040 4027 1078 4093 iu
1100 4049 1138 4092 re
1162 4047 1326 4112 unquam

183 4135 382 4219 respicias.
440 4133 643 4198 Praeclare
680 4132 790 4217 haee,
823 4133 998 4220 Philebe,
1040 4134 1136 4200 mihi
1172 4135 1327 4200 videtur

184 4240 364 4307 Socrates
389 4241 545 4306 dixisse.
589 4239 687 4305 Mihi
715 4263 865 4326 quoque
888 4265 963 4309 non
989 4243 1130 4328 minus3
1158 4243 1227 4307 sed
1253 4261 1325 4325 quo

183 4348 336 4413 tandem
359 4349 468 4414 medo
492 4348 536 4412 ad
559 4369 628 4412 uos
653 4352 806 4432 spectat
822 4349 918 4415 haee
941 4349 1067 4416 oratio
1087 4348 1225 4434 quidve
1249 4347 1325 4412 sibi

182 4455 289 4520 vult?
326 4453 443 4520 Recte
462 4476 552 4521 vero
569 4455 655 4538 hec,
678 4455 905 4540 Protarche‚
928 4478 970 4521 ex
992 4455 1105 4521 nobis
1129 4453 1328 4540 quaesivit
