3210 5148
565 419 807 482 *441-

115 575 170 643 τὸν
191 575 313 647 ιιόνον,
342 583 433 661 είιιερ
460 573 505 660 μὴ
529 573 583 640 καὶ
610 572 694 661 πρὸς
725 577 847 641 τοῦτον
874 569 1109 660 ἠλλοτρίωται
1139 573 1254 660 peluem

115 687 159 760 τίς
176 680 211 748 di
232 677 359 766 ἀνάγκη
379 678 462 767 πρὸς
485 679 643 766 μὲντοὺς
666 681 822 759 ἐπαίνους
840 679 894 746 καὶ
913 677 971 758 τὰς
993 679 1089 766 τιμὰς
1112 679 1258 768 ἥδεσθαί

115 813 144 854 ιε
162 788 216 854 καλ
236 793 364 874 χαίρειν
378 784 502 870 αὐτοῖς,
521 785 687 873 ἄχθεσθαι
706 785 743 854 dt
761 787 816 854 καλ
831 785 969 872 φεύγειν
982 785 1061 866 τούς
1074 813 1107 855 τε
1128 787 1255 874 ψόγους

115 897 164 962 καλ
186 894 244 974 τὰς
267 891 407 982 ἀτιμίας,
431 903 522 980 είιιερ
545 892 589 980 μὴ
608 893 662 961 καὶ
681 891 764 981 πρὸς
782 897 885 961 ταῦτα
907 883 1006 979 φύσει
1025 892 1100 961 τινὰ
1120 899 1256 981 ἔχουσιν
1327 931 1329 936 ·

115 1005 278 1069 οίκείιοσίν
301 1029 334 1070 τε
361 1002 416 1068 καὶ
445 997 679 1088 ἀλλοτρίωσιν;
712 1005 742 1068 εί
770 997 834 1087 γὰρ
862 1000 915 1067 καλ
943 997 989 1086 μὴ
1017 1014 1089 1079 ταῖς
1115 1015 1288 1088 φωναῖς-,5

114 1105 192 1176 ἀλλὰ
224 1113 264 1196 τῇ
296 1135 332 1195 γε
365 1106 505 1194 δυνάμει
537 1111 605 1175 τῶν
633 1109 822 1194 λεγομένων
851 1103 1028 1193 ὁμολογεῖν
1061 1108 1065 1196 l
1100 1112 1207 1175 ἔοικεν
1236 1105 1321 1179 6463

116 1213 319 1301 Χρύσιππος,
342 1210 388 1292 ῶς
411 1219 501 1281 ἔστιν
524 1218 687 1294 οίκείωσίς
710 1215 747 1281 τί
771 1241 820 1293 τις
848 1211 928 1300 ἡμῖν
956 1214 1010 1280 καλ
1039 1211 1255 1300 ἀλλοτρίωσις

114 1321 209 1406 φάσει
232 1318 315 1406 πρὸς
342 1321 482 1388 ἕκαστον
508 1325 576 1388 τῶν
600 1322 792 1409 εἰρημένων.
838 1319 972 1388 ἐπειδὰν
1000 1318 1062 1407 γάρ
1091 1323 1168 1410 λε’γμ
1196 1319 1255 1400 τὰς

114 1427 183 1514 sept
207 1423 347 1512 ἀγαθῶν
376 1427 441 1511 [καὶ
467 1431 589 1510 κακῶν]
619 1427 811 1513 ἐγγίνεσθαι
838 1442 907 1507 τοῖς
934 1427 1077 1514 φαύλοις
1104 1432 1254 1516 διαστρο-

114 1531 176 1618 φάς
199 1533 255 1600 dici
278 1559 311 1601 τε
334 1533 397 1621 τὴν
419 1534 626 1620 πιθανότητα
649 1537 717 1602 τῶν
740 1538 934 1620 φαντασιῶν
957 1535 1010 1600 καὶ
1034 1532 1096 1620 τὴν
1118 1531 1295 1621 nussim-10

115 1659 178 1717 ow,
201 1641 383 1728 ἐρωτητέον
402 1637 506 1710 αὐτὸν
529 1637 591 1728 τὴν
610 1639 730 1721 αἰτίαν,
755 1639 810 1708 dui
834 1637 878 1726 ἣν
896 1636 1002 1727 ἡδονὴ
1026 1640 1088 1728 μὲν
1110 1637 1155 1720 ῶς
1177 1636 1255 1726 ἀγα-

115 1745 195 1830 θάν,
219 1743 376 1834 ἀλγηθῶν
400 1747 436 1816 dt
456 1745 500 1827 ῶς
519 1746 622 1815 κακὸν
640 1745 791 1833 πιθανὴν
810 1747 1035 1834 προβάλλουσι
1054 1753 1255 1833 φαντασίαν·

115 1851 199 1920 οὕτω
227 1853 264 1921 dt
292 1855 346 1922 καὶ
376 1853 432 1922 διὰ
460 1861 495 1921 τί
523 1852 585 1941 τὴν
611 1852 673 1940 μὲν
697 1859 794 1940 νίκην
826 1852 887 1940 τὴν
920 1855 957 1920 ἐν
981 1851 1173 1940 Ὀλυμπιάσι
1201 1855 1256 1921 καὶ

114 1957 174 2045 τὴν
201 1963 269 2028 τῶν
296 1959 509 2047 ἀνδριάντων
536 1959 700 2028 ἀνάθεσιν
724 1959 947 2048 ἐπαινούμενά
974 1986 1009 2028 τε
1036 1961 1090 2026 καὶ
1118 1987 1255 2048 μακαρι-

115 2064 231 2151 ζόμενα
254 2067 337 2155 πρὸς
363 2073 431 2136 τῶν
453 2071 587 2136 πολλῶν
614 2064 793 2146 ἀκούοντες
815 2065 860 2146 ῶς
882 2064 1010 2152 ἀγαθά,
1038 2067 1111 2152 ιιερλ
1140 2066 1176 2134 dt
1200 2071 1257 2153 τῆς
1272 2090 1295 2130 u

115 2167 210 2257 ἥττης
232 2198 265 2240 τε
287 2176 342 2242 καλ
365 2179 422 2262 τῆς
444 2172 575 2261 ἀτιμίας
597 2171 642 2253 ῶς
664 2177 776 2241 κακῶν
799 2174 936 2259 ἑτοίμως
958 2173 1156 2259 πειθόμεθα.
1202 2173 1256 2241 καὶ

150 2391 161 2438 1
187 2405 234 2456 μοι
260 2405 309 2458 μισ
333 2383 370 2459 μὴ
396 2387 432 2440 Μ.
456 2419 490 2427 -
515 2381 693 2454 ἠλλοτρίωται
717 2385 796 2440 codd.
822 2386 883 2440 edd.
909 2381 1106 2454 ἠλλοτρίανται
1131 2403 1195 2450 nos;
1221 2387 1255 2442 cl'.

113 2455 197 2512 Proll.
220 2476 246 2528 p.
274 2467 331 2516 126.
358 2491 388 2498 -
418 2458 609 2512 θίδεσθαιΙι
634 2459 730 2512 leodos
749 2457 786 2511 Μ.
814 2491 843 2498 -
874 2465 889 2512 b
917 2455 945 2510 εί
965 2454 1019 2525 γάρ
1038 2452 1075 2526 μὴ
1096 2457 1256 2511 MABChK

113 2525 140 2580 εί
157 2547 181 2596 γ.
200 2549 228 2600 μ.
248 2529 296 2584 καλ
315 2531 336 2584 L
356 2529 383 2585 εί
400 2551 424 2598 γ.
443 2529 491 2583 καλ
510 2529 548 2598 μὴ
568 2545 624 2583 nos.
645 2559 677 2569 -
698 2535 714 2582 6
733 2529 782 2596 τῆς
801 2547 831 2598 γε
848 2528 883 2582 Μ.
906 2560 935 2568 -
957 2528 1011 2582 τῶν
1030 2529 1255 2598 λεγομένωνοιο.

113 2598 143 2652 [ι.
169 2631 201 2639 -
225 2607 241 2656 8
265 2603 306 2664 τίς
324 2619 374 2670 pro
394 2597 443 2663 τάς
462 2601 491 2655 L.
517 2631 549 2639 —
578 2605 594 2654 9
618 2594 735 2669 ἀγαθοῦ
758 2601 806 2653 καί
829 2599 918 2654 κακοῦ
943 2600 964 2653 L
989 2599 1036 2654 καλ
1060 2599 1156 2652 κακῶν
1179 2601 1256 2654 uncis

112 2670 284 2730 inclusimus.
306 2704 337 2711 -
360 2679 389 2726 11
412 2667 506 2726 odada
525 2688 593 2725 corr.
614 2670 642 2724 in
662 2665 751 2724 αὐτὸν
770 2671 806 2723 Μ.
828 2703 858 2709 -
879 2665 987 2739 ἡδονὴν
1006 2671 1034 2725 L.
1057 2703 1089 2710 -
1108 2666 1129 2724 ω’
1150 2689 1200 2742 pro
1219 2667 1257 2734 ῶς

111 2741 149 2794 M.
175 2773 210 2781 -
240 2749 271 2796 12
299 2739 479 2827 aqoflntodoq
503 2743 645 2810 φαντασία
671 2741 700 2795 L.
732 2774 761 2780 -
800 2749 830 2794 13
857 2736 1007 2811 όλυμιτιάσι
1036 2741 1057 2795 L
1088 2737 1257 2812 ὀλυμπιάσιν

112 2811 284 2866 MABChK.
306 2845 336 2852 -
359 2821 391 2868 lo
410 2833 484 2868 κακα
504 2812 583 2868 codd.
602 2812 664 2867 edd.
684 2813 779 2866 κακῶν
798 2829 859 2878 nos3
880 2812 914 2866 ct.
934 2811 1018 2866 Proll.
1038 2830 1064 2882 p.
1087 2819 1145 2868 125.
1165 2841 1199 2853 -

112 3028 140 3090 si
166 3051 231 3093 non
254 3033 372 3094 natura
395 3029 436 3093 ab
460 3053 498 3094 eo
527 3029 659 3093 alienati
684 3029 781 3092 sunt?
827 3027 910 3104 Quid
934 3033 996 3112 est,
1024 3049 1080 3092 eur
1107 3028 1256 3093 laudibus

113 3136 146 3196 et
170 3133 348 3200 honoribus
375 3136 538 3202 laetentur
562 3139 594 3200 et
621 3135 798 3220 gaudeant,
825 3135 1079 3218 vituperationes
1108 3137 1141 3199 et
1165 3135 1257 3220 igno-

112 3239 232 3306 minias
262 3243 397 3308 moleste
430 3243 537 3308 ferant
568 3265 605 3306 ac
638 3242 780 3326 fu‘giant,
813 3241 840 3305 si
874 3263 912 3305 ne
945 3242 985 3306 ad
1017 3242 1097 3306 haec
1128 3240 1257 3326 quidem

110 3347 295 3413 naturalem
335 3351 497 3434 quandam
540 3354 596 3414 aut·
632 3347 891 3414 conciliationem
930 3351 987 3414 aut
1028 3349 1258 3440 alienationem

64 3460 75 3474 ‘
111 3451 258 3516 habent?
312 3456 398 3521 Nam
427 3457 453 3520 si
485 3455 592 3520 minus
625 3456 746 3538 verbis,
778 3459 813 3519 at
846 3455 875 3518 vi
904 3459 1003 3538 certe,
1035 3477 1116 3540 quae
1150 3455 1257 3520 verbis

112 3557 262 3622 subiecta
289 3565 350 3644 est,
379 3563 458 3626 illud
482 3563 634 3627 assentiri
663 3562 789 3628 videtur
817 3559 1033 3647 Chrysippus,
1061 3562 1101 3625 ad
1129 3561 1259 3648 singula

111 3663 185 3746 illa,
212 3685 294 3748 quae
317 3666 397 3751 dixi,
423 3673 492 3732 tum
517 3668 790 3752 conciliationem,
814 3673 883 3732 tum
907 3667 1136 3732 alienationem
1163 3669 1257 3734 nobis

112 3769 249 3834 insitam
272 3795 351 3836 esse.
397 3771 479 3838 Oum
502 3775 588 3839 enim
617 3775 655 3838 de
684 3775 778 3839 bonis
802 3773 1036 3859 probabilitate
1060 3773 1201 3840 visorum
1225 3779 1258 3839 et

110 3875 285 3942 hominum
323 3879 527 3944 institutione
569 3881 602 3946 in
642 3879 759 3945 animis
801 3903 976 3965 pravorum
1013 3880 1257 3966 perversitatem

110 3983 291 4048 inolescere
316 3985 371 4070 ait,
395 4009 492 4052 causa
515 3988 556 4051 ab
576 4009 614 4051 eo
633 3987 825 4072 requirenda
848 3993 906 4072 est,
928 4011 986 4053 cur
1004 3987 1153 4071 voluptas
1175 3990 1258 4051 tam·

110 4113 213 4174 quam
241 4090 376 4176 bonum,
408 4094 500 4160 dolor
523 4097 690 4177 tamquam
718 4094 840 4158 malum
868 4093 1071 4178 probabilem
1100 4093 1258 4158 visionem
1355 4127 1363 4142 ι

109 4199 320 4284 speciemque
340 4201 462 4286 offerat,
480 4201 559 4266 item
579 4222 635 4264 cur
654 4200 823 4266 victoriam
839 4200 1041 4284 Olympicam
1062 4202 1257 4264 statuarum-

110 4328 177 4389 que
201 4305 434 4372 dedicationem
458 4307 583 4372 laudari
608 4307 875 4391 celebrariquoka
903 4305 1063 4390 plerisque
1090 4309 1257 4390 tamquam

109 4411 212 4496 bona,
234 4415 358 4480 cladem
378 4417 490 4480 contra
508 4417 540 4480 et
558 4413 772 4499 ignominiam
790 4417 957 4496 tamquam
976 4412 1062 4478 mala
1080 4411 1256 4496 vituperari
