3298 5136
664 395 905 457 -195-

207 555 297 617 ι“διον
320 549 479 636 ὄργανον,
502 548 563 618 τὸν
587 549 750 638 λάρυγγα,
778 552 832 618 καὶ
856 549 935 630 τοὺς
957 553 1134 630 κινοῦντας
1160 549 1265 620 αὐτὸν
1292 556 1355 639 μῦς

206 657 260 724 καὶ
283 655 324 724 τά
347 662 415 724 τῶν
437 660 534 744 μυῶν
558 659 695 724 ἐκείνων
719 661 821 744 νεῦρα
844 655 884 724 τά
908 659 940 738 ἐξ
960 657 1144 744 ἐγκεφάλου
1162 657 1354 746 καθήκοντα
1430 679 1448 705 ·

206 763 260 828 καὶ
289 761 369 849 μετά
397 767 500 830 ταῦτα
533 761 595 849 τὴν
627 767 791 848 γλῶτταν,
825 765 938 852 ἕτερον
971 763 1119 851 ὄργανον
1155 762 1196 833 οὐ
1228 770 1354 852 φωνῆς,

207 865 289 935 άλλδι
323 870 497 936 διαλέκτου
529 896 564 936 τε
597 871 651 936 καὶ
689 872 877 951 διαλέξεως,
910 869 1075 958 ὁποτέρως
1103 867 1146 938 δν
1178 869 1354 959 ὀνομάζειν

207 974 394 1062 ἐθελήσαις,
417 977 472 1042 καὶ
496 974 574 1054 τοὺς
596 979 660 1062 μῦς
683 977 889 1063 ἐπιδείξομέν
912 996 964 1044 σοι
988 978 1043 1044 καλ
1065 975 1105 1044 τά
1130 981 1233 1064 νεῦρα
1255 977 1295 1046 τὰ
1321 980 1380 1060 ἐξῡ

207 1081 399 1167 ἐγκεφάλου.
449 1083 503 1148 καλ
533 1080 574 1168 δὴ
607 1083 661 1148 κοιλ
691 1087 755 1173 ζῷα
781 1089 881 1150 πλείω
914 1082 1223 1171 παρασκευάσαντες
1250 1083 1354 1170 άλλην

207 1186 287 1255 κατὰ
307 1186 388 1255 ἄλλο
406 1196 475 1256 τῶν
494 1190 679 1274 εἰρημένων
699 1191 875 1276 ἐνεργειῶν
894 1191 1101 1277 ἐπιδείξομεν
1120 1187 1354 1278 ἀπολλυμένην

208 1291 260 1380 ἐφ’
292 1294 431 1362 ἑκάστου
453 1297 522 1362 τῶν
550 1292 614 1362 άπὸ
644 1293 828 1381 ἐγκεφάλου
856 1296 987 1383 νεύρων
1012 1298 1227 1383 τεμνομένου.
1272 1297 1353 1384 τάχα

208 1411 286 1479 λσως
309 1403 466 1488 ἐπιθυμεῖ
486 1429 534 1480 τις
558 1399 697 1468 άκοῦσαι
720 1405 789 1470 τῶν
812 1404 996 1489 εἰρημένων
1019 1404 1195 1536 ἐνεργειωη
1218 1403 1354 1491 ἑκάστης

206 1507 242 1575 τὸ
268 1505 398 1576 ίδιον”
380 1534 528 1595 οργανον
550 1509 604 1576 καὶ
629 1509 707 1588 τούς
725 1513 903 1589 κινοῦντας
924 1537 989 1596 μτς
1011 1512 1131 1589 οἵτινές
1151 1512 1190 1578 τέ
1210 1516 1273 1578 είσι
1297 1513 1351 1579 καὶ
1368 1533 1392 1572 1⁰

206 1613 304 1682 πόσοι
331 1613 392 1682 τὸν
419 1611 608 1702 άριθμὸν
596 1614 713 1702 η’ντινά
740 1643 774 1683 τε
803 1619 902 1683 θέσιν
930 1622 1042 1702 ἔχουσι
1070 1617 1125 1683 καὶ
1155 1623 1287 1703 πηλίκοι
1315 1615 1351 1685 τδ

206 1722 348 1807 μέγεθος
370 1707 557 1807 ὑπάρχουσι
586 1723 591 1810 Ι
624 1724 679 1789 καὶ
702 1730 778 1790 τίνα
807 1725 958 1810 δέχονται
983 1727 1086 1808 νεῦρα
1108 1724 1162 1790 καλ
1187 1723 1274 1792 πόσα
1297 1726 1419 1797 saltat

206 1834 327 1913 πηλίκα
350 1828 404 1894 καὶ
428 1826 509 1894 κατά
532 1857 563 1895 τι
560 1828 722 1915 ’μάλιστα
746 1831 845 1916 μέρος
868 1831 901 1910 ἐξ
921 1829 1106 1916 ἐγκεφάλου
1124 1829 1353 1916 βλαστάνοντα

206 1941 255 2012 τίς
277 1961 311 2002 τε
333 1949 403 2012 τοῖς
425 1931 489 2002 ὑπὸ
514 1931 627 2003 αὐτῶν
649 1939 859 2024 κινουμένοις
882 1933 1039 2022 ὀργάνοις
1061 1936 1183 2024 τρόπος
1207 1938 1274 2004 ἐστὶ
1296 1941 1354 2024 τῆς

207 2040 375 2127 κινήσεως.
429 2041 493 2127 ἐγὼ
527 2041 563 2108 δέ
593 2044 647 2110 καὶ
680 2043 831 2130 πρόσθεν
863 2041 972 2127 εἷπον,
1005 2040 1050 2122 ὦς
1081 2043 1238 2123 πολλάκις
1270 2042 1352 2131 ὑπὲρ
1368 2064 1393 2102 15

209 2151 275 2214 τῶν
297 2145 408 2215 αὐτῶν
431 2148 574 2236 γράφειν
596 2147 657 2218 οῦκ
681 2153 821 2234 ἐπαινῶ,
850 2146 948 2232 άλλά,
972 2159 1061 2236 είπερ
1085 2148 1190 2228 ὅντως
1214 2151 1285 2217 ἐστί
1304 2177 1353 2228 τις

243 2366 403 2442 2μνῦνδ’
425 2367 581 2426 testesve
605 2373 683 2442 μυῦν
704 2369 801 2428 ἐκείνα
820 2372 849 2425 Μ
872 2393 951 2442 μυων
970 2367 1192 2426 ἐκείνωνΑ,-
1216 2379 1233 2426 4
1258 2371 1352 2428 διαλέ-

207 2443 441 2498 aronnatcoe
470 2444 684 2529 8τεμνομένων
708 2443 964 2528 ΜΑΒΟλιτεμμομ
967 2442 1033 2498 ένου
1053 2442 1169 2496 CK-
1194 2451 1226 2496 ll
1250 2436 1351 2498 οσοιΟ

206 2509 296 2642 πόσὲη
308 2515 431 2568 ΜΑ.-
463 2522 495 2570 13
515 2511 708 2584 βλαστάνοντα
734 2514 788 2569 ΟΜ
812 2511 1016 2585 βλαστάνονται
1038 2511 1184 2580 ABchK;
1212 2514 1247 2569 of.
1267 2515 1350 2570 Proll.

206 2795 357 2879 deinceps
398 2795 566 2879 proprium
608 2795 697 2860 vocis
739 2795 991 2859 instrumentum
1033 2793 1095 2857 tibi
1137 2795 1352 2877 ostendemus,

206 2903 375 2988 laryngem
404 2907 437 2966 et
469 2901 524 2985 qui
553 2924 625 2966 eum
658 2905 791 2967 movent
820 2901 997 2984 musculos,
1029 2903 1099 2964 tum
1132 2901 1352 2966 musculorum

205 3031 336 3093 nervos,
359 3009 415 3094 qui
439 3031 458 3072 a
481 3009 612 3074 cerebro
636 3009 847 3092 descendunt,
874 3012 944 3072 tum
967 3007 1128 3092 linguam,
1155 3005 1241 3090 quod
1264 3006 1353 3070 aliud

206 3139 271 3181 non
293 3116 382 3181 roois
405 3115 487 3179 illud
509 3116 652 3200 quidem,
675 3116 731 3180 sed
754 3116 902 3201 loquelae
929 3114 981 3179 vel
1008 3113 1183 3177 locutionis
1214 3109 1352 3197 (utrovis

208 3222 303 3288 modo
334 3221 478 3306 appelles
513 3219 604 3308 lieet)
620 3223 887 3286 ¹instrumentum
920 3225 982 3306 est,
1013 3219 1176 3284 musculos
1206 3218 1285 3283 item
1320 3222 1353 3282 et

207 3351 324 3394 nervos
359 3352 379 3392 a
409 3329 540 3394 cerebro
573 3351 611 3394 eo
646 3328 877 3414 pertingentes.
933 3327 1040 3412 Atque
1072 3325 1220 3410 pluribus
1253 3324 1352 3390 etiam

206 3433 403 3500 animalibus
422 3435 627 3520 praeparatis
647 3435 862 3518 ostendemus,
884 3437 921 3498 ut
938 3433 1073 3518 quisque
1092 3454 1274 3515 nervorum,
1296 3432 1351 3516 qui

206 3565 223 3605 e
252 3543 384 3608 cerebro
412 3545 560 3626 manant,
587 3541 797 3626 praeciditur,
821 3540 943 3623 officia,
971 3561 1052 3625 quae
1081 3539 1352 3622 supradiximus,

204 3648 295 3713 aliud
317 3649 352 3712 in
376 3649 440 3714 alio
464 3649 610 3713 desinere
639 3651 736 3732 atque
759 3648 901 3712 interire.
949 3645 996 3710 At
1025 3645 1186 3709 desideret
1212 3644 1352 3710 fortasse

206 3755 370 3840 quispiam
403 3755 527 3839 audire,
558 3755 720 3840 quodnam
753 3754 797 3818 sit
829 3753 998 3838 proprium
1034 3752 1188 3836 cuiusque
1220 3751 1351 3818 illorum

205 3860 388 3927 officiorum
419 3863 672 3927 instrumentum
704 3861 821 3945 quique
855 3861 922 3924 sint
953 3858 1110 3942 musculi,
1142 3859 1198 3943 qui
1225 3863 1350 3924 motum

205 3973 385 4053 praestent,
417 3973 559 4054 quotque
592 3990 728 4033 numero
756 3989 860 4052 quove
889 3967 955 4031 situ
986 3967 1138 4051 dispositi
1170 3967 1222 4030 vel
1253 3987 1351 4050 quam

205 4076 325 4160 magni,
348 4098 429 4160 quos
453 4075 551 4138 iidem
573 4096 690 4140 nervos
714 4074 894 4158 excipient,
922 4079 1001 4158 quot
1022 4076 1224 4159 quantosque
1247 4093 1350 4156 quave

205 4203 244 4245 ex
266 4185 360 4264 parte
386 4205 405 4245 a
424 4183 555 4247 cerebro
576 4181 804 4266 germinantes,
828 4181 900 4264 quis
924 4180 1060 4265 denique
1080 4180 1124 4243 sit
1147 4177 1262 4243 modus
1284 4201 1351 4242 mo-

204 4287 304 4352 tionis
327 4287 566 4371 instrumentis,
598 4309 681 4372 quae
708 4287 816 4352 nervis
844 4289 1023 4352 morentur.
1073 4285 1145 4370 Ego
1178 4305 1255 4348 vero
1283 4284 1350 4346 iam

205 4417 303 4478 supra
334 4395 400 4459 dixi
429 4417 499 4458 eam
533 4394 694 4458 scribendi
725 4392 886 4458 rationem
919 4393 1000 4456 mihi
1030 4414 1098 4456 non
1130 4390 1277 4474 probari,
1315 4391 1350 4451 ut

1084 4493 1136 4547 13*
