3298 5136
631 443 874 508 -171-

173 591 213 659 δὲ
237 591 291 660 καλ
316 599 501 682 κατατρίβει
525 597 633 687 μάτην
656 599 751 692 ἡμῶν
772 601 833 674 τὸν
851 604 977 694 χρόνον
994 604 1075 676 αὐτὸ
1095 611 1194 677 τοῦτο
1217 607 1325 696 μόνον

173 699 451 788 ἐνΙδεικνυμένων
474 705 602 796 αὐτοῖς,
624 707 670 790 ὥς
693 709 754 782 οὐκ
778 719 868 782 ἔστιν
891 714 1127 804 ἑπιστημονικὰ
1154 720 1257 784 ταῦτα
1283 716 1323 784 τὰ
1333 725 1390 784 1114

171 831 236 898 τοῦ
260 820 536 914 συμπεράσματος
559 818 722 908 λήμματα,
745 821 825 908 μετὰ
844 829 947 892 ταῦτα
971 826 1008 894 δὲ
1031 824 1086 894 καὶ
1105 830 1324 910 συγκαταβαι-

175 934 309 1004 νόντων
335 961 370 1002 τε
397 930 451 998 καλ
480 926 759 1015 συμπαλαιόντων
786 927 899 1013 αὐτοῖς
929 932 1012 1022 ὑπὲρ
1044 935 1106 1003 τοῦ
1138 932 1242 1012 δεῖξαι
1269 933 1325 1000 καὶ

173 1070 256 1124 τους
279 1042 414 1121 ἰδιώτας
436 1040 490 1106 καὶ
517 1033 596 1114 τοὺς
618 1061 756 1124 'totototo
783 1039 884 1112 οὐδὲν
907 1037 1007 1132 ἦττον
1034 1041 1115 1132 ἡμῖν
1130 1038 1162 1128 ἢ
1187 1043 1325 1122 ἐκείνοις
1345 1070 1358 1110 5

174 1154 439 1238 μαρτυροῦντας,
463 1149 546 1221 άλλδι
570 1158 660 1221 ἔστιν
683 1151 736 1221 ὅτε
760 1153 815 1220 καὶ
837 1156 973 1240 μάλλον.
1016 1152 1102 1221 οὕτω
1127 1151 1164 1219 δὲ
1185 1153 1241 1220 καὶ
1264 1151 1326 1240 τὴν

176 1259 408 1346 ἐτυμολομίαν,
432 1260 568 1329 ἐπειδὰν
590 1259 723 1348 ἄγωμεν
745 1262 953 1348 μακροτέραν
980 1259 1119 1347 σχολήν,
1144 1261 1325 1328 ἐπιδείκνυ-

176 1393 240 1453 μεν
267 1363 380 1446 αὐτοῖς
409 1363 510 1436 οὐδὲν
536 1373 664 1455 μάλλον
692 1371 830 1448 ἐκείνοις
861 1366 943 1455 ἥπερ
970 1364 1052 1455 ἡμῖν
1080 1371 1325 1454 μαρτυροῦσαν.

177 1470 261 1542 ἀλλὰ
285 1471 335 1541 ὅτι
359 1472 421 1561 μὲν
443 1471 573 1556 ἀλαζών
596 1478 663 1544 ἐστι
682 1473 846 1563 μάρτυςὴ
870 1477 1067 1560 ἐτυμολογία
1086 1473 1243 1553 πολλάκις
1265 1474 1304 1561 μὲ

177 1578 302 1667 ὁμοίως
324 1569 547 1668 μαρτυροῦσα
561 1598 632 1662 τοῖς
653 1582 814 1652 τάναντία
837 1583 971 1667 λέγουσι
995 1585 1063 1650 τῶν
1085 1578 1241 1668 άληθῶν,
1265 1569 1326 1650 οὐκ
1342 1605 1365 1642 u,

178 1685 327 1775 ὀλιγάκις
351 1688 387 1757 δὲ
409 1705 479 1770 τοῖς
498 1693 718 1779 ψευδομένοις
739 1694 868 1778 μᾶλλον
890 1687 972 1776 ἥπερ
995 1703 1065 1768 τοῖς
1087 1685 1327 1776 ἀληθεύουσιν,

178 1797 217 1863 ἐν
236 1797 330 1884 ἑτέρᾳ
343 1804 548 1886 πραγματείᾳ
568 1800 735 1867 δι’δειιιταί
750 1824 819 1883 μοι,
837 1790 877 1885 τῇ
896 1797 969 1883 περὶ
989 1793 1166 1884 ὀνομάτων
1185 1794 1348 1885 ὀρθότη-,

178 1929 243 1988 τος,
267 1907 351 1971 ἔνθα
375 1905 429 1972 καὶ
453 1906 526 1992 περὶ
554 1909 612 1992 τῆς
639 1905 703 1991 ἐγώ
731 1906 847 1991 φωνῆς
870 1903 1018 1985 ἐπέδειξα
1045 1903 1105 1972 τὸν
1127 1904 1326 1991 Χρύσιππον

178 2010 445 2096 ἐτυμολογοῦντα
469 2016 608 2091 ψευδῶς.
644 2019 679 2080 τί
699 2007 742 2080 civ
760 2002 823 2080 οὖν
845 2015 892 2078 ἔτι
916 2014 1055 2097 δεοίμην
1077 2007 1159 2098 ὑπὲρ
1182 2015 1250 2079 τῶν
1269 2009 1327 2080 αὐ-

177 2119 247 2184 τῶν
268 2118 417 2185 ἐνταῦθα
441 2119 612 2198 διεξιέναις
636 2125 818 2211 Χρυσίππῳ
840 2117 903 2206 μὲν
926 2115 990 2204 γὰρ
1013 2119 1067 2186 καλ
1085 2117 1188 2207 :sonito
1212 2125 1325 2206 φίλον,
1342 2146 1366 2185 ιε

179 2219 222 2292 οὐ
245 2224 297 2306 δλς
319 2219 339 2310 ἢ
362 2229 448 2312 τρίς,
476 2221 560 2294 ἀλλὰ
583 2227 637 2294 καλ
664 2225 827 2312 τετράκις,
856 2227 962 2293 ε’νιότε
989 2226 1043 2292 καὶ
1065 2224 1219 2305 πεντάκις
1241 2223 1326 2313 ὑπὲρ

181 2362 392 2370 ——-..———.

217 2425 229 2474 1
251 2417 283 2475 dt
308 2423 374 2476 ente
392 2420 440 2476 καλ
464 2439 518 2478 om.
536 2423 573 2477 M.
594 2455 627 2463 -
650 2439 701 2492 pro
720 2416 809 2490 μόνον
830 2420 980 2488 legendum
1004 2421 1114 2482 πρῶτον
1138 2422 1271 2490 suspicor.
1292 2453 1325 2464 -

180 2491 306 2545 νταῦτα
324 2493 390 2546 anto
409 2488 443 2547 τά
464 2495 514 2548 τοῦ
541 2511 591 2550 nos
609 2493 784 2548 inseruimus.
806 2524 838 2532 -
865 2499 880 2543 ἡ
904 2485 921 2559 ἢ
941 2493 1007 2546 nuto
1026 2488 1146 2553 ἐκείνοις
1164 2509 1217 2546 om.
1238 2493 1266 2547 C.
1292 2523 1323 2533 -

180 2569 196 2614 8
215 2563 321 2630 μάλλον
339 2555 357 2624 ii
378 2559 498 2627 ἐκείνοις
516 2565 544 2620 G.
565 2597 598 2606 -
618 2573 634 2620 9
653 2559 759 2634 μάρτυς
778 2562 891 2618 ΟΜΑΒ
911 2557 1018 2630 μάρτυρ
1037 2563 1076 2618 Cb
1096 2563 1129 2617 K.
1149 2595 1183 2602 —
1209 2571 1239 2618 11
1259 2558 1325 2632 α’λη-

178 2627 318 2690 θεάουαιν
337 2629 375 2696 ὥς
393 2630 426 2690 ἐν
445 2635 473 2690 C.
494 2669 528 2676 —
552 2643 584 2690 12
604 2656 651 2705 μοι
670 2635 719 2703 τῆς
738 2634 917 2690 CABOhK
940 2653 986 2696 μοι
1005 2635 1038 2701 τῆ
1057 2635 1086 2688 Μ
1104 2655 1141 2704 μ,
1160 2635 1194 2702 τῇ
1213 2652 1271 2688 nos.
1290 2667 1324 2678 -

178 2704 244 2790 ηερλ
259 2705 318 2792 μῶν
336 2701 483 2774 ὀνομάτων
494 2708 532 2794 ς(λ.
552 2739 585 2748 -
607 2715 640 2761 14
664 2705 847 2776 αοχδηρῶςθ
870 2705 984 2776 ψευδῶς
1002 2705 1070 2762 MA.
1091 2737 1123 2746 -
1143 2707 1173 2759 τί
1188 2695 1241 2761 οὖν
1260 2706 1280 2761 Ο
1298 2707 1328 2761 τί

180 2795 218 2830 αν
236 2796 289 2831 ουν
307 2777 337 2832 Μ
354 2779 385 2831 τί
399 2775 452 2848 μὲν
471 2798 523 2833 ουν
543 2777 680 2834 ABChK.
699 2808 733 2819 -
918 2807 921 2814 ’

180 2977 218 3040 ut
248 2975 332 3042 nihil
369 2979 556 3061 conficiunt,
588 2980 637 3045 ito
671 2981 802 3062 tempus
837 2976 998 3042 inutiliter
1027 2976 1124 3043 nobis
1156 2978 1267 3041 tenmt
1291 2977 1325 3042 id

181 3082 289 3166 ipsum
312 3082 453 3169 primum
476 3084 701 3169 probantibus,
724 3085 807 3151 istos
826 3083 1043 3149 conclusionis
1067 3082 1245 3150 sumtiones
1269 3084 1324 3149 eb·

179 3187 313 3255 horrere
346 3214 365 3255 u
397 3191 574 3258 disserendi
607 3193 784 3278 elegantia,
815 3189 930 3255 deinde
963 3189 1063 3254 etiam
1093 3190 1128 3254 in
1161 3193 1326 3258 certamen

180 3296 448 3363 descendentibus
467 3323 505 3365 ao
524 3299 791 3366 contendentibus
814 3298 930 3382 vulgus
951 3301 984 3362 et
1000 3301 1114 3381 poetas
1128 3319 1194 3363 non
1208 3298 1326 3382 minus,
1396 3287 1400 3292 ¹

178 3403 281 3470 immo
315 3405 475 3470 interdum
507 3407 613 3491 magis
645 3429 705 3490 pro
737 3405 832 3471 nobis
864 3426 961 3488 quam
992 3403 1059 3469 illis
1093 3405 1217 3470 testari.
1272 3401 1326 3471 sie

180 3531 307 3596 quoque
326 3511 571 3596 etymologiam,
595 3535 668 3578 cum
686 3512 785 3596 paulo
807 3511 942 3576 liberius
962 3511 1066 3576 otium
1083 3511 1172 3576 neoti
1196 3511 1326 3594 erimus,

178 3639 247 3684 non
264 3620 371 3704 magis
389 3642 449 3704 pro
467 3619 534 3684 illis
553 3642 651 3704 quem
669 3620 765 3684 nobis
784 3616 1008 3683 testimonium
1027 3617 1158 3682 reddere
1178 3617 1325 3683 ostende-

181 3747 260 3790 mus.
308 3725 397 3802 Quae
420 3749 517 3811 quom
540 3727 715 3792 temerarie
736 3726 830 3790 testis
855 3728 953 3808 esset,
981 3724 1100 3809 quippe
1123 3747 1205 3810 quoe
1229 3747 1325 3808 saepe

181 3853 281 3915 aeque
314 3836 427 3898 contre
459 3834 632 3899 veritatem
661 3832 857 3915 dicentibus,
888 3853 955 3897 non
986 3854 1060 3896 roro
1093 3831 1324 3896 mentientibus

181 3938 286 4021 magis
313 3961 411 4022 quam
438 3963 515 4004 vera
543 3934 945 4021 dicentibus'testeretur,
972 3938 1006 4002 in
1037 3937 1102 4002 alio
1129 3939 1325 4002 commentu-

180 4043 283 4126 tione,
310 4067 392 4128 quse
415 4049 465 4110 est
487 4047 527 4111 de
549 4049 639 4111 reete
661 4047 829 4111 nominum
853 4044 995 4126 ratione,
1024 4067 1043 4108 a
1071 4043 1167 4108 nobis
1195 4043 1325 4106 demon·

181 4153 319 4215 stratum
339 4155 396 4234 est,
419 4152 475 4217 ubi
495 4152 594 4218 etiam
612 4152 822 4236 probavimus
843 4148 1065 4234 Chrysippum
1087 4147 1172 4212 falsu
1189 4147 1228 4210 de
1246 4168 1325 4212 voce

181 4250 245 4338 ἐγώ
267 4257 316 4322 uti
347 4259 555 4343 etymologis.
602 4257 686 4336 Quid
713 4259 816 4344 igitur
842 4278 924 4340 opus
953 4257 1003 4318 est
1026 4253 1137 4318 eadem
1160 4252 1214 4317 hio
1237 4275 1326 4338 repe-

179 4357 273 4422 tere?
320 4356 497 4447 Chrysippi
521 4362 549 4426 is
572 4385 644 4427 mos
669 4365 732 4444 est,
760 4364 797 4426 ut
823 4382 889 4426 non
918 4360 970 4425 bis
997 4362 1099 4443 terve,
1127 4359 1182 4424 sed
1212 4364 1326 4444 quater

180 4464 288 4549 etism,
311 4465 390 4564 quin
413 4466 581 4564 quinquies
605 4469 645 4535 de
664 4466 776 4532 eodem
794 4487 828 4534 re
852 4466 886 4532 in
903 4465 997 4532 libuis
1016 4461 1152 4530 diversis
1176 4461 1324 4548 disserat,
