<?xml version="1.0" encoding="UTF-8"?>
<!DOCTYPE html PUBLIC "-//W3C//DTD XHTML 1.0 Transitional//EN"
    "http://www.w3.org/TR/xhtml1/DTD/xhtml1-transitional.dtd">
<html xmlns="http://www.w3.org/1999/xhtml" xml:lang="en" lang="en">
 <head>
  <title>
</title>
<meta http-equiv="Content-Type" content="text/html;charset=utf-8" />
  <meta name='ocr-system' content='tesseract 3.04.00' />
  <meta name='ocr-capabilities' content='ocr_page ocr_carea ocr_par ocr_line ocrx_word'/>
</head>
<body>
  <div class='ocr_page' id='page_1' title='image "./claudiigalenide02mlgoog/claudiigalenide02mlgoog_0602.png"; bbox 0 0 3212 5146; ppageno 0'>
   <div class='ocr_carea' id='block_1_1' title="bbox 601 353 841 417">
    <p class='ocr_par' dir='ltr' id='par_1_1' title="bbox 601 353 841 417">
     <span class='ocr_line' id='line_1_1' title="bbox 601 353 841 417; baseline 0 -1"><span class='ocrx_word' id='word_1_1' title='bbox 601 353 841 417; x_wconf 84' lang='lat'>-583-</span> 
     </span>
    </p>
   </div>
   <div class='ocr_carea' id='block_1_2' title="bbox 146 505 1292 706">
    <p class='ocr_par' dir='ltr' id='par_1_2' title="bbox 146 505 1292 706">
     <span class='ocr_line' id='line_1_2' title="bbox 148 505 1292 598; baseline 0.003 -20"><span class='ocrx_word' id='word_1_2' title='bbox 148 507 167 598; x_wconf 74' lang='lat' dir='ltr'><strong><em>l,</em></strong></span> <span class='ocrx_word' id='word_1_3' title='bbox 191 507 287 597; x_wconf 83' lang='grc' dir='ltr'><strong><em>ἀρχή,</em></strong></span> <span class='ocrx_word' id='word_1_4' title='bbox 310 511 458 578; x_wconf 86' lang='grc' dir='ltr'><strong><em>ἐνταῦθα</em></strong></span> <span class='ocrx_word' id='word_1_5' title='bbox 478 507 618 576; x_wconf 85' lang='grc' dir='ltr'><strong><em>εἶναιτὸ</em></strong></span> <span class='ocrx_word' id='word_1_6' title='bbox 639 505 850 596; x_wconf 79' lang='grc' dir='ltr'><strong><em>ἡγεμονικόν,</em></strong></span> <span class='ocrx_word' id='word_1_7' title='bbox 873 507 954 596; x_wconf 78' lang='grc' dir='ltr'><strong><em>ὅπερ</em></strong></span> <span class='ocrx_word' id='word_1_8' title='bbox 978 511 1032 578; x_wconf 88' lang='grc' dir='ltr'><strong><em>καί</em></strong></span> <span class='ocrx_word' id='word_1_9' title='bbox 1051 507 1175 598; x_wconf 89' lang='grc' dir='ltr'><strong><em>ἀληθές</em></strong></span> <span class='ocrx_word' id='word_1_10' title='bbox 1194 514 1292 582; x_wconf 90' lang='grc' dir='ltr'><strong><em>ἐστιν.</em></strong></span> 
     </span>
     <span class='ocr_line' id='line_1_3' title="bbox 146 613 1291 706; baseline 0.002 -21"><span class='ocrx_word' id='word_1_11' title='bbox 146 614 229 686; x_wconf 89' lang='grc' dir='ltr'><strong><em>ἀλλά</em></strong></span> <span class='ocrx_word' id='word_1_12' title='bbox 254 614 274 704; x_wconf 79' lang='grc' dir='ltr'><strong><em>ἦ</em></strong></span> <span class='ocrx_word' id='word_1_13' title='bbox 298 643 333 702; x_wconf 91' lang='grc' dir='ltr'><strong><em>γε</em></strong></span> <span class='ocrx_word' id='word_1_14' title='bbox 358 622 613 702; x_wconf 75' lang='grc' dir='ltr'><em>προσληφθεῖσα</em></span> <span class='ocrx_word' id='word_1_15' title='bbox 643 615 785 702; x_wconf 90' lang='grc' dir='ltr'><strong><em>δεομένη</em></strong></span> <span class='ocrx_word' id='word_1_16' title='bbox 812 614 875 702; x_wconf 78' lang='grc' dir='ltr'><strong><em>μὲν</em></strong></span> <span class='ocrx_word' id='word_1_17' title='bbox 902 617 935 697; x_wconf 81' lang='grc' dir='ltr'><strong><em>ἐξ</em></strong></span> <span class='ocrx_word' id='word_1_18' title='bbox 963 613 1130 704; x_wconf 79' lang='grc' dir='ltr'><strong><em>ἀνατομῆς</em></strong></span> <span class='ocrx_word' id='word_1_19' title='bbox 1153 615 1291 706; x_wconf 78' lang='grc' dir='ltr'><strong><em>εὑρεθῆ-</em></strong></span> 
     </span>
    </p>
   </div>
   <div class='ocr_carea' id='block_1_3' title="bbox 24 719 1292 813">
    <p class='ocr_par' dir='ltr' id='par_1_3' title="bbox 24 719 1292 813">
     <span class='ocr_line' id='line_1_4' title="bbox 24 719 1292 813; baseline 0.002 -22"><span class='ocrx_word' id='word_1_20' title='bbox 24 771 26 802; x_wconf 90' lang='lat'>:</span> <span class='ocrx_word' id='word_1_21' title='bbox 147 751 218 808; x_wconf 88' lang='grc' dir='ltr'><strong><em>ναι,</em></strong></span> <span class='ocrx_word' id='word_1_22' title='bbox 241 723 487 808; x_wconf 77' lang='grc' dir='ltr'><strong><em>κατεψευσμένη</em></strong></span> <span class='ocrx_word' id='word_1_23' title='bbox 512 720 548 789; x_wconf 79' lang='grc' dir='ltr'><strong><em>δὲ</em></strong></span> <span class='ocrx_word' id='word_1_24' title='bbox 571 719 637 789; x_wconf 83' lang='grc' dir='ltr'><strong><em>ὑπὸ</em></strong></span> <span class='ocrx_word' id='word_1_25' title='bbox 663 721 800 789; x_wconf 80' lang='grc' dir='ltr'><strong><em>ἐκείνων</em></strong></span> <span class='ocrx_word' id='word_1_26' title='bbox 823 723 989 809; x_wconf 77' lang='grc' dir='ltr'><strong><em>οἰομένων</em></strong></span> <span class='ocrx_word' id='word_1_27' title='bbox 1013 723 1047 792; x_wconf 91' lang='grc' dir='ltr'><strong><em>ἐκ</em></strong></span> <span class='ocrx_word' id='word_1_28' title='bbox 1073 727 1132 810; x_wconf 82' lang='grc' dir='ltr'><strong><em>τῆς</em></strong></span> <span class='ocrx_word' id='word_1_29' title='bbox 1154 729 1292 813; x_wconf 79' lang='grc' dir='ltr'><strong><em>καρδίας</em></strong></span> 
     </span>
    </p>
   </div>
   <div class='ocr_carea' id='block_1_4' title="bbox 147 825 1318 1024">
    <p class='ocr_par' dir='ltr' id='par_1_4' title="bbox 147 825 1318 1024">
     <span class='ocr_line' id='line_1_5' title="bbox 147 825 1293 919; baseline 0 -19"><span class='ocrx_word' id='word_1_30' title='bbox 147 827 317 919; x_wconf 77' lang='grc' dir='ltr'><strong><em>ὁρμᾶσθαι</em></strong></span> <span class='ocrx_word' id='word_1_31' title='bbox 349 827 389 896; x_wconf 76' lang='lat' dir='ltr'><strong><em>sci</em></strong></span> <span class='ocrx_word' id='word_1_32' title='bbox 421 832 523 915; x_wconf 85' lang='grc' dir='ltr'><strong><em>νεῦρα</em></strong></span> <span class='ocrx_word' id='word_1_33' title='bbox 557 825 676 908; x_wconf 70' lang='grc' dir='ltr'><strong><em>ψευδές</em></strong></span> <span class='ocrx_word' id='word_1_34' title='bbox 712 827 846 908; x_wconf 84' lang='grc' dir='ltr'><strong><em>εἰκότως</em></strong></span> <span class='ocrx_word' id='word_1_35' title='bbox 879 827 1044 915; x_wconf 79' lang='grc' dir='ltr'><strong><em>εἰργάζετο</em></strong></span> <span class='ocrx_word' id='word_1_36' title='bbox 1076 833 1137 898; x_wconf 85' lang='grc' dir='ltr'><strong><em>τοῦ</em></strong></span> <span class='ocrx_word' id='word_1_37' title='bbox 1169 831 1293 913; x_wconf 79' lang='grc' dir='ltr'><strong><em>παντὸς</em></strong></span> 
     </span>
     <span class='ocr_line' id='line_1_6' title="bbox 147 931 1318 1024; baseline -0.004 -17"><span class='ocrx_word' id='word_1_38' title='bbox 147 937 251 1024; x_wconf 90' lang='grc' dir='ltr'><strong><em>λόγου</em></strong></span> <span class='ocrx_word' id='word_1_39' title='bbox 273 935 310 1005; x_wconf 82' lang='grc' dir='ltr'><strong><em>τὸ</em></strong></span> <span class='ocrx_word' id='word_1_40' title='bbox 330 937 558 1024; x_wconf 77' lang='grc' dir='ltr'><strong><em>συμπέρασμα.</em></strong></span> <span class='ocrx_word' id='word_1_41' title='bbox 594 940 653 1001; x_wconf 91' lang='grc' dir='ltr'><strong><em>καί</em></strong></span> <span class='ocrx_word' id='word_1_42' title='bbox 672 935 760 1013; x_wconf 84' lang='grc' dir='ltr'><strong><em>τινές</em></strong></span> <span class='ocrx_word' id='word_1_43' title='bbox 783 939 905 1020; x_wconf 76' lang='grc' dir='ltr'><strong><em>γενῶν</em></strong></span> <span class='ocrx_word' id='word_1_44' title='bbox 928 931 990 1003; x_wconf 86' lang='grc' dir='ltr'><strong><em>οὐκ</em></strong></span> <span class='ocrx_word' id='word_1_45' title='bbox 1009 933 1184 1023; x_wconf 82' lang='grc' dir='ltr'><strong><em>ἀλήθειαν,</em></strong></span> <span class='ocrx_word' id='word_1_46' title='bbox 1207 936 1318 1008; x_wconf 84' lang='grc' dir='ltr'><strong><em>ἀλλάε</em></strong></span> 
     </span>
    </p>
   </div>
   <div class='ocr_carea' id='block_1_5' title="bbox 24 1035 1291 1131">
    <p class='ocr_par' dir='ltr' id='par_1_5' title="bbox 24 1035 1291 1131">
     <span class='ocr_line' id='line_1_7' title="bbox 24 1035 1291 1131; baseline 0.008 -27"><span class='ocrx_word' id='word_1_47' title='bbox 24 1101 35 1130; x_wconf 30' lang='lat'><strong><em>,⁸</em></strong></span> <span class='ocrx_word' id='word_1_48' title='bbox 85 1035 90 1047; x_wconf 80' lang='grc'><strong><em>’</em></strong></span> <span class='ocrx_word' id='word_1_49' title='bbox 146 1042 229 1131; x_wconf 84' lang='grc' dir='ltr'><strong><em>ἀιιερ</em></strong></span> <span class='ocrx_word' id='word_1_50' title='bbox 253 1045 286 1124; x_wconf 88' lang='grc' dir='ltr'><strong><em>ἐξ</em></strong></span> <span class='ocrx_word' id='word_1_51' title='bbox 309 1041 412 1130; x_wconf 82' lang='grc' dir='ltr'><strong><em>ἀρχῆς</em></strong></span> <span class='ocrx_word' id='word_1_52' title='bbox 435 1047 552 1110; x_wconf 79' lang='grc' dir='ltr'><strong><em>ἔθεντο</em></strong></span> <span class='ocrx_word' id='word_1_53' title='bbox 576 1039 784 1126; x_wconf 85' lang='grc' dir='ltr'><strong><em>στεργόντιον</em></strong></span> <span class='ocrx_word' id='word_1_54' title='bbox 807 1039 1072 1128; x_wconf 78' lang='grc' dir='ltr'><strong><em>ἐπιχειρήσαντες</em></strong></span> <span class='ocrx_word' id='word_1_55' title='bbox 1093 1041 1291 1129; x_wconf 73' lang='grc' dir='ltr'><strong><em>ἀνατρέπειν</em></strong></span> 
     </span>
    </p>
   </div>
   <div class='ocr_carea' id='block_1_6' title="bbox 146 1147 1290 1237">
    <p class='ocr_par' dir='ltr' id='par_1_6' title="bbox 146 1147 1290 1237">
     <span class='ocr_line' id='line_1_8' title="bbox 146 1147 1290 1237; baseline 0.002 -19"><span class='ocrx_word' id='word_1_56' title='bbox 146 1149 183 1218; x_wconf 87' lang='grc' dir='ltr'><strong><em>τὸ</em></strong></span> <span class='ocrx_word' id='word_1_57' title='bbox 222 1155 323 1218; x_wconf 82' lang='grc' dir='ltr'><strong><em>πᾶσιν</em></strong></span> <span class='ocrx_word' id='word_1_58' title='bbox 360 1147 633 1237; x_wconf 85' lang='grc' dir='ltr'><strong><em>ὁμολογούμενον</em></strong></span> <span class='ocrx_word' id='word_1_59' title='bbox 671 1151 861 1234; x_wconf 79' lang='grc' dir='ltr'><strong><em>ἔμπροσθεν</em></strong></span> <span class='ocrx_word' id='word_1_60' title='bbox 902 1151 1013 1235; x_wconf 82' lang='grc' dir='ltr'><strong><em>λῆμμα</em></strong></span> <span class='ocrx_word' id='word_1_61' title='bbox 1054 1152 1290 1237; x_wconf 87' lang='grc' dir='ltr'><strong><em>καταγέλαστοι</em></strong></span> 
     </span>
    </p>
   </div>
   <div class='ocr_carea' id='block_1_7' title="bbox 29 1249 1292 1344">
    <p class='ocr_par' dir='ltr' id='par_1_7' title="bbox 29 1249 1292 1344">
     <span class='ocr_line' id='line_1_9' title="bbox 29 1249 1292 1344; baseline 0.003 -22"><span class='ocrx_word' id='word_1_62' title='bbox 29 1311 37 1322; x_wconf 89' lang='grc'>.</span> <span class='ocrx_word' id='word_1_63' title='bbox 146 1259 262 1336; x_wconf 77' lang='grc' dir='ltr'><strong><em>τελέως</em></strong></span> <span class='ocrx_word' id='word_1_64' title='bbox 290 1255 472 1342; x_wconf 78' lang='grc' dir='ltr'><strong><em>ἐφάνησαν.</em></strong></span> <span class='ocrx_word' id='word_1_65' title='bbox 525 1255 658 1341; x_wconf 77' lang='grc' dir='ltr'><strong><em>ἐδείχθη</em></strong></span> <span class='ocrx_word' id='word_1_66' title='bbox 688 1251 751 1339; x_wconf 82' lang='grc' dir='ltr'><strong><em>γὰρ</em></strong></span> <span class='ocrx_word' id='word_1_67' title='bbox 779 1249 843 1320; x_wconf 84' lang='grc' dir='ltr'><strong><em>ἀπὸ</em></strong></span> <span class='ocrx_word' id='word_1_68' title='bbox 874 1249 976 1340; x_wconf 81' lang='grc' dir='ltr'><strong><em>αὐτῆς</em></strong></span> <span class='ocrx_word' id='word_1_69' title='bbox 1001 1259 1062 1322; x_wconf 89' lang='grc' dir='ltr'><strong><em>τοῦ</em></strong></span> <span class='ocrx_word' id='word_1_70' title='bbox 1090 1258 1292 1344; x_wconf 83' lang='grc' dir='ltr'><strong><em>ζητουμένου</em></strong></span> 
     </span>
    </p>
   </div>
   <div class='ocr_carea' id='block_1_8' title="bbox 146 1355 1331 1557">
    <p class='ocr_par' dir='ltr' id='par_1_8' title="bbox 146 1355 1331 1557">
     <span class='ocr_line' id='line_1_10' title="bbox 146 1355 1290 1452; baseline 0.003 -22"><span class='ocrx_word' id='word_1_71' title='bbox 146 1361 336 1452; x_wconf 78' lang='grc' dir='ltr'><strong><em>πράγματος</em></strong></span> <span class='ocrx_word' id='word_1_72' title='bbox 358 1366 416 1448; x_wconf 82' lang='grc' dir='ltr'><strong><em>της</em></strong></span> <span class='ocrx_word' id='word_1_73' title='bbox 439 1365 562 1440; x_wconf 83' lang='grc' dir='ltr'><strong><em>οἰκείας</em></strong></span> <span class='ocrx_word' id='word_1_74' title='bbox 583 1359 715 1448; x_wconf 79' lang='grc' dir='ltr'><strong><em>φύσεως</em></strong></span> <span class='ocrx_word' id='word_1_75' title='bbox 737 1356 757 1446; x_wconf 83' lang='grc' dir='ltr'>ἢ</span> <span class='ocrx_word' id='word_1_76' title='bbox 783 1355 899 1439; x_wconf 84' lang='grc' dir='ltr'><strong><em>οὐσίας</em></strong></span> <span class='ocrx_word' id='word_1_77' title='bbox 925 1356 944 1446; x_wconf 87' lang='grc' dir='ltr'><em>ἢ</em></span> <span class='ocrx_word' id='word_1_78' title='bbox 968 1359 1057 1441; x_wconf 83' lang='grc' dir='ltr'><strong><em>ὅπως</em></strong></span> <span class='ocrx_word' id='word_1_79' title='bbox 1080 1359 1122 1430; x_wconf 86' lang='grc' dir='ltr'><strong><em>ἀν</em></strong></span> <span class='ocrx_word' id='word_1_80' title='bbox 1144 1391 1194 1442; x_wconf 87' lang='grc' dir='ltr'><strong><em>τις</em></strong></span> <span class='ocrx_word' id='word_1_81' title='bbox 1216 1361 1290 1434; x_wconf 91' lang='grc' dir='ltr'><strong><em>ὀνο-</em></strong></span> 
     </span>
     <span class='ocr_line' id='line_1_11' title="bbox 146 1463 1331 1557; baseline -0.001 -20"><span class='ocrx_word' id='word_1_82' title='bbox 146 1469 260 1556; x_wconf 79' lang='grc' dir='ltr'><strong><em>μάζειν</em></strong></span> <span class='ocrx_word' id='word_1_83' title='bbox 293 1471 408 1557; x_wconf 84' lang='grc' dir='ltr'><strong><em>ἐθέλη,</em></strong></span> <span class='ocrx_word' id='word_1_84' title='bbox 440 1465 502 1554; x_wconf 82' lang='grc' dir='ltr'><strong><em>τὴν</em></strong></span> <span class='ocrx_word' id='word_1_85' title='bbox 531 1473 643 1535; x_wconf 83' lang='grc' dir='ltr'><strong><em>πίστιν</em></strong></span> <span class='ocrx_word' id='word_1_86' title='bbox 675 1471 753 1554; x_wconf 81' lang='grc' dir='ltr'><strong><em>ἕχον</em></strong></span> <span class='ocrx_word' id='word_1_87' title='bbox 785 1463 986 1554; x_wconf 85' lang='grc' dir='ltr'><strong><em>ἡγεμονικὸν</em></strong></span> <span class='ocrx_word' id='word_1_88' title='bbox 1018 1466 1104 1536; x_wconf 88' lang='grc' dir='ltr'><strong><em>εἰναι</em></strong></span> <span class='ocrx_word' id='word_1_89' title='bbox 1133 1466 1291 1538; x_wconf 79' lang='grc' dir='ltr'><strong><em>ἁπάντων</em></strong></span> <span class='ocrx_word' id='word_1_90' title='bbox 1307 1499 1331 1536; x_wconf 87' lang='grc' dir='ltr'><strong><em>ιο</em></strong></span> 
     </span>
    </p>
   </div>
   <div class='ocr_carea' id='block_1_9' title="bbox 24 1571 1292 1782">
    <p class='ocr_par' dir='ltr' id='par_1_9' title="bbox 24 1571 1292 1782">
     <span class='ocr_line' id='line_1_12' title="bbox 24 1571 1292 1670; baseline 0.001 -28"><span class='ocrx_word' id='word_1_91' title='bbox 24 1643 28 1670; x_wconf 36' lang='lat'>3</span> <span class='ocrx_word' id='word_1_92' title='bbox 146 1575 320 1644; x_wconf 75' lang='grc' dir='ltr'><strong><em>νοοόντιν</em></strong></span> <span class='ocrx_word' id='word_1_93' title='bbox 346 1575 401 1642; x_wconf 81' lang='grc' dir='ltr'><strong><em>καὶ</em></strong></span> <span class='ocrx_word' id='word_1_94' title='bbox 434 1574 601 1660; x_wconf 83' lang='grc' dir='ltr'><strong><em>λεγόντοιν</em></strong></span> <span class='ocrx_word' id='word_1_95' title='bbox 627 1573 664 1644; x_wconf 87' lang='grc' dir='ltr'><strong><em>τὸ</em></strong></span> <span class='ocrx_word' id='word_1_96' title='bbox 692 1571 858 1660; x_wconf 85' lang='grc' dir='ltr'><strong><em>κατάρχον</em></strong></span> <span class='ocrx_word' id='word_1_97' title='bbox 886 1571 1074 1659; x_wconf 67' lang='grc' dir='ltr'><strong><em>αἰσθήσεώς</em></strong></span> <span class='ocrx_word' id='word_1_98' title='bbox 1100 1601 1134 1642; x_wconf 86' lang='grc' dir='ltr'><strong><em>τε</em></strong></span> <span class='ocrx_word' id='word_1_99' title='bbox 1157 1575 1292 1664; x_wconf 74' lang='grc' dir='ltr'><strong><em>καὶτῆς</em></strong></span> 
     </span>
     <span class='ocr_line' id='line_1_13' title="bbox 24 1675 1292 1782; baseline 0 -31"><span class='ocrx_word' id='word_1_100' title='bbox 24 1727 30 1782; x_wconf 75' lang='lat'><strong><em>&#39;.</em></strong></span> <span class='ocrx_word' id='word_1_101' title='bbox 146 1679 224 1751; x_wconf 84' lang='grc' dir='ltr'><strong><em>καθ’</em></strong></span> <span class='ocrx_word' id='word_1_102' title='bbox 255 1679 363 1770; x_wconf 79' lang='grc' dir='ltr'><strong><em>ὁρμὴν</em></strong></span> <span class='ocrx_word' id='word_1_103' title='bbox 393 1680 564 1768; x_wconf 76' lang='grc' dir='ltr'><strong><em>κινήσεως·</em></strong></span> <span class='ocrx_word' id='word_1_104' title='bbox 597 1683 732 1768; x_wconf 82' lang='grc' dir='ltr'><strong><em>ἐδείχθη</em></strong></span> <span class='ocrx_word' id='word_1_105' title='bbox 763 1681 799 1748; x_wconf 77' lang='grc' dir='ltr'><strong><em>δὲ</em></strong></span> <span class='ocrx_word' id='word_1_106' title='bbox 831 1685 902 1762; x_wconf 89' lang='grc' dir='ltr'><strong><em>καί,</em></strong></span> <span class='ocrx_word' id='word_1_107' title='bbox 934 1675 979 1759; x_wconf 75' lang='grc' dir='ltr'><strong><em>ὡς</em></strong></span> <span class='ocrx_word' id='word_1_108' title='bbox 1010 1675 1111 1760; x_wconf 80' lang='grc' dir='ltr'><strong><em>αὐτὸς</em></strong></span> <span class='ocrx_word' id='word_1_109' title='bbox 1140 1679 1160 1750; x_wconf 86' lang='grc' dir='ltr'><strong><em>’ὁ</em></strong></span> <span class='ocrx_word' id='word_1_110' title='bbox 1193 1681 1292 1769; x_wconf 92' lang='grc' dir='ltr'><strong><em>λόγος</em></strong></span> 
     </span>
    </p>
   </div>
   <div class='ocr_carea' id='block_1_10' title="bbox 146 1783 1291 1982">
    <p class='ocr_par' dir='ltr' id='par_1_10' title="bbox 146 1783 1291 1982">
     <span class='ocr_line' id='line_1_14' title="bbox 146 1783 1290 1876; baseline 0 -20"><span class='ocrx_word' id='word_1_111' title='bbox 146 1787 262 1876; x_wconf 77' lang='grc' dir='ltr'><strong><em>ἀρχαῖς</em></strong></span> <span class='ocrx_word' id='word_1_112' title='bbox 292 1789 354 1876; x_wconf 67' lang='grc' dir='ltr'><strong><em>μὶν</em></strong></span> <span class='ocrx_word' id='word_1_113' title='bbox 386 1785 447 1856; x_wconf 81' lang='grc' dir='ltr'><strong><em>οὐκ</em></strong></span> <span class='ocrx_word' id='word_1_114' title='bbox 478 1793 568 1856; x_wconf 85' lang='grc' dir='ltr'><strong><em>ἔστιν</em></strong></span> <span class='ocrx_word' id='word_1_115' title='bbox 599 1783 806 1874; x_wconf 87' lang='grc' dir='ltr'><strong><em>ἀρκούμενος</em></strong></span> <span class='ocrx_word' id='word_1_116' title='bbox 838 1785 1002 1872; x_wconf 87' lang='grc' dir='ltr'><strong><em>ἐνδόξοις,</em></strong></span> <span class='ocrx_word' id='word_1_117' title='bbox 1035 1783 1077 1855; x_wconf 84' lang='grc' dir='ltr'><strong><em>οὐ</em></strong></span> <span class='ocrx_word' id='word_1_118' title='bbox 1106 1787 1176 1874; x_wconf 82' lang='grc' dir='ltr'><strong><em>μὴν</em></strong></span> <span class='ocrx_word' id='word_1_119' title='bbox 1207 1785 1290 1856; x_wconf 82' lang='grc' dir='ltr'><strong><em>ἀλλὰ</em></strong></span> 
     </span>
     <span class='ocr_line' id='line_1_15' title="bbox 146 1890 1291 1982; baseline 0 -19"><span class='ocrx_word' id='word_1_120' title='bbox 146 1897 412 1981; x_wconf 78' lang='grc' dir='ltr'><strong><em>ἐκιστημονικοίς</em></strong></span> <span class='ocrx_word' id='word_1_121' title='bbox 442 1910 513 1974; x_wconf 75' lang='grc' dir='ltr'><strong><em>τοῖς</em></strong></span> <span class='ocrx_word' id='word_1_122' title='bbox 542 1893 687 1982; x_wconf 78' lang='grc' dir='ltr'><strong><em>λήμμασι</em></strong></span> <span class='ocrx_word' id='word_1_123' title='bbox 718 1894 933 1980; x_wconf 84' lang='grc' dir='ltr'><strong><em>κεχρημένος,</em></strong></span> <span class='ocrx_word' id='word_1_124' title='bbox 964 1890 1044 1980; x_wconf 83' lang='grc' dir='ltr'><strong><em>ὅπερ</em></strong></span> <span class='ocrx_word' id='word_1_125' title='bbox 1078 1894 1169 1962; x_wconf 89' lang='grc' dir='ltr'><strong><em>ἰδιόν</em></strong></span> <span class='ocrx_word' id='word_1_126' title='bbox 1201 1895 1291 1963; x_wconf 92' lang='grc' dir='ltr'><strong><em>ἐστιν</em></strong></span> 
     </span>
    </p>
   </div>
   <div class='ocr_carea' id='block_1_11' title="bbox 146 1997 1358 2088">
    <p class='ocr_par' dir='ltr' id='par_1_11' title="bbox 24 1973 1358 2088">
     <span class='ocr_line' id='line_1_16' title="bbox 146 1997 1358 2088; baseline 0.001 -18.909"><span class='ocrx_word' id='word_1_127' title='bbox 146 1999 375 2087; x_wconf 80' lang='grc' dir='ltr'><strong><em>ἀποδεικτικῆς</em></strong></span> <span class='ocrx_word' id='word_1_128' title='bbox 397 2001 558 2088; x_wconf 86' lang='grc' dir='ltr'><strong><em>μεθόδου.</em></strong></span> <span class='ocrx_word' id='word_1_129' title='bbox 608 1997 650 2069; x_wconf 78' lang='lat' dir='ltr'><strong>orl</strong></span> <span class='ocrx_word' id='word_1_130' title='bbox 676 1998 784 2086; x_wconf 89' lang='grc' dir='ltr'><strong><em>μόνον</em></strong></span> <span class='ocrx_word' id='word_1_131' title='bbox 812 1997 848 2066; x_wconf 78' lang='grc' dir='ltr'><strong><em>δέ</em></strong></span> <span class='ocrx_word' id='word_1_132' title='bbox 875 1997 955 2079; x_wconf 86' lang='grc' dir='ltr'><strong><em>τοὺς</em></strong></span> <span class='ocrx_word' id='word_1_133' title='bbox 981 2000 1055 2086; x_wconf 82' lang='grc' dir='ltr'><strong><em>περὶ</em></strong></span> <span class='ocrx_word' id='word_1_134' title='bbox 1084 2004 1190 2088; x_wconf 80' lang='grc' dir='ltr'><strong><em>ψυχῆς</em></strong></span> <span class='ocrx_word' id='word_1_135' title='bbox 1220 1997 1358 2088; x_wconf 73' lang='grc' dir='ltr'><strong><em>ἦγε-589</em></strong></span> 
     </span>
    </p>
   </div>
   <div class='ocr_carea' id='block_1_12' title="bbox 145 2101 1331 2195">
    <p class='ocr_par' dir='ltr' id='par_1_12' title="bbox 145 2101 1331 2195">
     <span class='ocr_line' id='line_1_17' title="bbox 145 2101 1331 2195; baseline 0.002 -21"><span class='ocrx_word' id='word_1_136' title='bbox 145 2111 287 2194; x_wconf 89' lang='grc' dir='ltr'><strong><em>μονικοῦ</em></strong></span> <span class='ocrx_word' id='word_1_137' title='bbox 305 2107 426 2194; x_wconf 79' lang='grc' dir='ltr'><strong><em>λόγους</em></strong></span> <span class='ocrx_word' id='word_1_138' title='bbox 443 2103 671 2195; x_wconf 78' lang='grc' dir='ltr'><strong><em>ήρωτημένονς</em></strong></span> <span class='ocrx_word' id='word_1_139' title='bbox 691 2107 696 2194; x_wconf 90' lang='grc' dir='ltr'>Ι</span> <span class='ocrx_word' id='word_1_140' title='bbox 717 2102 781 2174; x_wconf 71' lang='grc' dir='ltr'><strong><em>ὑπὸ</em></strong></span> <span class='ocrx_word' id='word_1_141' title='bbox 797 2101 909 2172; x_wconf 79' lang='grc' dir='ltr'><strong><em>αὐτῶν</em></strong></span> <span class='ocrx_word' id='word_1_142' title='bbox 927 2107 1114 2193; x_wconf 78' lang='grc' dir='ltr'><strong><em>ἐλέγχοντες</em></strong></span> <span class='ocrx_word' id='word_1_143' title='bbox 1128 2106 1290 2194; x_wconf 88' lang='grc' dir='ltr'><strong><em>ἐμηκύνα-</em></strong></span> <span class='ocrx_word' id='word_1_144' title='bbox 1307 2143 1331 2184; x_wconf 73' lang='grc' dir='ltr'><strong><em>ις</em></strong></span> 
     </span>
    </p>
   </div>
   <div class='ocr_carea' id='block_1_13' title="bbox 182 2295 1289 2370">
    <p class='ocr_par' dir='ltr' id='par_1_13' title="bbox 182 2295 1289 2370">
     <span class='ocr_line' id='line_1_18' title="bbox 182 2295 1289 2370; baseline 0.002 -14"><span class='ocrx_word' id='word_1_145' title='bbox 182 2309 197 2356; x_wconf 81' lang='grc'><strong>4</strong></span> <span class='ocrx_word' id='word_1_146' title='bbox 216 2299 323 2368; x_wconf 72' lang='grc' dir='ltr'><strong><em>ψευδὲς</em></strong></span> <span class='ocrx_word' id='word_1_147' title='bbox 341 2319 394 2358; x_wconf 92' lang='lat' dir='ltr'><strong><em>om.</em></strong></span> <span class='ocrx_word' id='word_1_148' title='bbox 409 2303 446 2358; x_wconf 82' lang='lat' dir='ltr'><strong><em>M.</em></strong></span> <span class='ocrx_word' id='word_1_149' title='bbox 466 2333 498 2342; x_wconf 89' lang='lat'>—</span> <span class='ocrx_word' id='word_1_150' title='bbox 519 2295 606 2356; x_wconf 83' lang='grc' dir='ltr'><strong><em>εἰκότ’</em></strong></span> <span class='ocrx_word' id='word_1_151' title='bbox 622 2301 658 2358; x_wconf 83' lang='grc' dir='ltr'><strong><em>Μ.</em></strong></span> <span class='ocrx_word' id='word_1_152' title='bbox 681 2331 712 2340; x_wconf 91' lang='grc'>-</span> <span class='ocrx_word' id='word_1_153' title='bbox 734 2307 766 2355; x_wconf 88' lang='grc'><strong><em>10</em></strong></span> <span class='ocrx_word' id='word_1_154' title='bbox 786 2295 860 2354; x_wconf 80' lang='grc' dir='ltr'><strong><em>εἶναι</em></strong></span> <span class='ocrx_word' id='word_1_155' title='bbox 879 2303 943 2370; x_wconf 89' lang='lat' dir='ltr'><strong>post</strong></span> <span class='ocrx_word' id='word_1_156' title='bbox 964 2295 1133 2370; x_wconf 80' lang='grc' dir='ltr'><strong><em>ἡγεμονικὸν</em></strong></span> <span class='ocrx_word' id='word_1_157' title='bbox 1151 2318 1202 2356; x_wconf 88' lang='lat' dir='ltr'><strong><em>nos</em></strong></span> <span class='ocrx_word' id='word_1_158' title='bbox 1215 2302 1289 2358; x_wconf 89' lang='lat' dir='ltr'><strong>inse·</strong></span> 
     </span>
    </p>
   </div>
   <div class='ocr_carea' id='block_1_14' title="bbox 24 2365 1290 2532">
    <p class='ocr_par' dir='ltr' id='par_1_14' title="bbox 24 2363 1290 2532">
     <span class='ocr_line' id='line_1_19' title="bbox 146 2365 1290 2444; baseline -0.002 -15.193"><span class='ocrx_word' id='word_1_159' title='bbox 146 2375 265 2436; x_wconf 85' lang='lat' dir='ltr'><strong>ruimua;</strong></span> <span class='ocrx_word' id='word_1_160' title='bbox 285 2373 319 2428; x_wconf 83' lang='lat' dir='ltr'><strong><em>cf.</em></strong></span> <span class='ocrx_word' id='word_1_161' title='bbox 338 2373 422 2430; x_wconf 86' lang='lat' dir='ltr'><strong>Proll.</strong></span> <span class='ocrx_word' id='word_1_162' title='bbox 442 2391 469 2444; x_wconf 89' lang='lat' dir='ltr'><strong><em>p.</em></strong></span> <span class='ocrx_word' id='word_1_163' title='bbox 490 2379 550 2428; x_wconf 82' lang='grc'><strong>109.</strong></span> <span class='ocrx_word' id='word_1_164' title='bbox 570 2405 601 2413; x_wconf 95' lang='grc'>-</span> <span class='ocrx_word' id='word_1_165' title='bbox 629 2377 661 2426; x_wconf 81' lang='grc'><strong><em>13</em></strong></span> <span class='ocrx_word' id='word_1_166' title='bbox 681 2369 733 2441; x_wconf 81' lang='grc' dir='ltr'><strong><em>μέν</em></strong></span> <span class='ocrx_word' id='word_1_167' title='bbox 753 2365 828 2426; x_wconf 83' lang='grc' dir='ltr'><strong><em>ἐστιν</em></strong></span> <span class='ocrx_word' id='word_1_168' title='bbox 847 2365 934 2438; x_wconf 79' lang='grc' dir='ltr'><strong><em>ἀρκεῖ</em></strong></span> <span class='ocrx_word' id='word_1_169' title='bbox 947 2367 1034 2441; x_wconf 83' lang='grc' dir='ltr'><strong><em>μόνος</em></strong></span> <span class='ocrx_word' id='word_1_170' title='bbox 1052 2371 1138 2426; x_wconf 80' lang='lat' dir='ltr'><strong>blAB</strong></span> <span class='ocrx_word' id='word_1_171' title='bbox 1163 2393 1190 2442; x_wconf 85' lang='grc' dir='ltr'><strong><em>μ.</em></strong></span> <span class='ocrx_word' id='word_1_172' title='bbox 1215 2369 1290 2429; x_wconf 88' lang='grc' dir='ltr'><strong><em>ἐστιν</em></strong></span> 
     </span>
     <span class='ocr_line' id='line_1_20' title="bbox 24 2437 1290 2532; baseline 0 -32"><span class='ocrx_word' id='word_1_173' title='bbox 24 2505 27 2514; x_wconf 57' lang='grc'>,</span> <span class='ocrx_word' id='word_1_174' title='bbox 146 2441 234 2516; x_wconf 88' lang='grc' dir='ltr'><strong><em>μόνον</em></strong></span> <span class='ocrx_word' id='word_1_175' title='bbox 253 2443 324 2500; x_wconf 87' lang='lat' dir='ltr'><strong><em>ChK</em></strong></span> <span class='ocrx_word' id='word_1_176' title='bbox 341 2439 423 2514; x_wconf 85' lang='grc' dir='ltr'><strong><em>λόγος</em></strong></span> <span class='ocrx_word' id='word_1_177' title='bbox 442 2439 494 2500; x_wconf 73' lang='lat' dir='ltr'><strong>cria</strong></span> <span class='ocrx_word' id='word_1_178' title='bbox 513 2439 598 2512; x_wconf 77' lang='grc' dir='ltr'><strong><em>ἀρκεῖ</em></strong></span> <span class='ocrx_word' id='word_1_179' title='bbox 617 2438 717 2532; x_wconf 74' lang='grc' dir='ltr'><strong><em>ἀρχαῖς</em></strong></span> <span class='ocrx_word' id='word_1_180' title='bbox 735 2437 824 2514; x_wconf 86' lang='grc' dir='ltr'><strong><em>μόνον</em></strong></span> <span class='ocrx_word' id='word_1_181' title='bbox 843 2440 923 2496; x_wconf 82' lang='grc' dir='ltr'><strong><em>Οοιιι.</em></strong></span> <span class='ocrx_word' id='word_1_182' title='bbox 948 2439 1000 2512; x_wconf 71' lang='grc' dir='ltr'><strong><em>μέν</em></strong></span> <span class='ocrx_word' id='word_1_183' title='bbox 1019 2437 1072 2497; x_wconf 75' lang='lat' dir='ltr'><strong>osia</strong></span> <span class='ocrx_word' id='word_1_184' title='bbox 1093 2441 1168 2498; x_wconf 80' lang='grc' dir='ltr'><strong><em>ἐστιν</em></strong></span> <span class='ocrx_word' id='word_1_185' title='bbox 1186 2439 1290 2512; x_wconf 82' lang='grc' dir='ltr'><strong><em>ἀρκοό-</em></strong></span> 
     </span>
    </p>
   </div>
   <div class='ocr_carea' id='block_1_15' title="bbox 146 2508 1290 2604">
    <p class='ocr_par' dir='ltr' id='par_1_15' title="bbox 146 2508 1290 2604">
     <span class='ocr_line' id='line_1_21' title="bbox 146 2508 1290 2604; baseline 0 -33"><span class='ocrx_word' id='word_1_186' title='bbox 146 2537 229 2587; x_wconf 85' lang='grc' dir='ltr'><strong><em>μενος</em></strong></span> <span class='ocrx_word' id='word_1_187' title='bbox 242 2533 306 2582; x_wconf 75' lang='grc' dir='ltr'><strong><em>ιιοες</em></strong></span> <span class='ocrx_word' id='word_1_188' title='bbox 321 2515 356 2570; x_wconf 78' lang='lat' dir='ltr'><strong><em>of.</em></strong></span> <span class='ocrx_word' id='word_1_189' title='bbox 370 2516 454 2572; x_wconf 89' lang='lat' dir='ltr'><strong>Proll.</strong></span> <span class='ocrx_word' id='word_1_190' title='bbox 466 2533 497 2604; x_wconf 79' lang='lat' dir='ltr'><strong><em>p.</em></strong></span> <span class='ocrx_word' id='word_1_191' title='bbox 508 2521 549 2570; x_wconf 85' lang='lat' dir='ltr'><strong>b&#39;l.</strong></span> <span class='ocrx_word' id='word_1_192' title='bbox 565 2546 598 2556; x_wconf 91' lang='lat'><em>-</em></span> <span class='ocrx_word' id='word_1_193' title='bbox 614 2533 666 2570; x_wconf 81' lang='grc' dir='ltr'><strong><em>ουκ</em></strong></span> <span class='ocrx_word' id='word_1_194' title='bbox 682 2509 809 2580; x_wconf 72' lang='grc' dir='ltr'><strong><em>ἐνδόξοις</em></strong></span> <span class='ocrx_word' id='word_1_195' title='bbox 823 2513 901 2568; x_wconf 81' lang='lat' dir='ltr'><strong>codd.</strong></span> <span class='ocrx_word' id='word_1_196' title='bbox 917 2513 978 2568; x_wconf 80' lang='lat' dir='ltr'><strong>edd.</strong></span> <span class='ocrx_word' id='word_1_197' title='bbox 995 2508 1047 2568; x_wconf 80' lang='grc' dir='ltr'><strong><em>οάα</em></strong></span> <span class='ocrx_word' id='word_1_198' title='bbox 1062 2514 1215 2570; x_wconf 74' lang='lat' dir='ltr'><strong>delevimus</strong></span> <span class='ocrx_word' id='word_1_199' title='bbox 1227 2533 1290 2571; x_wconf 86' lang='lat' dir='ltr'><strong><em>cum</em></strong></span> 
     </span>
    </p>
   </div>
   <div class='ocr_carea' id='block_1_16' title="bbox 24 2579 854 2656">
    <p class='ocr_par' dir='ltr' id='par_1_16' title="bbox 24 2579 854 2656">
     <span class='ocr_line' id='line_1_22' title="bbox 24 2579 854 2656; baseline 0.024 -32"><span class='ocrx_word' id='word_1_200' title='bbox 24 2579 31 2604; x_wconf 63' lang='lat'><strong><em>=&#39;</em></strong></span> <span class='ocrx_word' id='word_1_201' title='bbox 129 2587 226 2644; x_wconf 71' lang='lat' dir='ltr'><strong><em>&#39;com</em></strong></span> <span class='ocrx_word' id='word_1_202' title='bbox 246 2619 279 2627; x_wconf 93' lang='lat'>-</span> <span class='ocrx_word' id='word_1_203' title='bbox 301 2581 436 2656; x_wconf 74' lang='grc' dir='ltr'><strong><em>ἐνδόξοις,</em></strong></span> <span class='ocrx_word' id='word_1_204' title='bbox 455 2582 526 2642; x_wconf 85' lang='grc' dir='ltr'><strong><em>αλλόι</em></strong></span> <span class='ocrx_word' id='word_1_205' title='bbox 545 2587 594 2642; x_wconf 80' lang='grc' dir='ltr'><strong><em>καί</em></strong></span> <span class='ocrx_word' id='word_1_206' title='bbox 613 2581 700 2642; x_wconf 82' lang='grc' dir='ltr'><strong><em>ἐπιστ.</em></strong></span> <span class='ocrx_word' id='word_1_207' title='bbox 720 2581 801 2654; x_wconf 64' lang='lat' dir='ltr'><strong>Corn,</strong></span> <span class='ocrx_word' id='word_1_208' title='bbox 821 2614 854 2624; x_wconf 94' lang='grc'><strong>-</strong></span> 
     </span>
    </p>
   </div>
   <div class='ocr_carea' id='block_1_17' title="bbox 24 2745 1289 3153">
    <p class='ocr_par' dir='ltr' id='par_1_17' title="bbox 24 2745 1289 3153">
     <span class='ocr_line' id='line_1_23' title="bbox 146 2745 1289 2837; baseline 0 -21"><span class='ocrx_word' id='word_1_209' title='bbox 146 2775 211 2837; x_wconf 90' lang='lat' dir='ltr'><strong>qua</strong></span> <span class='ocrx_word' id='word_1_210' title='bbox 233 2751 354 2835; x_wconf 89' lang='lat' dir='ltr'><strong>dicunt,</strong></span> <span class='ocrx_word' id='word_1_211' title='bbox 377 2751 432 2817; x_wconf 93' lang='lat' dir='ltr'><strong><em>ubi</em></strong></span> <span class='ocrx_word' id='word_1_212' title='bbox 455 2773 628 2817; x_wconf 84' lang='lat' dir='ltr'><strong>nervorum</strong></span> <span class='ocrx_word' id='word_1_213' title='bbox 648 2749 740 2834; x_wconf 85' lang='lat' dir='ltr'><strong>origo</strong></span> <span class='ocrx_word' id='word_1_214' title='bbox 764 2747 817 2831; x_wconf 90' lang='lat' dir='ltr'><strong>sit,</strong></span> <span class='ocrx_word' id='word_1_215' title='bbox 840 2745 886 2812; x_wconf 90' lang='lat' dir='ltr'><strong><em>ibi</em></strong></span> <span class='ocrx_word' id='word_1_216' title='bbox 910 2769 981 2813; x_wconf 85' lang='lat' dir='ltr'><strong>esse</strong></span> <span class='ocrx_word' id='word_1_217' title='bbox 1005 2749 1106 2814; x_wconf 84' lang='lat' dir='ltr'><strong>animi</strong></span> <span class='ocrx_word' id='word_1_218' title='bbox 1128 2749 1289 2835; x_wconf 88' lang='lat' dir='ltr'><strong>principa-</strong></span> 
     </span>
     <span class='ocr_line' id='line_1_24' title="bbox 24 2841 1289 2940; baseline 0 -18"><span class='ocrx_word' id='word_1_219' title='bbox 24 2841 26 2876; x_wconf 64' lang='lat'>⁵</span> <span class='ocrx_word' id='word_1_220' title='bbox 145 2863 224 2924; x_wconf 90' lang='lat' dir='ltr'><strong>tum.</strong></span> <span class='ocrx_word' id='word_1_221' title='bbox 276 2856 364 2934; x_wconf 82' lang='lat' dir='ltr'><strong>Quae</strong></span> <span class='ocrx_word' id='word_1_222' title='bbox 395 2857 456 2922; x_wconf 89' lang='lat' dir='ltr'><strong>etsi</strong></span> <span class='ocrx_word' id='word_1_223' title='bbox 485 2879 562 2922; x_wconf 84' lang='lat' dir='ltr'><strong>vera</strong></span> <span class='ocrx_word' id='word_1_224' title='bbox 589 2861 652 2939; x_wconf 88' lang='lat' dir='ltr'><strong>est,</strong></span> <span class='ocrx_word' id='word_1_225' title='bbox 679 2857 791 2919; x_wconf 89' lang='lat' dir='ltr'><strong>tamen</strong></span> <span class='ocrx_word' id='word_1_226' title='bbox 817 2853 876 2918; x_wconf 92' lang='lat' dir='ltr'><strong>illa</strong></span> <span class='ocrx_word' id='word_1_227' title='bbox 900 2859 1059 2937; x_wconf 85' lang='lat' dir='ltr'><strong>assumta,</strong></span> <span class='ocrx_word' id='word_1_228' title='bbox 1091 2877 1187 2940; x_wconf 87' lang='lat' dir='ltr'><strong>quae,</strong></span> <span class='ocrx_word' id='word_1_229' title='bbox 1216 2880 1289 2923; x_wconf 89' lang='lat' dir='ltr'><strong><em>cum</em></strong></span> 
     </span>
     <span class='ocr_line' id='line_1_25' title="bbox 24 2951 1288 3048; baseline 0.001 -20"><span class='ocrx_word' id='word_1_230' title='bbox 24 2951 26 2986; x_wconf 73' lang='lat'><strong>²</strong></span> <span class='ocrx_word' id='word_1_231' title='bbox 145 2965 277 3030; x_wconf 80' lang='lat' dir='ltr'>deberet</span> <span class='ocrx_word' id='word_1_232' title='bbox 304 2985 342 3028; x_wconf 85' lang='lat' dir='ltr'><strong>ex</strong></span> <span class='ocrx_word' id='word_1_233' title='bbox 371 2963 537 3030; x_wconf 72' lang='lat' dir='ltr'><strong>anatomia</strong></span> <span class='ocrx_word' id='word_1_234' title='bbox 563 2963 646 3048; x_wconf 86' lang='lat' dir='ltr'><strong>peti,</strong></span> <span class='ocrx_word' id='word_1_235' title='bbox 678 2961 783 3028; x_wconf 87' lang='lat' dir='ltr'><strong>abiis</strong></span> <span class='ocrx_word' id='word_1_236' title='bbox 812 2961 952 3025; x_wconf 89' lang='lat' dir='ltr'><strong>conficta</strong></span> <span class='ocrx_word' id='word_1_237' title='bbox 979 2965 1041 3044; x_wconf 88' lang='lat' dir='ltr'><strong>est,</strong></span> <span class='ocrx_word' id='word_1_238' title='bbox 1074 2963 1129 3046; x_wconf 91' lang='lat' dir='ltr'><strong><em>qui</em></strong></span> <span class='ocrx_word' id='word_1_239' title='bbox 1153 2985 1170 3026; x_wconf 92' lang='lat' dir='ltr'><strong>c</strong></span> <span class='ocrx_word' id='word_1_240' title='bbox 1194 2965 1288 3029; x_wconf 88' lang='lat' dir='ltr'><strong>cordo</strong></span> 
     </span>
     <span class='ocr_line' id='line_1_26' title="bbox 144 3067 1288 3153; baseline -0.003 -16"><span class='ocrx_word' id='word_1_241' title='bbox 144 3093 261 3137; x_wconf 87' lang='lat' dir='ltr'><strong>nervos</strong></span> <span class='ocrx_word' id='word_1_242' title='bbox 294 3073 401 3136; x_wconf 87' lang='lat' dir='ltr'><strong>ortum</strong></span> <span class='ocrx_word' id='word_1_243' title='bbox 434 3069 553 3135; x_wconf 88' lang='lat' dir='ltr'><strong>babere</strong></span> <span class='ocrx_word' id='word_1_244' title='bbox 590 3069 822 3153; x_wconf 78' lang='lat' dir='ltr'><strong>opinabantur,</strong></span> <span class='ocrx_word' id='word_1_245' title='bbox 853 3067 971 3131; x_wconf 87' lang='lat' dir='ltr'><strong>falsam</strong></span> <span class='ocrx_word' id='word_1_246' title='bbox 1000 3067 1155 3132; x_wconf 89' lang='lat' dir='ltr'><strong>nimirum</strong></span> <span class='ocrx_word' id='word_1_247' title='bbox 1187 3069 1288 3134; x_wconf 89' lang='lat' dir='ltr'><strong>totius</strong></span> 
     </span>
    </p>
   </div>
   <div class='ocr_carea' id='block_1_18' title="bbox 144 3173 1289 3370">
    <p class='ocr_par' dir='ltr' id='par_1_18' title="bbox 144 3173 1289 3370">
     <span class='ocr_line' id='line_1_27' title="bbox 144 3173 1289 3258; baseline -0.001 -16"><span class='ocrx_word' id='word_1_248' title='bbox 144 3179 279 3244; x_wconf 89' lang='lat' dir='ltr'><strong>rationis</strong></span> <span class='ocrx_word' id='word_1_249' title='bbox 303 3177 544 3244; x_wconf 77' lang='lat' dir='ltr'><strong>conclusionem</strong></span> <span class='ocrx_word' id='word_1_250' title='bbox 567 3175 680 3242; x_wconf 85' lang='lat' dir='ltr'><strong>effecit.</strong></span> <span class='ocrx_word' id='word_1_251' title='bbox 722 3175 769 3240; x_wconf 87' lang='lat' dir='ltr'><strong><em>Ac</em></strong></span> <span class='ocrx_word' id='word_1_252' title='bbox 792 3173 940 3238; x_wconf 90' lang='lat' dir='ltr'><strong>nonnulli</strong></span> <span class='ocrx_word' id='word_1_253' title='bbox 963 3173 1093 3258; x_wconf 87' lang='lat' dir='ltr'><strong>quidem</strong></span> <span class='ocrx_word' id='word_1_254' title='bbox 1117 3197 1155 3240; x_wconf 84' lang='lat' dir='ltr'><strong>ex</strong></span> <span class='ocrx_word' id='word_1_255' title='bbox 1178 3197 1289 3241; x_wconf 86' lang='lat' dir='ltr'><strong>eorum</strong></span> 
     </span>
     <span class='ocr_line' id='line_1_28' title="bbox 144 3280 1289 3370; baseline -0.003 -19"><span class='ocrx_word' id='word_1_256' title='bbox 144 3307 292 3368; x_wconf 88' lang='lat' dir='ltr'><strong>numero,</strong></span> <span class='ocrx_word' id='word_1_257' title='bbox 319 3285 436 3370; x_wconf 90' lang='lat' dir='ltr'><strong>quibus</strong></span> <span class='ocrx_word' id='word_1_258' title='bbox 458 3305 524 3349; x_wconf 93' lang='lat' dir='ltr'><strong><em>non</em></strong></span> <span class='ocrx_word' id='word_1_259' title='bbox 547 3283 682 3366; x_wconf 82' lang='lat' dir='ltr'><strong>veritas,</strong></span> <span class='ocrx_word' id='word_1_260' title='bbox 710 3281 779 3364; x_wconf 89' lang='lat' dir='ltr'><strong>scd,</strong></span> <span class='ocrx_word' id='word_1_261' title='bbox 802 3303 884 3364; x_wconf 90' lang='lat' dir='ltr'><strong>quae</strong></span> <span class='ocrx_word' id='word_1_262' title='bbox 912 3281 954 3345; x_wconf 86' lang='lat' dir='ltr'><strong>ab</strong></span> <span class='ocrx_word' id='word_1_263' title='bbox 977 3280 1073 3346; x_wconf 87' lang='lat' dir='ltr'><strong>initio</strong></span> <span class='ocrx_word' id='word_1_264' title='bbox 1097 3285 1289 3366; x_wconf 88' lang='lat' dir='ltr'><strong>statuerunt,</strong></span> 
     </span>
    </p>
   </div>
   <div class='ocr_carea' id='block_1_19' title="bbox 24 3385 1289 3580">
    <p class='ocr_par' dir='ltr' id='par_1_19' title="bbox 24 3385 1289 3580">
     <span class='ocr_line' id='line_1_29' title="bbox 24 3385 1289 3476; baseline -0.002 -21"><span class='ocrx_word' id='word_1_265' title='bbox 24 3385 26 3394; x_wconf 70' lang='grc'>’</span> <span class='ocrx_word' id='word_1_266' title='bbox 145 3391 335 3476; x_wconf 70' lang='lat' dir='ltr'><strong>probantur,</strong></span> <span class='ocrx_word' id='word_1_267' title='bbox 358 3391 554 3455; x_wconf 90' lang='lat' dir='ltr'><strong>sumtionem</strong></span> <span class='ocrx_word' id='word_1_268' title='bbox 573 3389 715 3474; x_wconf 88' lang='lat' dir='ltr'><strong>priorem</strong></span> <span class='ocrx_word' id='word_1_269' title='bbox 734 3388 775 3452; x_wconf 89' lang='lat' dir='ltr'><strong>ab</strong></span> <span class='ocrx_word' id='word_1_270' title='bbox 800 3387 950 3452; x_wconf 87' lang='lat' dir='ltr'><strong>omnibus</strong></span> <span class='ocrx_word' id='word_1_271' title='bbox 969 3409 1156 3453; x_wconf 89' lang='lat' dir='ltr'><strong>concessam</strong></span> <span class='ocrx_word' id='word_1_272' title='bbox 1180 3389 1289 3453; x_wconf 87' lang='lat' dir='ltr'><strong>conati</strong></span> 
     </span>
     <span class='ocr_line' id='line_1_30' title="bbox 24 3491 1289 3580; baseline -0.001 -20"><span class='ocrx_word' id='word_1_273' title='bbox 24 3503 26 3580; x_wconf 74' lang='lat' dir='ltr'>J</span> <span class='ocrx_word' id='word_1_274' title='bbox 145 3497 343 3562; x_wconf 76' lang='lat' dir='ltr'><strong>labefactare</strong></span> <span class='ocrx_word' id='word_1_275' title='bbox 376 3497 477 3561; x_wconf 87' lang='lat' dir='ltr'><strong>risum</strong></span> <span class='ocrx_word' id='word_1_276' title='bbox 511 3517 643 3580; x_wconf 86' lang='lat' dir='ltr'><strong>prorsus</strong></span> <span class='ocrx_word' id='word_1_277' title='bbox 672 3497 851 3560; x_wconf 83' lang='lat' dir='ltr'><strong>movenmt.</strong></span> <span class='ocrx_word' id='word_1_278' title='bbox 906 3491 1174 3560; x_wconf 89' lang='lat' dir='ltr'><strong>Demonstratum</strong></span> <span class='ocrx_word' id='word_1_279' title='bbox 1203 3495 1289 3559; x_wconf 91' lang='lat' dir='ltr'><strong>enim</strong></span> 
     </span>
    </p>
   </div>
   <div class='ocr_carea' id='block_1_20' title="bbox 146 3598 1290 3686">
    <p class='ocr_par' dir='ltr' id='par_1_20' title="bbox 146 3598 1290 3686">
     <span class='ocr_line' id='line_1_31' title="bbox 146 3598 1290 3686; baseline -0.001 -20"><span class='ocrx_word' id='word_1_280' title='bbox 146 3605 196 3666; x_wconf 87' lang='lat' dir='ltr'><strong>est</strong></span> <span class='ocrx_word' id='word_1_281' title='bbox 218 3623 256 3666; x_wconf 84' lang='lat' dir='ltr'><strong>ex</strong></span> <span class='ocrx_word' id='word_1_282' title='bbox 283 3602 357 3686; x_wconf 90' lang='lat' dir='ltr'><strong>ipsa</strong></span> <span class='ocrx_word' id='word_1_283' title='bbox 379 3603 425 3666; x_wconf 89' lang='lat' dir='ltr'><strong><em>rei</em></strong></span> <span class='ocrx_word' id='word_1_284' title='bbox 453 3601 619 3686; x_wconf 86' lang='lat' dir='ltr'><strong>quaesitae</strong></span> <span class='ocrx_word' id='word_1_285' title='bbox 647 3601 781 3686; x_wconf 87' lang='lat' dir='ltr'><strong>propria</strong></span> <span class='ocrx_word' id='word_1_286' title='bbox 809 3600 859 3664; x_wconf 90' lang='lat' dir='ltr'><strong>vel</strong></span> <span class='ocrx_word' id='word_1_287' title='bbox 887 3603 1004 3664; x_wconf 86' lang='lat' dir='ltr'><strong>natura</strong></span> <span class='ocrx_word' id='word_1_288' title='bbox 1030 3598 1082 3664; x_wconf 82' lang='lat' dir='ltr'><strong><em>rel</em></strong></span> <span class='ocrx_word' id='word_1_289' title='bbox 1106 3601 1290 3666; x_wconf 83' lang='lat' dir='ltr'><strong>substantia</strong></span> 
     </span>
    </p>
   </div>
   <div class='ocr_carea' id='block_1_21' title="bbox 24 3705 1290 3794">
    <p class='ocr_par' dir='ltr' id='par_1_21' title="bbox 24 3705 1290 3794">
     <span class='ocr_line' id='line_1_32' title="bbox 24 3705 1290 3794; baseline -0.001 -21"><span class='ocrx_word' id='word_1_290' title='bbox 24 3739 25 3742; x_wconf 39' lang='lat'>¹</span> <span class='ocrx_word' id='word_1_291' title='bbox 145 3709 196 3774; x_wconf 85' lang='lat' dir='ltr'><strong>vel</strong></span> <span class='ocrx_word' id='word_1_292' title='bbox 220 3730 408 3794; x_wconf 90' lang='lat' dir='ltr'><strong>quocunque</strong></span> <span class='ocrx_word' id='word_1_293' title='bbox 431 3709 561 3774; x_wconf 91' lang='lat' dir='ltr'><strong>nomine</strong></span> <span class='ocrx_word' id='word_1_294' title='bbox 586 3709 751 3794; x_wconf 87' lang='lat' dir='ltr'><strong>appellare</strong></span> <span class='ocrx_word' id='word_1_295' title='bbox 774 3705 915 3778; x_wconf 74' lang='lat' dir='ltr'><strong>uolueris</strong></span> <span class='ocrx_word' id='word_1_296' title='bbox 938 3706 1019 3771; x_wconf 88' lang='lat' dir='ltr'><strong>illud</strong></span> <span class='ocrx_word' id='word_1_297' title='bbox 1041 3707 1137 3772; x_wconf 87' lang='lat' dir='ltr'><strong>fidem</strong></span> <span class='ocrx_word' id='word_1_298' title='bbox 1160 3706 1290 3791; x_wconf 88' lang='lat' dir='ltr'><strong>babere,</strong></span> 
     </span>
    </p>
   </div>
   <div class='ocr_carea' id='block_1_22' title="bbox 144 3813 1290 4436">
    <p class='ocr_par' dir='ltr' id='par_1_22' title="bbox 144 3813 1290 4436">
     <span class='ocr_line' id='line_1_33' title="bbox 146 3813 1290 3900; baseline -0.003 -19"><span class='ocrx_word' id='word_1_299' title='bbox 146 3815 365 3900; x_wconf 88' lang='lat' dir='ltr'><strong>principatum</strong></span> <span class='ocrx_word' id='word_1_300' title='bbox 388 3815 489 3880; x_wconf 88' lang='lat' dir='ltr'><strong>animi</strong></span> <span class='ocrx_word' id='word_1_301' title='bbox 513 3837 551 3879; x_wconf 86' lang='lat' dir='ltr'><strong>ex</strong></span> <span class='ocrx_word' id='word_1_302' title='bbox 579 3815 724 3881; x_wconf 90' lang='lat' dir='ltr'><strong>omnium</strong></span> <span class='ocrx_word' id='word_1_303' title='bbox 752 3813 976 3900; x_wconf 84' lang='lat' dir='ltr'><strong>intellegentia</strong></span> <span class='ocrx_word' id='word_1_304' title='bbox 1003 3817 1036 3878; x_wconf 94' lang='lat' dir='ltr'><strong>et</strong></span> <span class='ocrx_word' id='word_1_305' title='bbox 1062 3813 1189 3879; x_wconf 90' lang='lat' dir='ltr'><strong>dicendi</strong></span> <span class='ocrx_word' id='word_1_306' title='bbox 1217 3836 1290 3880; x_wconf 87' lang='lat' dir='ltr'><strong>oon-</strong></span> 
     </span>
     <span class='ocr_line' id='line_1_34' title="bbox 146 3920 1288 4006; baseline -0.002 -18"><span class='ocrx_word' id='word_1_307' title='bbox 146 3921 315 3988; x_wconf 88' lang='lat' dir='ltr'><strong>suetudine</strong></span> <span class='ocrx_word' id='word_1_308' title='bbox 348 3921 381 3986; x_wconf 89' lang='lat' dir='ltr'><strong><em>id</em></strong></span> <span class='ocrx_word' id='word_1_309' title='bbox 413 3943 498 4006; x_wconf 89' lang='lat' dir='ltr'><strong>esse,</strong></span> <span class='ocrx_word' id='word_1_310' title='bbox 529 3923 613 3987; x_wconf 88' lang='lat' dir='ltr'><strong>unde</strong></span> <span class='ocrx_word' id='word_1_311' title='bbox 641 3925 674 3985; x_wconf 89' lang='lat' dir='ltr'><strong>et</strong></span> <span class='ocrx_word' id='word_1_312' title='bbox 701 3943 814 3986; x_wconf 90' lang='lat' dir='ltr'><strong>sensus</strong></span> <span class='ocrx_word' id='word_1_313' title='bbox 842 3925 875 3985; x_wconf 89' lang='lat' dir='ltr'><strong>et</strong></span> <span class='ocrx_word' id='word_1_314' title='bbox 902 3920 1106 3986; x_wconf 84' lang='lat' dir='ltr'><strong>voluntariae</strong></span> <span class='ocrx_word' id='word_1_315' title='bbox 1135 3921 1288 3987; x_wconf 87' lang='lat' dir='ltr'><strong>motionis</strong></span> 
     </span>
     <span class='ocr_line' id='line_1_35' title="bbox 146 4027 1289 4115; baseline -0.003 -21"><span class='ocrx_word' id='word_1_316' title='bbox 146 4029 342 4115; x_wconf 89' lang='lat' dir='ltr'><strong>principium</strong></span> <span class='ocrx_word' id='word_1_317' title='bbox 365 4027 548 4112; x_wconf 82' lang='lat' dir='ltr'><strong>duceretur,</strong></span> <span class='ocrx_word' id='word_1_318' title='bbox 577 4051 637 4094; x_wconf 88' lang='lat' dir='ltr'><strong>nec</strong></span> <span class='ocrx_word' id='word_1_319' title='bbox 664 4029 771 4094; x_wconf 90' lang='lat' dir='ltr'><strong>minus</strong></span> <span class='ocrx_word' id='word_1_320' title='bbox 798 4028 906 4112; x_wconf 84' lang='lat' dir='ltr'><strong>ipsam</strong></span> <span class='ocrx_word' id='word_1_321' title='bbox 933 4027 1201 4093; x_wconf 76' lang='lat' dir='ltr'><strong>honorationem</strong></span> <span class='ocrx_word' id='word_1_322' title='bbox 1223 4049 1289 4093; x_wconf 90' lang='lat' dir='ltr'><strong><em>non</em></strong></span> 
     </span>
     <span class='ocr_line' id='line_1_36' title="bbox 145 4133 1288 4221; baseline -0.003 -20"><span class='ocrx_word' id='word_1_323' title='bbox 145 4135 349 4221; x_wconf 84' lang='lat' dir='ltr'><strong>acquiescere</strong></span> <span class='ocrx_word' id='word_1_324' title='bbox 371 4133 407 4200; x_wconf 91' lang='lat' dir='ltr'><strong><em>in</em></strong></span> <span class='ocrx_word' id='word_1_325' title='bbox 429 4135 654 4220; x_wconf 89' lang='lat' dir='ltr'><strong>probabilibus</strong></span> <span class='ocrx_word' id='word_1_326' title='bbox 677 4134 864 4219; x_wconf 87' lang='lat' dir='ltr'><strong>principiis,</strong></span> <span class='ocrx_word' id='word_1_327' title='bbox 891 4134 960 4216; x_wconf 89' lang='lat' dir='ltr'><strong>sed,</strong></span> <span class='ocrx_word' id='word_1_328' title='bbox 990 4133 1023 4198; x_wconf 91' lang='lat' dir='ltr'><strong><em>id</em></strong></span> <span class='ocrx_word' id='word_1_329' title='bbox 1050 4133 1135 4217; x_wconf 89' lang='lat' dir='ltr'><strong>quod</strong></span> <span class='ocrx_word' id='word_1_330' title='bbox 1157 4133 1288 4198; x_wconf 90' lang='lat' dir='ltr'><strong>demon-</strong></span> 
     </span>
     <span class='ocr_line' id='line_1_37' title="bbox 145 4239 1288 4326; baseline -0.003 -18"><span class='ocrx_word' id='word_1_331' title='bbox 145 4241 268 4308; x_wconf 86' lang='lat' dir='ltr'><strong>strandi</strong></span> <span class='ocrx_word' id='word_1_332' title='bbox 293 4241 373 4306; x_wconf 87' lang='lat' dir='ltr'><strong>artis</strong></span> <span class='ocrx_word' id='word_1_333' title='bbox 399 4241 531 4326; x_wconf 76' lang='lat' dir='ltr'><strong>viaeque</strong></span> <span class='ocrx_word' id='word_1_334' title='bbox 554 4241 723 4325; x_wconf 90' lang='lat' dir='ltr'><strong>proprium</strong></span> <span class='ocrx_word' id='word_1_335' title='bbox 747 4245 805 4324; x_wconf 83' lang='lat' dir='ltr'><strong>est,</strong></span> <span class='ocrx_word' id='word_1_336' title='bbox 827 4240 1044 4306; x_wconf 85' lang='lat' dir='ltr'><strong>sumtionibus</strong></span> <span class='ocrx_word' id='word_1_337' title='bbox 1068 4240 1126 4323; x_wconf 89' lang='lat' dir='ltr'><strong>uti,</strong></span> <span class='ocrx_word' id='word_1_338' title='bbox 1148 4261 1230 4324; x_wconf 91' lang='lat' dir='ltr'><strong>quae</strong></span> <span class='ocrx_word' id='word_1_339' title='bbox 1253 4239 1288 4305; x_wconf 92' lang='lat' dir='ltr'><strong><em>in</em></strong></span> 
     </span>
     <span class='ocr_line' id='line_1_38' title="bbox 144 4345 1288 4436; baseline -0.002 -21"><span class='ocrx_word' id='word_1_340' title='bbox 144 4347 322 4415; x_wconf 87' lang='lat' dir='ltr'><strong>disserendi</strong></span> <span class='ocrx_word' id='word_1_341' title='bbox 345 4347 508 4436; x_wconf 83' lang='lat' dir='ltr'><strong>elegantia</strong></span> <span class='ocrx_word' id='word_1_342' title='bbox 529 4351 744 4413; x_wconf 82' lang='lat' dir='ltr'><strong>versarentur.</strong></span> <span class='ocrx_word' id='word_1_343' title='bbox 788 4345 911 4412; x_wconf 87' lang='lat' dir='ltr'><strong>Verum</strong></span> <span class='ocrx_word' id='word_1_344' title='bbox 933 4368 1000 4412; x_wconf 90' lang='lat' dir='ltr'><strong><em>non</em></strong></span> <span class='ocrx_word' id='word_1_345' title='bbox 1025 4346 1060 4412; x_wconf 88' lang='lat' dir='ltr'><strong><em>in</em></strong></span> <span class='ocrx_word' id='word_1_346' title='bbox 1086 4347 1128 4412; x_wconf 90' lang='lat' dir='ltr'><strong><em>iis</em></strong></span> <span class='ocrx_word' id='word_1_347' title='bbox 1158 4350 1288 4413; x_wconf 88' lang='lat' dir='ltr'><strong>tantum</strong></span> 
     </span>
    </p>
   </div>
   <div class='ocr_carea' id='block_1_23' title="bbox 0 0 1610 5146">
    <p class='ocr_par' dir='ltr' id='par_1_23' title="bbox 0 0 1610 5146">
     <span class='ocr_line' id='line_1_39' title="bbox 0 0 1610 5146; baseline 0 0"><span class='ocrx_word' id='word_1_348' title='bbox 0 0 1610 5146; x_wconf 95' lang='lat' dir='ltr'><strong><em> </em></strong></span> 
     </span>
    </p>
   </div>
  </div>
 </body>
</html>
