3300 5146
782 421 1025 487 -308—

331 578 471 666 συνεχὴς
493 571 557 647 οὖν
578 583 617 667 τῇ
644 581 919 670 προγεγραμμένῃ
943 579 1036 666 ρήσει
1059 582 1121 646 τοῦ
1143 584 1341 665 Χρυσίππου
1364 579 1474 648 τοιάδε

330 692 380 764 τίς
403 687 483 753 ἐστι·
508 684 602 753 εκαθ’
629 683 671 772 ἣν
695 691 741 753 ἔτι
765 686 877 774 φοράν
899 688 951 754 καί
980 685 1020 753 τά
1043 687 1180 752 τοιαῦτα
1202 687 1330 771 λέγεται
1353 687 1474 755 πάντα·

331 790 485 879 “ἡψάμην
513 813 575 862 σου
602 795 661 878 τῆς
689 795 839 879 καρδίας’
867 791 976 882 ὥσπερ
1008 795 1066 878 τῆς
1093 795 1200 879 ψυχῆς
1232 799 1291 861 καί
1317 792 1474 882 (ἅπτομαι

330 900 399 984 ετῆς
416 901 570 986 καρδίας’
593 901 745 986 λέγομεν,
768 896 830 986 οὐχ
853 897 897 978 ὡς
915 897 1193 985 άντιπαρέλθοιεν
1215 897 1258 966 ἄν
1275 927 1363 980 τινες
1386 899 1474 988 ἡμῖν,

306 1005 398 1071 Nol
430 1010 490 1073 τοῦ
515 1006 700 1091 ἐγκεφάλου
732 1006 786 1073 καὶ
818 1011 886 1074 τῶν
919 1004 1119 1092 σπλάγχνων
1150 1007 1304 1093 λέγοντες
1334 1009 1389 1075 καί
1416 1019 1475 1076 τοῦ

330 1109 479 1198 εἥπατος,
503 1110 586 1179 άλλά
609 1128 679 1192 τοῖς
705 1113 958 1200 προειρημένοις
986 1119 1231 1199 παραπλησίως.
1276 1114 1385 1180 ἐκεῖνα
1413 1111 1475 1198 γάρ

329 1220 397 1305 εμοι
423 1223 517 1286 δοκεῖ
536 1221 704 1306 λέγεσθαι,
727 1217 773 1299 ὦς
791 1218 834 1286 άν
851 1245 901 1298 τις
923 1224 986 1305 ἔφη
1011 1221 1095 1286 ετάν
1118 1220 1212 1299 ἐντός
1235 1239 1299 1288 σου
1321 1218 1475 1307 άπτομαί

330 1327 578 1414 διικνουμένης
609 1330 667 1413 τῆς
700 1331 896 1404 κακοποιίας
923 1326 975 1393 ἐπὶ
1003 1330 1178 1394 τοσοῦτον·
1215 1331 1254 1415 τῇ
1287 1327 1324 1394 δὲ
1355 1331 1475 1417 καρδίᾳ

329 1431 492 1519 εκαθάπερ
516 1429 559 1500 άν
580 1437 620 1522 τῇ
651 1437 740 1522 ψυχῇ
767 1432 933 1520 χρώμεθα.
979 1434 1033 1499 καὶ
1063 1432 1194 1500 τούτων
1221 1439 1311 1501 ἔσται
1335 1438 1476 1520 ἔμφασις

291 1565 315 1602 ιο
330 1540 493 1625 ‘ipsoram
521 1542 669 1627 μᾶλλον]
725 1537 776 1606 ὅτι
808 1539 862 1606 καὶ
889 1543 994 1606 ταῦτα
1022 1540 1106 1625 πρὸς
1136 1543 1181 1631 τῷ
1211 1540 1317 1627 μηδὲν
1344 1537 1476 1608 ἀποδει-

328 1644 460 1730 κνύειν,
487 1643 570 1714 άλλά
603 1645 738 1726 ίδιιάτας
765 1648 993 1713 ἐπικαλεῖσθαι
1022 1643 1194 1734 μάρτυρας
1218 1644 1298 1714 οὐδὲ
1327 1655 1474 1734 περαίνει

328 1755 450 1819 τιτῶν
476 1754 718 1840 προκειμένων,
745 1749 828 1820 άλλδι
851 1749 889 1820 τὸ
917 1753 1106 1840 παθητικόν
1128 1780 1163 1821 τε
1189 1754 1243 1821 καὶ
1271 1751 1397 1840 ἄλογον
1420 1758 1477 1841 τῆς

329 1862 451 1945 ψυχῆς,
484 1857 525 1926 οὐ
556 1859 593 1927 τὸ
632 1859 848 1947 λογιζόμενον
881 1860 1088 1927 ἐνδείκνυται
1120 1860 1203 1928 κατὰ
1239 1859 1302 1947 τὴν
1332 1865 1476 1948 καρδίαν

262 1986 317 2040 341
329 1962 500 2052 ὑπάρχειν,
523 1964 679 2053 ἄντικρυς
701 1970 818 2052 δῆλον·
844 1967 849 2054 i
873 1963 958 2032 ὅθεν
981 1963 1061 2034 οὐδὲ
1090 1967 1141 2034 ἐπὶ
1168 1969 1270 2034 πλέον
1298 1969 1335 2035 ἐν
1362 1965 1477 2047 αὐτοῖς

290 2070 390 2161 ιεχρὴ
424 2076 608 2161 διατρίβειν
640 2070 762 2161 ὁμοίαν
793 2079 928 2160 ἔχουσιν
962 2069 1103 2142 ἀτοπίαν
1138 2071 1188 2152 οἷς
1220 2072 1283 2161 ἤδη
1317 2074 1477 2153 πολλάκις

331 2239 452 2246 -.--.--
461 2242 468 2248 ,

366 2331 377 2379 l
399 2318 477 2379 τιάδε
498 2325 535 2378 Μ.
554 2355 589 2364 -
612 2319 685 2386 403⁶
704 2319 768 2378 ἀντί
787 2321 960 2389 παρέλθοιεν
980 2325 1003 2377 Α
1027 2317 1064 2385 ὦς
1087 2315 1124 2375 ἂν
1143 2321 1316 2390 παρέλθοιεν
1336 2324 1417 2379 Corn.
1438 2320 1475 2386 ὦς

327 2389 567 2462 άντιπαρέλθοιεν
586 2390 622 2449 άν
640 2413 699 2451 nos.
718 2427 752 2436 -
776 2389 851 2464 ἡμᾶς
869 2394 949 2447 codd.
969 2394 1031 2449 edd.
1056 2389 1122 2464 ἡμῖν
1142 2412 1200 2448 nos.
1222 2424 1254 2434 -
1277 2402 1293 2450 9
1312 2395 1361 2463 τῆς
1379 2397 1475 2466 ψυχῆς

328 2468 364 2520 Μ.
386 2499 417 2506 -
440 2475 472 2522 10
490 2464 561 2535 πρὸς
579 2463 611 2521 τὰ
631 2467 667 2521 Μ.
688 2498 720 2507 -
742 2474 774 2521 14
793 2461 915 2534 ὑπάρχει
934 2465 971 2519 Μ.
992 2497 1024 2505 -

328 2723 585 2784 commemorata
608 2722 696 2802 suni,
718 2719 844 2803 reliqua
872 2717 1055 2802 adiungere.
1101 2717 1341 2783 Coniinuantur
1364 2724 1474 2785 autem

328 2825 384 2909 iis,
412 2847 493 2911 quae
522 2829 619 2890 antea
651 2824 897 2909 adscripsimus,
925 2825 1005 2889 haee
1032 2825 1132 2890 verba
1160 2823 1352 2910 Chrysippi:
1402 2825 1474 2891 ‘Ex

327 2956 400 3017 qua
422 2933 687 3017 propensione
711 2933 827 2996 etiam
851 2933 1075 2997 huiusmodi
1099 2936 1237 2997 cuncta
1260 2933 1474 2998 iactantur:

326 3039 466 3125 ‘attigi
497 3061 562 3104 cor
591 3037 724 3122 iuum',
755 3039 866 3123 quasi
899 3040 1026 3104 anima
1056 3039 1223 3122 dicatur,
1259 3043 1373 3124 eique
1409 3061 1474 3106 eor

326 3147 474 3231 attingi
502 3146 680 3230 dicimus,
712 3168 805 3230 non,
836 3145 1153 3230 quemadmodum
1182 3146 1328 3231 aliquis
1355 3147 1473 3212 nobis

325 3253 482 3317 obicere
506 3253 648 3335 possit,
677 3252 721 3315 de
746 3252 903 3316 cerebro
927 3254 988 3317 vel
1015 3253 1233 3341 visceribus
1258 3253 1317 3316 vel
1341 3252 1473 3318 iecore

325 3359 544 3444 loquentes,
582 3359 646 3423 sed
683 3359 965 3424 convenienter
1000 3358 1064 3442 iis,
1106 3381 1201 3444 quae
1239 3363 1330 3424 ante
1366 3358 1473 3424 dicta

325 3470 422 3530 suno
476 3463 552 3530 Illa
585 3466 684 3552 enim
717 3466 772 3530 ita
804 3466 899 3530 mihi
931 3467 1112 3531 videntur
1144 3465 1237 3550 dici,
1269 3466 1381 3551 quasi
1415 3467 1472 3532 sio

324 3573 511 3656 loquaris:
531 3572 741 3637 ‘interiora
762 3578 830 3638 tua
853 3571 1002 3659 tango',
1025 3573 1171 3638 iniuria
1195 3573 1353 3638 scilieet
1375 3574 1471 3638 adeo

325 3680 482 3762 penitus
523 3684 770 3766 penetrante3
820 3682 934 3744 eorde
981 3683 1107 3745 autem
1149 3679 1312 3766 perinde
1354 3683 1471 3765 atque

325 3787 453 3850 anima
484 3787 638 3852 utimur.
693 3787 742 3850 nt
777 3785 872 3850 haec
909 3786 1075 3870 quidem,
1108 3787 1141 3850 si
1178 3787 1264 3870 quis
1298 3787 1469 3852 animum

325 3892 553 3976 intenderit,
576 3893 829 3958 manifestius
854 3892 1081 3977 liquebuni’
1118 3893 1209 3958 Haeo
1228 3893 1358 3977 quidem
1376 3917 1469 3978 prae-

324 4005 472 4085 terquam
500 4001 584 4084 quod
610 4000 693 4065 nihil
722 4001 947 4064 demonstrant
973 3999 1153 4084 vulgusque
1182 4000 1216 4064 in
1244 4001 1469 4068 testimonium

323 4110 451 4188 vocant,
473 4129 513 4170 ne
533 4107 658 4172 efficere
677 4107 807 4192 quidem
826 4106 1001 4191 quidquam
1021 4107 1059 4170 de
1083 4107 1271 4191 quaestione
1290 4108 1470 4192 proposita,

323 4213 378 4276 sed
402 4214 571 4277 aflectibus
591 4214 766 4278 obnoxiam
789 4217 915 4297 partem
936 4215 1064 4278 animae
1083 4219 1311 4298 expertemque
1329 4215 1467 4278 rationis

323 4341 392 4382 esse
415 4320 450 4384 in
473 4319 578 4403 corde,
600 4342 666 4384 non
687 4320 882 4385 rationalem
906 4321 1074 4385 ostendere
1096 4320 1131 4385 in
1150 4325 1263 4404 aperto
1283 4324 1344 4407 esi3
1368 4343 1468 4406 quaro

321 4425 356 4488 in
379 4425 461 4510 istis,
485 4448 557 4490 oum
576 4449 640 4491 non
659 4427 765 4491 minus
786 4428 927 4492 absurde
951 4428 1025 4512 sini,
1049 4451 1146 4513 quam
1166 4451 1213 4512 ea,
1236 4450 1318 4512 (puae
1338 4428 1467 4514 saepius
