3296 5150
601 449 845 514 -415-

148 609 214 676 ‘nul
237 604 398 676 ἀσθενεῖν
419 607 473 675 καὶ
498 604 657 686 εὐτόνους
679 607 732 674 καί
757 604 900 685 ἀτόνους
922 603 1008 673 εἶναι
1032 605 1086 673 καὶ
1111 610 1157 672 ἔτι
1181 619 1296 674 νοσεῖν
1387 631 1391 640 ·

149 716 216 784 ’καὶ
240 713 422 802 ὑγιαίνειν,
450 713 539 784 οὕτω
565 741 634 795 πως
656 714 710 782 καὶ
733 717 794 781 τοῦ
816 710 949 792 πάθους
971 713 1026 796 καί
1048 715 1109 779 τοῦ
1132 710 1213 780 κατὰ
1237 709 1296 780 αύ-

150 825 223 911 “την
242 820 499 910 ἆρρωστήματος
517 822 701 910 λεγομένου
723 821 777 888 καὶ
800 823 868 887 τῶν
886 819 1017 898 τούτοις
1035 821 1295 907 παραπλησίωνῖ

150 931 298 1017 ἐναργῶς
320 927 384 1017 γὰρ
408 932 445 999 ἐν
466 928 600 1009 τούτοις
622 925 640 996 ὁ
665 925 858 1014 Χρύσιππος
880 923 1066 1012 ἀναλογίαν
1090 927 1095 1016 l
1119 925 1194 995 τινὰ
1218 925 1364 1012 βοά-439

149 1045 239 1105 λεται
263 1035 428 1118 σώζεσθαι
451 1040 519 1104 τάν
542 1037 580 1104 ἐν
608 1039 647 1124 τῇ
671 1037 759 1122 ψυχῇ
786 1047 856 1112 τοῖς
877 1031 959 1101 κατὰ
981 1033 1018 1101 τὸ
1043 1037 1137 1120 σῶμα
1159 1033 1214 1101 καὶ
1237 1058 1297 1100 πα-
1318 1059 1331 1098 ε

149 1147 226 1212 θῶν
253 1169 336 1232 προς
362 1145 456 1231 πάθη
484 1144 538 1212 καὶ
567 1139 836 1230 ἀρρωστημάτων
867 1165 950 1228 προς
976 1136 1216 1227 ἀρρωστήματα
1242 1139 1297 1206 καὶ

150 1250 350 1339 νοσημάτων
372 1249 456 1338 πρὸς
474 1249 646 1337 νοσήματα
668 1249 724 1316 καὶ
743 1245 870 1334 ὑγιείας
891 1245 975 1335 πρὸς
998 1244 1128 1333 ὑγίειαν
1151 1247 1205 1315 καὶ
1229 1243 1298 1314 εὐε-

151 1359 222 1439 ξίας
243 1357 326 1446 πρὸς
349 1353 479 1438 εὐεξίαν
501 1357 556 1424 ναί
580 1355 695 1443 ἰσχύος
713 1354 796 1443 πρὸς
819 1353 917 1442 ἰσχύν
940 1355 994 1422 καὶ
1018 1350 1195 1433 ἀσθενείας
1216 1352 1299 1441 πρὸς

151 1461 333 1532 άσθένειαν
355 1463 410 1532 καὶ
437 1461 548 1543 ἁπλῶς
571 1469 676 1532 εἰπεῖν
703 1460 861 1531 ἁπάντων
887 1465 956 1529 τῶν
978 1459 1185 1549 συνωνύμως
1207 1467 1298 1546 λεγο·

151 1571 263 1657 μένων
286 1569 370 1658 πρὸς
392 1568 535 1638 ἅπαντα·
562 1571 617 1638 καὶ
640 1567 704 1657 γάρ
727 1567 876 1658 τοῦνομα
898 1569 953 1636 nul
975 1569 1036 1637 τὸν
1060 1567 1163 1654 λόγον
1185 1563 1298 1636 αὐτῶν
1313 1597 1338 1636 ιο
1428 1625 1436 1632 .

151 1675 306 1761 βούλεται
330 1673 415 1744 εἶναι
441 1675 503 1746 τὸν
526 1674 646 1760 αὐτόν,
674 1684 708 1744 εί
730 1701 766 1761 γε
795 1673 837 1762 δὴ
862 1674 1044 1763 συνεόνυμά
1067 1695 1173 1763 φησιν
1194 1671 1297 1762 ὑπάρ-

150 1809 223 1869 χειν
245 1779 338 1852 αύτά.
383 1781 482 1870 ὥστε,
505 1783 594 1864 ὅπως
616 1781 659 1850 ἅν
686 1809 735 1862 τις
762 1780 908 1870 ὁρίζηται
932 1781 1082 1850 καθόλου
1108 1781 1170 1869 τὴν
1194 1783 1230 1849 ἐν
1252 1785 1297 1873 τῷ

151 1888 277 1978 σοι’ματι
301 1889 416 1976 νόσον,
440 1888 624 1977 άναγιιαῖον
648 1887 733 1958 εἶναι
756 1889 863 1982 τούτῳ
885 1890 941 1957 ιιαλ
964 1887 1026 1976 τὴν
1049 1891 1086 1956 ἐν
1105 1892 1192 1978 ψνχη
1215 1885 1297 1956 κατὰ

151 1995 211 2066 τὸν
244 1992 349 2066 αὐτὸν
385 1997 511 2086 τρόπον
549 1996 728 2086 ὁρίζεσθαι.
784 1995 834 2065 ὅτι
867 1995 928 2083 μὲν
961 1987 1024 2065 οὖν
1052 1995 1221 2084 πρόκειται
1252 1998 1298 2086 τῷ

151 2111 333 2196 Χρυσίππῳ
361 2101 546 2192 άναλογίοιν
578 2104 710 2172 ἅπασαν
743 2106 936 2191 ἐξηγεῖσθαί
958 2131 993 2171 τε
1025 2104 1080 2170 καί
1102 2101 1299 2190 φυλάττειν,
1314 2133 1339 2172 ιε

154 2211 190 2278 ἐιι
212 2210 342 2280 τούτων
365 2215 478 2300 δῆλον.
514 2217 545 2280 εί
567 2210 604 2280 δὲ
623 2211 831 2298 ἐπιχειρήσας
848 2208 929 2278 αὐτὸ
948 2225 1057 2278 ποιεῖν
1080 2206 1122 2277 ού
1143 2208 1298 2296 τυγχάνει

151 2321 213 2386 τοῦ
234 2319 466 2408 προτεθέντος,
490 2316 552 2387 οὐκ
574 2315 779 2387 άποστατέον
802 2317 870 2384 ἐστί
897 2321 956 2404 τῆς
978 2314 1187 2405 ὁμοιότητος,
1215 2313 1298 2383 ἄλλά

189 2559 205 2608 t
225 2543 366 2618 αὔξεσθαι
384 2568 435 2622 pro
454 2547 595 2618 σώζεσθαι
613 2551 650 2607 Μ.
670 2581 704 2593 -·
729 2558 759 2605 11
781 2553 846 2606 aute
866 2545 941 2605 εἶναι
963 2549 1128 2606 inseruimus
1152 2543 1298 2622 βούλεται;

154 2623 188 2680 cf.
208 2625 293 2680 Proll.
311 2643 339 2696 p.
360 2629 419 2678 108.
439 2653 472 2663 -
493 2629 526 2678 16
545 2617 616 2677 αύτὸ
636 2618 667 2677 τὸ
687 2629 780 2678 ποιεῖν
798 2621 828 2677 Μ
846 2617 936 2676 niatu
954 2629 1048 2678 ποιεῖν
1066 2620 1173 2676 nssch.
1193 2653 1226 2662 -

153 2859 274 2924 aliter
311 2857 472 2924 affectio
505 2861 542 2923 et
576 2858 801 2944 aegrotatio
840 2857 995 2943 aliaque
1026 2857 1064 2923 id
1097 2877 1220 2944 genus
1260 2857 1299 2924 in

154 2968 286 3032 animo
309 2967 387 3030 dici
412 2964 560 3030 solent?
607 2966 729 3050 Aperte
753 2965 808 3030 bic
831 2962 1036 3050 Chrysippus
1064 2987 1188 3049 eorum,
1216 2985 1298 3049 quae

153 3075 187 3140 in
211 3075 321 3140 animo
345 3077 435 3153 sunt,
463 3094 536 3138 cum
559 3073 614 3158 iis,
642 3095 724 3158 quae
747 3073 782 3138 in
805 3093 955 3155 corpore,
980 3072 1142 3156 quandam
1165 3094 1299 3156 propor-

152 3183 275 3246 tionem
300 3181 424 3246 seruari
450 3181 521 3246 vult
549 3180 757 3245 affectionum
782 3201 854 3244 cum
883 3179 1122 3263 affectionibus,
1153 3183 1298 3265 aegrota·

152 3289 280 3354 tionum
303 3311 377 3370 cum
402 3287 690 3373 aegrotationibus,
713 3287 900 3352 morborum
924 3308 996 3351 cum
1020 3285 1157 3370 morbis,
1181 3285 1300 3350 sanita-

154 3395 197 3458 tis
216 3417 289 3460 cum
313 3395 464 3479 sanitate,
485 3395 563 3460 boni
580 3384 713 3458 babitus
733 3415 805 3458 curn
825 3393 910 3460 bono
933 3393 1058 3476 habitu,
1080 3393 1207 3458 roboris
1226 3415 1299 3458 cum

155 3499 281 3584 robore,
303 3501 542 3567 imbecillitatis
562 3523 635 3565 cum
657 3500 891 3584 imbecillitate,
914 3503 951 3564 ut
974 3501 1073 3564 semel
1096 3499 1211 3584 dicam,
1234 3522 1300 3565 om·
1398 3549 1408 3566 .

155 3605 245 3670 nium
265 3609 568 3692 cognominatomm
587 3631 661 3674 cum
680 3607 843 3693 omnibus3
866 3629 943 3672 nam
962 3609 995 3671 et
1012 3628 1130 3672 nomen
1150 3610 1183 3671 et
1199 3607 1299 3672 ratio-

155 3735 229 3777 nem
260 3735 372 3780 eorum
400 3717 532 3782 eandem
566 3739 636 3780 esse
668 3715 751 3798 vult,
782 3715 810 3779 si
844 3714 974 3799 quidem
1002 3715 1231 3802 cognominata
1261 3736 1300 3779 ea

156 3840 226 3885 ease
248 3819 336 3885 dicit
373 3821 540 3908 Quocirca,
562 3844 751 3908 quocunque
771 3821 866 3886 modo
890 3822 962 3906 quis
980 3822 1130 3886 universe
1149 3821 1299 3888 morbum

156 3927 302 4011 corporis
326 3927 447 4014 definit,
470 3931 582 3995 eodem
602 3929 702 3998 etiam
726 3929 827 3993 animi
845 3929 995 3995 morbum
1018 3928 1151 3994 definiat
1167 3949 1299 3994 necesse

156 4039 213 4101 cst
254 4033 346 4100 Velle
369 4035 471 4121 igitur
490 4033 708 4121 Chrysippum
730 4035 975 4120 proportionem
992 4037 1177 4102 uniuersam
1200 4036 1299 4120 expli·

155 4164 228 4208 care
252 4147 285 4206 et
309 4165 438 4208 seruare
461 4163 499 4206 ex
527 4141 579 4206 his
607 4145 706 4226 patet
752 4141 874 4218 Quodsi
902 4165 1075 4230 aggressus
1102 4143 1164 4210 boc
1191 4143 1299 4209 facere

154 4272 220 4316 non
243 4250 436 4334 assequitur,
458 4251 544 4334 quod
563 4249 626 4314 sibi
645 4250 825 4334 proposuit,
847 4272 913 4314 non
930 4249 1051 4315 idcirco
1073 4254 1161 4315 esta
1185 4251 1299 4315 simili-

155 4357 266 4422 tudine
301 4356 526 4442 recedendum,
561 4357 616 4420 sed
652 4356 733 4422 vitio
763 4357 951 4422 vertendum
987 4356 1152 4423 doctrinae
1183 4359 1299 4442 utpote

154 4463 264 4529 falsae.
310 4462 381 4530 Hoc
403 4487 469 4530 nou
498 4465 604 4530 minus
629 4463 716 4529 cadit
738 4465 773 4530 in
795 4467 981 4549 sequentem
1010 4465 1078 4529 eius
1100 4469 1205 4530 totam
1229 4487 1298 4530 ora·
