3072 5144
769 455 1012 520 ῌ516-

319 613 555 683 διεσκενύσθαι
570 615 731 700 φανερῶς.
759 609 860 680 οὐδὲν
874 615 959 698 γοῦν
973 608 1084 678 αὐτῶν
1099 607 1240 676 δύναται
1255 611 1440 674 (ieiunetur.

318 726 425 788 καίτοι
453 711 556 788 τᾶλλα
586 716 626 812 τὰ
659 719 732 804 περί
765 721 899 803 φλεβῶν
927 717 1084 806 εἰρημένα
1111 713 1194 802 πρὸς
1216 712 1439 800 Ἱπποκράτους.

318 824 400 912 ἅπερ
429 831 557 912 ἔγραψα
580 824 687 892 πάντα
714 822 796 892 κατὰ
824 822 887 910 τὴν
915 824 989 912 περὶ
1012 825 1070 908 τῆς
1087 819 1323 907 Ἱπποκράτους
1343 817 1442 887 ἄνατα

318 936 381 1019 μῆς
407 937 650 1020 πραγματείαν,
680 927 894 1018 ῶμολόγηταί
918 957 952 998 τε
984 944 1055 1008 τοῖς
1081 925 1296 1015 ἀνατομικοῖς
1321 923 1444 1010 ἀνδράσι

292 1039 374 1106 οκαλ
407 1043 574 1106 δείκνυται
602 1037 657 1106 καί
685 1037 769 1124 πρὸς
796 1036 902 1124 ἡμῶν·
931 1037 971 1104 τὰ
999 1038 1136 1122 τέτταρα
1164 1035 1199 1102 δέ
1230 1034 1338 1101 έκεῖνο
1365 1033 1444 1118 ζεύγη

319 1143 402 1232 πρὸς
432 1148 477 1236 τῶ
510 1144 593 1232 μηδὲ
626 1141 685 1231 ὑφ’
721 1143 796 1223 ἑνὸς
828 1143 932 1212 ἄλλον
964 1145 1119 1230 λέγεσθαι
1155 1145 1224 1209 τῶν
1255 1138 1447 1228 ἇνατομικῶν

320 1247 399 1318 οὐδὲ
424 1255 592 1318 δείκνυται
620 1251 703 1336 πρός
729 1277 829 1331 τινος.
874 1248 956 1318 ἀλλὰ
986 1255 1069 1317 ἔνιοι
1097 1248 1159 1336 μέν
1184 1252 1254 1316 τῶν
1280 1249 1447 1334 τιθεμένων

319 1353 403 1425 αὐτὰ
436 1357 604 1425 πιστεύειν
630 1356 836 1444 Ἱπποκράτει
869 1365 967 1443 φασί,
998 1351 1062 1424 κᾶν
1093 1347 1186 1424 οὗτοι
1219 1356 1265 1442 μὴ
1298 1355 1444 1422 δύνοντα

319 1463 503 1549 δεικνύειν,
533 1461 577 1544 ῶς
604 1465 677 1550 περὶ
701 1463 789 1554 λόγῳ
817 1467 992 1552 θεωρητοῦ
1018 1461 1225 1550 πράγματος,
1258 1458 1319 1529 οὐκ
1346 1465 1446 1546 uictu-

279 1574 389 1658 ιοτοῦ,
412 1569 656 1657 διαλεγόμενοι,
678 1570 766 1650 τινὲς
789 1570 825 1637 δὲ
850 1570 1104 1656 ἐπαγγέλλονται
1133 1569 1195 1656 μέν
1219 1570 1354 1650 δείξειν,
1379 1573 1447 1636 ἔδει·

320 1667 389 1758 ξαύ
417 1677 453 1744 δὲ
488 1674 655 1746 οὐδέποτε.
713 1676 751 1745 τὸ
784 1677 846 1764 μέν
878 1668 941 1744 οὖν
972 1679 1008 1744 ἐν
1041 1677 1140 1766 ἑτέρῳ
1176 1675 1243 1744 τινί
1276 1675 1445 1762 γράφεσθαι
1524 1765 1525 1772 ἵ

319 1788 437 1872 βιβλίῳ
460 1787 528 1850 τῶν
549 1787 734 1870 προφανῶς.
754 1782 871 1851 νόθων
893 1782 933 1851 τὰ
956 1784 1098 1869 τέσσαρα
1122 1783 1219 1868 ζεύγη
1242 1786 1310 1850 τῶν
1332 1785 1447 1868 φλεβῶν·
1524 1789 1525 1796 ’

320 1885 422 1956 ούδδν
444 1888 655 1976 θαυμαστόν·
684 1887 869 1976 εὑρίσκεται
894 1889 929 1956 δέ
954 1889 1007 1957 καλ
1032 1887 1113 1956 κατὰ
1141 1887 1204 1974 τὴν
1226 1887 1379 1975 τελευτὴν
1398 1891 1447 1954 τοτ’·

317 1996 393 2082 περὶ
416 1995 538 2082 φύσιος
556 1993 753 2082 ἀνθρώπου,
777 1997 936 2082 δευτέρου
960 1995 995 2062 δὲ
1019 1999 1081 2063 τοῦ
1104 1996 1175 2082 περὶ
1197 1987 1381 2086 διαι’της,’
1357 2023 1381 2062 ο
1397 1993 1447 2080 τὴν

280 2123 305 2162 15
319 2128 491 2189 ανατομην
517 2107 584 2171 τῶν
597 2107 746 2189 φλεβῶν
775 2102 1016 2190 ἐμβεβλήκασιν
1044 2099 1167 2170 οὐδένα
1196 2101 1300 2188 λόγον
1322 2108 1447 2188 ἔχουσαν

357 2289 369 2334 1
382 2235 477 2364 Ιγοοδ
469 2276 563 2335 αύτῶν
578 2283 603 2335 δ.
623 2284 695 2350 spat.
711 2299 771 2335 vac.
787 2281 984 2366 septemdecim
999 2279 1057 2336 fere
1072 2281 1107 2336 lit
1095 2283 1245 2346 tterarum;
1265 2281 1385 2350 sequitur
1397 2301 1435 2332 τοι

319 2370 362 2406 τοι
380 2352 410 2406 in
428 2353 456 2406 M
476 2348 570 2406 αύτῶν
589 2354 734 2407 δείκνυται
753 2349 901 2407 δεικνύναι
919 2355 1013 2407 καίτοι
1033 2354 1057 2406 Α
1076 2347 1139 2407 αύτ.
1158 2355 1304 2406 δείκνυται
1321 2372 1346 2406 τ.
1364 2349 1445 2406 Boua·

319 2418 382 2477 αύτ.
409 2419 530 2478 δύναται
555 2425 724 2478 δείκνυσθαι
743 2422 883 2478 Cora·
907 2429 923 2476 λ
944 2419 1030 2478 τύλλα
1049 2421 1101 2492 μὲν
1120 2424 1183 2490 περί
1203 2423 1298 2478 M.-
1322 2421 1445 2491 styma

319 2494 348 2548 M
374 2493 500 2562 ἔγραψεν
526 2493 654 2548 nacha
684 2492 795 2563 ἔγραψα
824 2493 918 2560 Corn.;
947 2495 981 2549 os.
1006 2494 1091 2548 Proll.
1120 2511 1145 2564 p.
1171 2501 1288 2549 100.-
1318 2503 1381 2548 4rr
1403 2511 1446 2546 om
1523 2531 1524 2538 1

320 2564 459 2630 ABChK;
484 2565 517 2620 cf.
538 2566 621 2620 Proll.
641 2583 666 2635 p.
687 2571 788 2618 34.-
814 2537 988 2620 8δύνύνται
1006 2563 1204 2619 MABCh—
1231 2571 1247 2620 9
1271 2561 1337 2634 toro
1338 2567 1442 2619 αλ.-
1522 2563 1524 2574 ’

320 2643 352 2688 11
377 2637 413 2689 τῶ
438 2633 490 2705 pto
513 2636 608 2691 M.—
642 2643 674 2690 14
719 2633 806 2699 ύοετος
829 2637 909 2692 οοδδ.
935 2637 997 2690 edd.
1017 2632 1119 2705 φύσιος
1141 2654 1257 2690 noa—
1286 2585 1445 2704 acidiari
1522 2611 1524 2664 i

319 2657 457 2793 δευτέρου
474 2706 611 2760 Οοτο.-
637 2713 670 2760 15
689 2702 835 2776 ανακομὴν
854 2708 910 2762 τῶν
934 2708 961 2777 βι
964 2709 1048 2778 βλίιον
1066 2707 1146 2762 οοδδ.
1166 2703 1271 2762 edd.'
1254 2728 1282 2762 α.
1301 2729 1322 2761 τ.
1341 2707 1443 2778 φλεβίιιν
1523 2731 1524 2742 ¹

320 2771 438 2830 (ἔστιν’
420 2797 447 2833 α.
466 2798 489 2834 τ.
510 2779 622 2848 φλεβῶν
641 2795 752 2834 nos-

319 2957 402 3021 mihi
429 2958 587 3024 videntur.
636 2959 771 3026 Nullum
800 2961 930 3045 quidem
958 2983 1070 3026 eorum
1099 2963 1224 3026 ostendi
1254 2967 1372 3046 potest,
1395 2959 1444 3022 etsi

321 3069 437 3149 cetera,
460 3089 540 3152 quae
564 3067 602 3131 de
621 3071 710 3134 venis
730 3068 813 3133 dixit
830 3067 1059 3153 Hippocrates,
1081 3091 1163 3154 quac
1183 3070 1294 3134 omnia
1317 3071 1349 3134 in
1365 3091 1443 3154 opere

321 3172 359 3236 de
391 3169 603 3256 Hippocratis
638 3175 804 3241 anatomia
836 3176 1028 3260 conscripsi,
1063 3198 1136 3241 oum
1168 3176 1248 3241 viris
1282 3175 1443 3242 anatomia>
1521 3213 1522 3222 ν

320 3277 434 3360 peritis
459 3279 597 3361 probata
621 3286 709 3364 sunt,
736 3287 806 3346 tum
830 3283 930 3346 etiam
959 3305 979 3348 a
1006 3283 1101 3349 nobis
1125 3289 1360 3370 monstrantur;
1382 3305 1442 3366 qua·

320 3388 396 3448 tuor
418 3405 497 3464 vero
518 3385 576 3450 illa
603 3388 710 3472 paria,
737 3393 964 3474 praeterquam
992 3389 1078 3474 quod
1102 3413 1122 3454 a
1148 3390 1239 3456 nullo
1264 3385 1442 3456 alio’anato

319 3490 404 3554 miae
427 3491 610 3574 professore
634 3499 937 3577 commemorantur,
960 3517 1000 3560 ue
1024 3499 1249 3562 monstrantur
1271 3493 1441 3582 quidemst
1521 3489 1523 3502 ’

319 3596 395 3660 ullo.
447 3595 508 3661 Sed
534 3601 695 3684 nonnulli,
728 3602 784 3685 qui
813 3625 851 3666 ea
878 3605 1017 3686 ponunt,
1049 3601 1177 3667 credere
1206 3625 1242 3666 se
1270 3599 1439 3688 Hippocrati

320 3701 419 3786 aiunt,
442 3727 636 3790 quamquam
656 3713 837 3773 monstrare
857 3731 895 3772 ea
913 3713 1085 3794 nequeunt,
1107 3710 1200 3794 quasi
1224 3709 1264 3774 de
1286 3733 1320 3776 re
1336 3709 1439 3774 ratione

318 3812 446 3874 tantum
478 3814 714 3896 cognoscenda,
745 3835 811 3879 non
843 3815 990 3881 sensibus
1021 3816 1168 3881 subiecta
1200 3817 1367 3895 disserena
1395 3809 1438 3874 alii
1520 3799 1521 3850 3

320 3919 557 3981 monstraturos
576 3919 704 4002 quidem
724 3941 758 3985 se
776 3922 982 4006 promittuut,
1004 3944 1169 4007 uunquam
1191 3925 1302 3988 tamen
1318 3921 1348 3986 id
1365 3937 1437 4004 pne
1520 3919 1521 4002 3

317 4024 417 4116 stant.
455 4021 544 4089 Haec
564 4023 666 4110 igitur
684 4027 777 4110 paria
795 4050 950 4093 venarum
973 4029 1008 4094 in
1027 4029 1136 4113 aliquo
1156 4029 1222 4094 alio
1241 4053 1279 4094 ex
1297 4029 1335 4094 iis
1355 4023 1438 4090 libris
1520 4015 1521 4082 i

319 4127 374 4209 qui
398 4129 571 4195 manifesto
595 4132 696 4216 spurii
721 4137 805 4218 sunt,
828 4135 961 4219 reperiri
984 4157 1050 4200 non
1073 4137 1192 4202 mirum
1212 4143 1274 4222 est,
1296 4131 1437 4200 inveniro·
1520 4129 1521 4148 ¹

319 4234 373 4296 tur
397 4237 505 4299 autem
529 4237 628 4302 etiam
652 4240 686 4303 in
711 4245 853 4305 extremo
881 4240 980 4326 libro,
1008 4241 1063 4326 qui
1087 4247 1136 4306 est
1159 4243 1199 4308 de
1221 4249 1334 4308 natura
1355 4233 1427 4304 homi

319 4337 381 4421 uis,
404 4343 436 4403 et
459 4342 492 4406 in
516 4345 655 4408 seeundo
679 4346 717 4409 de
736 4347 841 4410 vietus
860 4347 996 4430 ratione,
1019 4349 1070 4412 cui
1090 4371 1244 4414 venamur
1264 4342 1434 4414 anatomiam
1520 4385 1521 4432 ,

318 4441 540 4533 inseruerunt,
568 4471 640 4514 oum
669 4455 779 4516 tamen
801 4452 892 4516 nulla
914 4453 1000 4518 ratio
1024 4459 1122 4540 esset,
1149 4479 1206 4522 eur
1233 4479 1269 4520 ea
1292 4455 1328 4520 οδ
1348 4451 1434 4514 τίετο·
1520 4469 1522 4492 ¹
