3210 5148
576 435 819 502 -485-

122 589 347 678 μαρτυρήσει,
370 589 409 659 τό

211 699 349 784 ’στῆθος
371 695 409 764 δέ
431 695 554 784 πλήξας
576 701 719 786 κραδίην
741 695 884 786 ἠνίπαπε
906 697 1032 791 μύθηύ·

122 805 281 872 ’ἐνταῦθα
313 801 377 890 γὰρ
410 800 452 889 δή
486 807 601 890 σαφῶς
632 802 678 885 ὥς
709 805 823 893 ἕτερον
856 805 954 896 ἐτέρςσ
986 807 1182 895 ἐπιπλῆττον
1213 834 1268 878 πε-

123 913 272 997 εποίηνεν
291 907 435 998 Ὅμηρος
461 907 498 977 τὸ
527 907 815 998 ἀναλογισάμενον
843 913 917 999 περὶ
945 916 1006 982 τοῦ
1032 913 1203 999 βελτίονός
1233 943 1268 984 τε

120 1017 186 1084 ’καὶ
210 1022 361 1104 χείρονος
383 1019 428 1108 τῷ
452 1013 634 1102 ἀλογίστως
656 1016 877 1110 θυμονμένιμῖ
916 1019 953 1086 ἐν
971 1019 1103 1101 τούτοις
1120 1023 1294 1110 ἐναργῶςσ

120 1119 137 1190 t
161 1121 306 1191 Πλάτων
334 1123 559 1192 ἐπιδείκνυσιν
587 1125 702 1212 ἕτερον
724 1121 876 1212 ὑπάρχον
903 1123 940 1193 τὸ
965 1125 1186 1216 θυμούμενον
1206 1133 1268 1198 τοῦ

119 1229 344 1316 λογιζομένου.
390 1235 426 1298 os
449 1234 535 1316 γοῦν
564 1234 697 1316 παῖδες,
726 1228 835 1318 ὥσπερ
863 1232 918 1299 ναὶ
945 1229 985 1300 τά
1008 1240 1129 1320 θηρία,
1151 1239 1268 1323 θυμοῦ
1357 1265 1360 1270 ·

118 1333 180 1420 μέν
208 1335 344 1422 πλήρεις
371 1341 450 1422 είσί,
480 1340 643 1424 λογισμοῦ
671 1337 708 1406 δέ
734 1335 852 1424 ήιιιστα
879 1338 1081 1424 μετέχουσιν.
1126 1341 1178 1409 ἐπί
1205 1341 1267 1430 μὲν

120 1432 184 1508 οὖν
214 1444 283 1508 τῶν
315 1449 450 1530 θηρίων
481 1443 668 1532 ἐτόλμησαν
700 1449 784 1512 ἔνιοι
811 1443 921 1530 λέγειν
949 1441 1025 1513 οὔτε
1051 1445 1167 1534 θυμὸν
1189 1446 1266 1517 οὕτε

119 1547 302 1637 ἐπιθυμίαν
321 1549 519 1637 ἐνυπάρχειν
542 1547 655 1620 αὐτῶν
673 1565 745 1632 ταις
762 1563 893 1638 ψυχαῖς,
916 1549 967 1617 ἐπὶ
992 1550 1029 1618 δέ
1050 1556 1118 1621 τῶν
1135 1559 1267 1624 παίδων
1281 1576 1307 1616 10
1430 1641 1434 1650 1

118 1651 179 1722 οὐκ
210 1651 285 1723 οίδα
314 1653 333 1722 ὅ
359 1681 390 1723 τι
418 1653 597 1742 φήσουσιν.
651 1653 692 1724 οὐ
718 1653 782 1742 γάρ
815 1655 858 1744 δή
885 1681 922 1743 γε
949 1657 1004 1724 καὶ
1033 1657 1074 1726 τὰ
1103 1661 1108 1750 Ι
1136 1661 1330 1736 τούτωνσσι

118 1759 211 1848 πάθη
236 1759 292 1829 διά
316 1765 544 1850 συλλογισμοῦ
565 1760 627 1850 χρή
651 1771 787 1850 μαθεῖν,
810 1759 893 1831 ἀλλά
921 1759 1181 1854 ἀναμνησθῆναι
1204 1768 1263 1856 μό·
1316 1842 1320 1850 ,

116 1893 179 1935 νον
201 1866 371 1956 αὔταρκες,
394 1864 440 1948 ὡς
462 1865 524 1936 οὐκ
542 1866 650 1949 άλλως
672 1867 735 1956 μέν
752 1873 829 1954 νῦν,
851 1867 959 1950 ἄλλως
978 1870 1016 1939 δέ
1034 1877 1149 1954 παῖδες
1171 1872 1265 1957 ὄντες

114 1971 331 2061 θυμούμεθα·
359 1975 414 2042 καί
444 1972 508 2062 γάρ
532 1975 675 2063 δύναμις
697 1973 718 2062 ἡ
741 1973 824 2062 αὐτή
848 1978 903 2045 καὶ
933 1975 951 2044 ὁ
974 1976 1097 2064 τρόπος
1122 1985 1181 2069 τῆς
1203 1985 1264 2051 τοῦ

153 2194 166 2239 1
186 2181 306 2256 μάρτυσι
326 2186 347 2240 Ιι
366 2183 529 2257 μαρτυρήσῃ
547 2189 576 2242 Μ
595 2189 765 2258 μαρτυρίσης
783 2188 807 2242 Δ
826 2185 1004 2259 μαρτυρήσῃς
1023 2191 1054 2245 Β,
1074 2223 1107 2233 -
1128 2201 1143 2248 2
1163 2195 1262 2266 Odyss.

115 2256 175 2320 XX,
196 2263 228 2310 1‘1
248 2251 388 2325 ήνείπαπε
404 2257 577 2312 LMABch.
593 2289 624 2298 -
644 2259 728 2330 θυμῷ
747 2275 798 2328 pro
817 2255 903 2333 μύθῳ
917 2261 977 2316 ΑΒ.
998 2293 1031 2301 -—
1050 2269 1067 2316 3
1087 2258 1263 2335 ἐπιπλήττων

118 2327 176 2382 LM
201 2323 370 2396 ἐπιπλήττον
397 2328 457 2382 AB.
486 2359 520 2369 -
549 2335 565 2384 4
595 2329 632 2384 τά
661 2323 892 2400 ἀναλογισαμένω
916 2331 938 2384 L
966 2326 998 2386 τά
1022 2327 1262 2406 ἀναλογισάμενον

16 2459 17 2468 ,
114 2398 756 2464 Mes.-woom.codd.edd.;ef.1³r011.
796 2407 879 2456 .127.
895 2433 927 2441 -
948 2407 964 2458 ὁ
982 2397 1118 2472 ἀλογίστω
1133 2407 1260 2476 ΙιΜΑΒς

115 2469 149 2524 of.
169 2469 253 2526 Proll.
274 2489 321 2542 pp.
341 2473 500 2526 soerias.
525 2501 558 2512 -
577 2465 755 2541 θυμούμενοι
774 2419 804 2526 t.
825 2479 895 2527 —06
913 2467 1052 2542 ὑπάρχειν
1067 2475 1097 2532 L.
1119 2507 1150 2517 -
1172 2484 1187 2532 7
1206 2482 1260 2534 θυ-

114 2541 298 2628 μούμενςμτο
317 2542 414 2667 θυμοῦ
433 2540 487 2612 μὲν
504 2543 542 2597 M.
566 2572 600 2583 -
624 2549 640 2597 8
659 2536 791 2612 λογισμὸν
810 2542 839 2598 Ιι.
861 2575 893 2584 -
919 2542 1031 2613 ἐςονσιν
1049 2563 1099 2616 pro
1117 2547 1210 2620 μετέχ.
1229 2549 1260 2604 Ιι.

16 2671 18 2684 ,
115 2641 147 2652 -
172 2618 260 2666 θονν
279 2629 333 2667 om.
379 2657 383 2668 .
407 2643 442 2654 —
468 2619 500 2668 10
524 2608 556 2668 ἐν
578 2607 718 2682 ὑπάρχειν
740 2612 776 2666 Μ.
796 2643 831 2654 -
859 2621 892 2669 14
914 2617 980 2686 poet
1001 2611 1123 2687 δύναμις
1145 2613 1162 2688 ἡ
1187 2625 1258 2690 spat.

16 2689 17 2694 ’
114 2699 173 2738 vac.
190 2690 223 2738 12
242 2683 373 2751 litteras
393 2682 519 2772 sequitur
537 2679 615 2738 καλά
635 2679 738 2752 τρόπος
752 2683 809 2739 ΜΔ
828 2679 846 2754 ἡ
865 2679 1018 2756 δύναμιςή
1034 2682 1106 2758 αύτή
1122 2686 1180 2745 ἐστὶ
1199 2692 1259 2762 (sic)

16 2815 18 2822 Ι
113 2753 161 2808 καί
180 2749 197 2808 ὁ
216 2774 256 2822 τρ.
276 2753 356 2810 Corn.
375 2756 401 2809 δ.
421 2775 439 2824 η
458 2749 531 2842 αάτή
551 2754 599 2809 ταί
618 2749 633 2808 ὁ
653 2775 693 2824 τρ.
712 2753 847 2811 LBchK.
872 2787 906 2798 -
929 2752 1031 2827 τρόπος
1054 2761 1104 2829 τῆς
1123 2759 1260 2830 γενέσεως

16 2887 17 2892 ¹
114 2823 164 2880 roi
183 2820 298 2888 πάθους
316 2825 338 2878 L
357 2845 397 2894 τρ.
416 2825 466 2882 τοῦ
484 2829 600 2890 ααθους
617 2825 754 2896 γενέσεως
772 2827 913 2884 ΜΑΒΟίι.
932 2859 967 2869 -

115 3065 224 3110 mone
248 3041 452 3108 attulimus
474 3041 634 3109 Homeri
658 3041 928 3108 testimonium
952 3043 1132 3110 diceritis·

181 3150 357 3236 ‘pectora
379 3149 607 3233 percutiens
632 3170 696 3214 cor
717 3148 848 3214 verbis
872 3149 1050 3234 increpat
1072 3151 1209 3240 hiscs'3

16 3257 17 3260 ’
115 3259 179 3322 hic
208 3257 310 3322 enim
332 3254 523 3322 Homerus
552 3259 687 3340 aperte
715 3255 761 3320 ab
790 3255 914 3322 altero
943 3256 1106 3336 alterum
1129 3260 1258 3327 obiur-

16 3359 18 3448 ζ
115 3363 201 3448 gari
219 3363 330 3448 fecit,
354 3363 402 3428 ab
422 3385 479 3446 eo,
498 3362 599 3448 quod
618 3362 660 3427 de
679 3361 838 3428 meliore
862 3365 900 3427 et
917 3362 1047 3448 peiore
1067 3363 1258 3433 delibera·
1339 3403 1344 3414 ·

16 3471 18 3478 ’
114 3471 188 3552 vit,
211 3469 263 3552 id,
286 3471 383 3553 quod
407 3469 491 3534 sine
514 3469 667 3536 ratione
691 3467 898 3535 irascitur?
944 3469 1005 3535 His
1032 3469 1140 3536 verbis
1163 3471 1258 3540 Plato

117 3575 282 3640 evidenter
312 3575 506 3642 irascentem
538 3579 665 3660 partem
698 3599 718 3642 a
746 3577 962 3642 ratiocinante
993 3577 1153 3645 diversam
1187 3601 1258 3646 esse

16 3657 19 3772 f
113 3679 263 3746 ostendit
311 3679 407 3746 Pueri
437 3682 580 3766 quidem,
618 3682 704 3748 siout
735 3684 768 3747 et
803 3682 942 3766 bestiae,
974 3683 1140 3750 iracundis
1168 3687 1257 3772 pleni

112 3790 202 3870 sunt,
229 3786 365 3852 rationis
394 3808 471 3852 vero
498 3787 632 3854 minime
659 3787 846 3874 participes.
901 3789 1103 3874 Quamquam
1134 3790 1256 3858 bestias

16 3875 18 3910 ³
112 3893 261 3960 nonnulli
285 3893 392 3958 dicere
415 3883 486 3958 aiisi
514 3898 591 3958 sunt
616 3917 720 3979 neque
750 3894 951 3961 iracundiam
972 3917 1075 3980 neque
1099 3897 1256 3982 cupidita·

111 4003 178 4065 tem
199 4000 235 4065 in
258 3999 367 4066 animo
394 3999 529 4085 habere3
556 4001 612 4085 qni
636 4002 674 4067 de
703 4003 811 4086 pueris
839 4002 916 4087 quid
943 4002 1061 4068 dictari
1084 4004 1163 4088 sint,
1189 4027 1255 4072 non

112 4106 216 4174 video.
267 4105 343 4173 Non
373 4105 459 4172 enim
491 4107 607 4172 horum
640 4109 774 4176 affectus
806 4109 932 4176 ratione
965 4109 1138 4195 colligendi
1170 4115 1255 4196 sunt,

111 4214 167 4280 sed
186 4213 275 4278 satis
286 4217 335 4280 eet
352 4213 385 4279 id
409 4217 537 4280 tantum
556 4214 750 4299 meminisse,
772 4237 832 4282 nos
849 4237 916 4280 non
936 4215 1032 4280 aliter
1047 4238 1133 4282 nuno
1154 4217 1253 4284 irasci

111 4344 149 4388 ac
172 4343 246 4388 cum
268 4322 362 4405 pueri
385 4343 528 4406 eramus3
550 4343 628 4386 narn
652 4325 686 4387 et
706 4321 846 4388 facultas
866 4321 977 4387 eadem
1003 4325 1053 4388 est
1075 4325 1108 4388 et
1130 4324 1254 4410 modus,

109 4450 173 4516 quo
198 4427 301 4494 oritur
324 4427 472 4516 affectus,
496 4426 622 4496 similis.
668 4428 776 4496 Unum
803 4431 914 4496 tomen
940 4429 1063 4517 habant
1089 4431 1252 4521 singulare
