3210 5148
586 443 826 510 -463-

142 605 311 690 δειχθῆναι
336 615 423 690 τρεῖς
446 599 528 670 εἶναι
559 601 718 689 δυνάμεις
745 602 951 690 ἑτερογενεῖς.
997 600 1084 671 οὕτω
1112 606 1197 689 γοῦν
1224 601 1277 670 καὶ

141 705 156 778 δ
179 709 405 790 Ποσειδώνιος
431 707 611 795 ὑπολαβὼν
639 706 831 796 άπεχάρησέ
850 734 885 776 τε
912 712 973 776 τού
996 714 1195 797 Χρυσίππου
1223 711 1278 778 καὶ

140 818 262 902 μᾶλλον
284 812 518 903 ἠκολούθησεν
538 817 542 902 Ι
560 813 773 904 Ἀριστοτέλει
796 815 850 882 καὶ
875 814 1042 883 Πλάτωνι.
1086 817 1345 903 :constuprasse

141 921 174 988 dl
195 925 240 1012 τῷ
265 921 353 1014 λόγῳ
376 921 413 991 τὸ
437 927 581 1011 μᾶλλον,
610 919 721 1007 ἐπειδὴ
745 920 827 988 κατὰ
850 922 949 1010 μέρος
972 919 1186 1010 εὑρίσκονταί
1204 949 1279 990 τινα

141 1031 386 1114 διαφωνοῦντες
404 1032 439 1098 ολ
454 1043 541 1116 τρεῖς
559 1027 680 1116 ἄνδρες
698 1025 781 1114 ὑπὲρ
798 1032 856 1114 τῆς
873 1031 941 1096 τῶν
959 1025 1087 1115 άρετων
1105 1032 1307 1117 διαφορᾶς,ε

140 1133 217 1204 κατὰ
241 1135 277 1202 δὲ
300 1133 337 1204 τὸ
362 1134 498 1222 σύμπαν
521 1133 746 1222 ὁμολογοῦσιν
773 1131 937 1221 ἀλληλοις.
983 1137 1133 1217 ἐπιδείξω
1161 1135 1199 1203 δὲ
1225 1134 1279 1203 καὶ

141 1238 217 1310 αύτὸ
241 1246 340 1311 τοῦτο
369 1245 498 1330 σαφῶς,
526 1239 624 1328 ἡνίκα
652 1237 695 1310 ἂν
718 1243 756 1309 έν
782 1256 852 1322 τοῖς
879 1247 990 1310 ἔπειτα
1016 1241 1078 1311 τὸν
1103 1239 1186 1329 ὑπὲρ
1213 1245 1281 1310 τῶν

140 1345 263 1435 άρετάν
295 1348 508 1437 διεξέρχωμαι
540 1347 656 1434 λόγον·
688 1349 726 1416 έν
758 1348 795 1416 δὲ
825 1353 871 1441 τῷ
902 1349 1044 1436 παρόντι
1076 1353 1144 1417 τῶν
1172 1350 1209 1416 έν
1235 1351 1279 1438 τῷ

139 1453 278 1546 τετάρτῳ
310 1458 367 1542 τῆς
395 1460 571 1533 Πολιτείας
597 1452 661 1523 ὑπὸ
690 1457 752 1524 τού
780 1454 965 1535 Πλάτωνος
990 1456 1175 1542 εἰρημένων
1202 1451 1281 1543 ᾆπο-

141 1561 273 1642 δείξεων
303 1559 368 1648 ἤδη
400 1560 621 1648 μνημονεύσω
652 1560 869 1650 προσγράψας
903 1561 965 1650 τὴν
997 1563 1112 1649 δῆσεν,
1147 1557 1208 1648 ἀφ’
1242 1553 1281 1648 ἧς
1296 1585 1321 1625 10

139 1665 270 1754 ἄρχεται
296 1671 357 1736 τοῦ
380 1666 495 1752 λόγον·
524 1673 588 1754 ἔχει
613 1669 650 1737 δὲ
672 1660 750 1736 ὦδε·
775 1665 913 1736 “ταύτδν
942 1668 1099 1755 δηλονότι
1121 1665 1281 1736 τάναντία

140 1777 257 1842 ’ποιεῖν
281 1769 306 1862 ἢ
323 1773 462 1860 πάσχειν
484 1773 566 1842 κατὰ
593 1771 717 1843 ταύτόν
739 1801 774 1843 τε
797 1776 851 1843 καλ
874 1774 957 1863 πρὸς
978 1773 1102 1844 ταύτδν
1124 1771 1185 1843 ούκ
1209 1774 1281 1841 έθε-

139 1880 241 1967 τλήσει
265 1877 352 1968 ἅμα]
399 1877 465 1949 εἶδ’
491 1881 564 1968 ἑξῆς
585 1880 834 1971 πιστωσάμενός
856 1908 889 1950 τε
916 1885 1016 1951 τοῦτο
1039 1883 1093 1951 καὶ
1116 1883 1189 1969 περὶ
1213 1884 1281 1948 τῶν

140 1985 332 2056 δοκούντων
354 1986 518 2075 μάχεσθαι
543 1988 690 2057 διελθὼν
713 1989 859 2076 ἐπιφέρει
884 1981 954 2077 *ἆρ’
981 1982 1058 2075 οὖν,
1081 1982 1124 2076 ἦν
1147 1985 1180 2055 δ’
1206 1986 1281 2074 ἔχω’,

175 2189 187 2236 1
208 2188 282 2252 τρεῖς
302 2179 375 2238 εἶναι
393 2179 443 2246 τὰς
461 2178 625 2246 διωκούσας
638 2179 707 2271 ἡμῖν
726 2179 776 2238 τὸν
800 2185 863 2255 βίον
881 2179 1017 2254 δυνάμεις
1036 2179 1207 2254 ἑτερογενεῖς
1226 2177 1280 2240 κᾶν

140 2250 166 2308 εί
182 2249 219 2326 μὴ
239 2252 288 2308 καλ
306 2247 351 2309 ὅτι
369 2253 538 2323 διαφέροντι
556 2261 618 2318 ταῖς
636 2257 746 2318 ονσίαις
765 2253 1058 2325 σνναποδεδειγμένον
1071 2253 1204 2324 τυγχάνοι
1222 2255 1279 2310 FP.

140 2355 172 2366 -
192 2331 207 2378 2
226 2319 308 2394 άπεχ.
327 2326 377 2380 τού
397 2345 425 2380 τε
446 2331 531 2396 Χρνσ.
551 2327 581 2380 L.
601 2357 634 2366 -
653 2346 682 2382 τε
702 2344 756 2381 om.
775 2327 804 2381 P.
825 2357 860 2366 -
883 2321 1080 2396 3άριστοτέλη
1098 2328 1134 2381 Μ.
1155 2359 1188 2367 -
1211 2322 1281 2380 πλά-

138 2415 225 2460 τωνος
244 2395 280 2450 Μ.
301 2427 334 2438 -
358 2403 374 2450 l
397 2393 428 2452 τὸ
448 2414 502 2452 orn.
521 2397 552 2452 L.
576 2428 609 2436 -
634 2403 650 2450 ὃ
674 2397 879 2465 διαφονούντες
897 2397 925 2452 Μ
951 2399 1146 2466 διαφωνοῦντε
1167 2397 1226 2452 ΑΒ.
1247 2429 1279 2437 -

138 2475 154 2523 δ
177 2467 226 2522 καλ
249 2485 299 2537 pro
322 2463 395 2524 κατά
421 2469 452 2524 L.
477 2501 510 2508 —
539 2465 724 2538 συμπέρασμα
751 2467 880 2523 ABChK
904 2464 1018 2538 σύμπαν
1040 2468 1109 2535 LM;
1137 2469 1171 2523 cl.
1195 2468 1279 2523 Proll.
1313 2493 1316 2498 ·

138 2557 165 2610 p.
185 2545 227 2594 28.
247 2569 280 2579 -
306 2542 405 2608 Ίπερλ
423 2541 479 2594 τάν
497 2539 527 2593 L.
553 2571 585 2579 —
610 2538 821 2608 Θδιεξέρχηται
840 2539 870 2594 L.
891 2571 923 2578 -
948 2540 1064 2608 9τῆςδε
1083 2540 1225 2601 πολιτείας
1243 2539 1280 2592 Μ.

136 2641 171 2650 -
200 2617 233 2665 10
251 2605 419 2680 προγράψας
441 2610 602 2665 ΜΔΗΟΙιΚ
621 2629 733 2680 προσγρ.
759 2610 792 2675 L;
817 2609 852 2665 ef.
870 2611 955 2666 Proll.
979 2629 1006 2681 p.
1027 2617 1086 2665 103.
1109 2640 1143 2650 -
1169 2619 1199 2664 11
1225 2601 1280 2666 τάδε

139 2679 192 2748 ἡδί
207 2681 238 2736 L.
263 2713 295 2720 —
319 2677 425 2736 ταύτότ
448 2703 473 2735 κ.
496 2702 519 2736 τ.
542 2686 566 2735 λ.
589 2681 658 2768 Rep.
682 2681 719 2735 lV
745 2699 772 2752 p.
792 2687 843 2734 136
862 2682 892 2736 Β.
917 2714 949 2721 -
973 2683 1059 2750 δῆλον
1083 2675 1125 2736 ὅτι
1148 2681 1227 2736 ChK.
1247 2713 1281 2721 -

140 2759 171 2836 12⁸
192 2747 310 2840 πάσχειν
329 2751 409 2822 μέχρι
428 2754 477 2838 τού
497 2751 545 2806 καλ
569 2748 609 2838 είς
627 2771 741 2838 απηιντα
760 2755 896 2808 ταναντία
921 2749 1041 2815 έκείνοις
1057 2747 1282 2836 δήσομενςιπῶς

137 2841 193 2891 γαρ
218 2841 266 2888 ους
290 2821 347 2877 FP.
373 2853 406 2864 ·-
430 2841 549 2892 πασχειν
572 2843 590 2892 η
613 2843 686 2877 κατα
710 2823 837 2888 ΙιΜΑΒς
863 2825 898 2878 εί.
923 2823 1007 2878 Proll.
1031 2842 1058 2894 p.
1084 2831 1133 2880 128
1157 2827 1186 2880 ct
1207 2823 1282 2878 unfra

139 2912 167 2962 p.
188 2899 238 2948 791
259 2894 371 2948 extuli
395 2897 424 2950 et
438 2901 540 3021 &802
559 2895 628 2950 extr.
647 2893 680 2949 Κ.
700 2924 733 2934 -
757 2911 787 2964 γε
812 2911 863 2964 pro
882 2914 911 2950 τε
932 2895 1024 2960 Com.;
1048 2897 1079 2950 at
1096 2895 1151 2950 vid.
1171 2895 1189 2948 l.
1208 2896 1226 2949 l.
1247 2927 1280 2935 -

138 2971 171 3019 14
186 2955 236 3034 ἆρ’
252 2955 305 3019 cdv
319 2985 344 3020 ιι.
359 2986 382 3020 τ.
396 2969 419 3021 λ.
480 2983 507 3036 p.
522 2965 560 3020 IV
575 2984 601 3036 p.
617 2971 669 3020 137
684 2964 741 3020 BC.
757 2997 789 3006 -
810 2961 867 3021 οἶδ’
883 2963 938 3036 lyci
952 2966 988 3036 [ις
1003 2965 1038 3021 cf.
1052 2966 1137 3021 Proll.
1151 2984 1178 3037 p.
1193 2973 1235 3021 80.
1245 2997 1281 3007 -

166 3095 255 3102 auo—...-
264 3097 282 3100 -
299 3095 352 3100 -...-

134 3165 253 3231 habuit
284 3165 524 3231 demonstrasse
557 3167 625 3230 tres
661 3187 732 3230 csse
764 3164 938 3230 facultates
975 3185 1091 3251 genere
1128 3164 1309 3230 diversas..

133 3271 189 3336 Ita
211 3272 311 3338 etiam
339 3272 532 3340 Posidonius
561 3293 694 3338 censens
718 3268 903 3356 Chrysippo
931 3273 1045 3338 relicto
1068 3271 1281 3336 Aristotelem

134 3383 170 3442 et
201 3378 372 3446 Platonem
403 3379 509 3464 magis
542 3383 671 3445 secutus
704 3383 762 3444 est.
819 3379 927 3464 Magis
959 3381 1132 3464 propterea
1164 3377 1282 3461 addidi,

134 3485 215 3568 quia
241 3489 308 3550 tres
335 3485 370 3550 hi
398 3487 460 3550 riri
488 3486 524 3552 in
551 3486 689 3571 singulis
719 3486 815 3551 rebus
848 3484 886 3550 de
913 3485 1072 3550 virtutum
1100 3484 1282 3550 differentia

134 3589 338 3676 discrepant,
370 3615 404 3658 re
435 3593 470 3658 in
500 3592 688 3658 universum
717 3594 864 3678 spectata
892 3591 976 3658 inter
1000 3613 1034 3656 se
1062 3592 1280 3674 consentiunt,

135 3697 226 3782 quod
248 3697 355 3782 ipsum
378 3700 512 3785 planum
535 3700 667 3783 faciam,
695 3700 752 3765 ubi
778 3701 894 3784 postea
917 3697 955 3762 de
982 3699 1159 3764 virtutibus
1182 3699 1281 3762 disse·

133 3827 223 3890 ram,
246 3827 330 3870 nuno
350 3806 495 3872 Platonis
518 3807 552 3870 in
574 3811 692 3890 quarto
711 3805 921 3892 Reipublicae
946 3805 1063 3870 allatas
1082 3805 1281 3880 demonstra:

133 3912 244 3978 tiones
266 3911 333 3978 iam
357 3913 617 3980 commemorabo
636 3915 798 3998 verbaque
817 3915 898 3998 ipsa,
920 3912 1003 3977 unde
1027 3912 1281 3998 disputationem

132 4019 316 4104 exorditur,
352 4019 549 4104 adscribam,
589 4041 671 4104 quac
708 4021 748 4084 ad
785 4019 869 4085 hune
907 4019 1039 4084 modum
1074 4042 1108 4084 se
1146 4017 1281 4085 habe'nt:

132 4124 257 4191 ‘Idem
290 4127 372 4192 sine
402 4125 519 4192 dubio
550 4126 658 4192 nolet
690 4127 804 4192 simul
837 4127 1038 4192 contraria
1065 4126 1124 4191 vel
1151 4126 1281 4191 facere

131 4235 199 4298 vel
227 4234 309 4317 pati
338 4234 545 4299 secundum
577 4233 678 4299 idem
706 4238 743 4299 et
776 4235 820 4300 ad
854 4232 973 4298 idem?
1023 4232 1198 4318 Deinceps,
1225 4234 1281 4299 ubi

130 4341 200 4406 hoc
237 4341 443 4408 confirmavit
482 4341 521 4405 de
563 4341 754 4426 ceterisque,
795 4363 878 4425 quse
919 4338 1082 4404 adversari
1123 4341 1282 4427 videntur,

132 4449 349 4535 disceptavit,
372 4448 493 4534 pergit:
522 4445 671 4513 ‘Nonne
694 4447 833 4533 igitur,
860 4447 1033 4531 inquam,
1056 4448 1221 4513 adnuere
1245 4451 1282 4513 et
