3212 5146
599 455 843 520 -671-

147 612 284 688 δοῦναι,
313 605 359 687 ὡς
381 617 523 695 εἴρηται,
547 606 608 676 ούκ
632 615 663 678 εἰ
684 614 815 690 ψευδῶς
838 612 977 677 ἕκαστον
1000 603 1048 679 aiv
1072 610 1140 679 εἶπε
1169 613 1292 700 σχημά-

144 741 212 782 των
235 712 348 793 αὐτοῖς
366 711 534 803 ἀπονέμει.
571 720 694 803 διαιρεῖ
710 716 747 784 δὲ
764 722 809 807 τῷ
829 717 916 807 λόγῳ
935 717 1036 785 πάλιν
1059 714 1143 785 αύιὰ
1165 721 1288 808 ταῦταῆ

145 823 226 888 κατὰ
255 824 408 889 ἐπίνοιαν
438 830 484 900 εἰς
511 847 545 889 τε
576 821 639 908 τὴν
661 821 747 908 ὕλην
774 824 829 890 καὶ
856 823 893 890 τὸ
923 826 1040 909 σχῆμα.
1089 821 1228 911 κάπειδὴ
1251 825 1289 893 τὸ
1300 843 1357 898 669

145 931 252 1015 σχῆμα
285 926 453 995 σύνθετόν
485 928 569 1010 ἐστι,
601 927 638 994 τὸ
671 928 733 1014 μὲν
765 933 823 1014 τῆς
850 933 1037 1015 πυραμίδος
1064 931 1098 996 ἐκ
1125 931 1291 1018 τεττάρων

144 1034 353 1120 ἰσοπλεύρων
376 1033 566 1121 τριγώνων,
589 1033 626 1101 τὸ
651 1039 688 1101 δε
713 1039 870 1120 εξαεδρον
894 1027 1107 1122 [τοῦκύβου]
1132 1038 1317 1125 τετραγώι

145 1168 214 1209 νων
237 1143 282 1222 ἔξ,
306 1141 342 1209 τὸ
368 1141 405 1208 δὲ
428 1139 610 1227 ὀκτάεδρον
634 1138 717 1210 ὀκτώ
742 1141 916 1230 τριγώνων
939 1143 1158 1230 ἰσοπλεύρων,
1182 1143 1291 1233 ώσπερ

143 1249 259 1332 γεκαὶ
288 1247 325 1315 τὸ
354 1246 570 1334 εἰκοσάεδρον
598 1257 701 1316 εἰκοσι
724 1249 914 1336 τριγώνων,
941 1249 1042 1317 πάλιν
1069 1251 1290 1319 έπισκοπεῐται

143 1358 212 1421 τών
239 1354 279 1422 τά
309 1354 423 1442 στερεά
453 1354 602 1442 σχήματα
629 1354 886 1442 περιοριζόντων
914 1357 1078 1424 ἐπιπέδων
1109 1355 1171 1444 τὴν
1197 1359 1291 1440 τάξιν

143 1467 203 1528 καί
223 1482 305 1547 φησι
332 1465 370 1529 τὸ
404 1461 465 1548 μὲν
489 1460 688 1549 ἰσόπλευρον
717 1468 883 1548 τρίγωνον
907 1464 942 1530 έκ
966 1463 1167 1549 [τριγώνων]
1191 1461 1291 1552 ὀρθο-

143 1573 279 1652 γωνίων
313 1571 412 1637 δυοῖν
447 1570 623 1655 γενέσθαι,
654 1567 691 1637 τὸ
725 1569 762 1637 δὲ
801 1568 1011 1658 τετράγωνον
1048 1571 1083 1637 έκ
1117 1571 1292 1659 τεττάρων.
1307 1597 1332 1633 1⁰

144 1675 213 1742 έπεί
243 1674 280 1741 δὲ
308 1676 421 1762 μηκέτι
450 1673 604 1763 άνωτέροτ
632 1684 812 1763 προελθεῖν
840 1662 945 1763 εἶχεν,
970 1673 1014 1756 aig
1042 1678 1079 1743 έν
1110 1679 1292 1766 ἐλαχίστοις

144 1783 275 1848 ἵσταται
303 1780 434 1862 τούτοις
465 1783 520 1850 καί
554 1782 609 1850 διὰ
638 1787 737 1850 τοῦτο
761 1779 843 1850 αύτὸ
871 1782 1112 1871 προσαγορεύει
1136 1801 1291 1873 στοιχεῖα,

142 1887 180 1954 τὸ
204 1887 269 1974 μὲν
291 1889 406 1976 ἕτερον
429 1889 631 1976 ἰσοπλεύρου
653 1889 836 1976 τριγώνου,
863 1887 900 1957 τὸ
930 1889 967 1957 δὲ
995 1892 1109 1978 ἕτερον
1131 1894 1288 1981 τετραγώ-

143 2021 218 2062 νου.
264 1995 472 2084 παραγράψω
496 1997 536 2063 δέ
556 2016 609 2064 σοι
633 1996 687 2062 καὶ
711 1995 769 2074 τὰς
792 1995 903 2083 ῥήσεις
926 1994 1045 2082 αύιοῦ,
1073 2000 1209 2087 πρώτην
1230 2001 1293 2088 μὶν

143 2099 207 2188 τὴν
236 2101 289 2168 ἐπὶ
317 2105 374 2188 τῆς
401 2106 588 2190 πυραμίδος
611 2104 790 2190 εἰρημένην
813 2108 956 2190 ἔχουσαν
983 2095 1048 2172 ώδε
1075 2107 1157 2174 κατὰ
1185 2109 1286 2189 λέξιν
1308 2127 1332 2165 1⁵

183 2376 195 2422 1
219 2367 339 2423 ἕκαστον
357 2363 392 2424 ὃν
410 2369 447 2424 M.
468 2401 500 2410 -
520 2377 536 2424 2
555 2365 711 2441 άπονέμειν
729 2372 765 2428 Μ,
782 2404 814 2411 -
833 2379 851 2426 4
869 2367 1026 2426 σύνθαιτον
1044 2374 1074 2428 Ρ.
1093 2407 1129 2416 -
1152 2373 1292 2446 τεττάρων

143 2439 201 2492 ΜΡ
222 2436 365 2550 τεσσάρων
384 2441 522 2527 ΑῌΟλιλζ.
548 2475 579 2482 -—
607 2450 623 2542 p,
643 2439 907 2568 Lodgaddpvmc'thll,
927 2444 1291 2575 {gl'nssgzvuffiisjnedmgi'

142 2529 290 2650 Ξίγεώνων
302 2514 636 2652 ξοδῑάίἓδδσωτζῗάάνδν
659 2603 708 2639 nos
717 2535 805 2640 1ύίύοίε
828 2586 1003 2653 inclusimus3
1027 2586 1061 2642 cf.
1081 2563 1165 2644 Proll.
1184 2609 1211 2660 p.
1231 2542 1291 2647 nd

143 2685 177 2694 -—
200 2661 234 2706 11
256 2648 303 2707 ἰπλ
321 2652 353 2708 a
372 2654 403 2708 P.
423 2686 455 2694 -
477 2662 509 2708 12
528 2656 578 2709 τοῦ
597 2676 617 2709 π
636 2651 726 2710 αὐτοῦ
740 2674 796 2740 pro
815 2657 899 2712 τοῦτο
918 2653 989 2712 αὐτὸ
1009 2658 1045 2712 Μ.
1066 2689 1097 2697 —-
1123 2667 1157 2715 14
1176 2679 1219 2716 σοι
1237 2680 1291 2718 om.

141 2724 256 2866 {Phr-⁰-
269 2720 367 2850 335ng
386 2721 480 2838 δύσεις
498 2725 541 2778 1³².
563 2758 594 2768 —
623 2733 655 2782 15
673 2729 833 2798 πυρομεδος
851 2729 882 2782 Ρ.
902 2759 935 2768 -
960 2727 1116 2800 εἰρημένων
1135 2733 1167 2786 Α.
1189 2765 1221 2774 -
1246 2729 1296 2788 έπί

143 3067 272 3134 formas
297 3067 442 3152 singulas
466 3069 599 3134 tribuat.
646 3069 772 3135 Dividit
793 3075 901 3135 autern
925 3092 1037 3136 rursus
1061 3071 1141 3137 haec
1165 3071 1312 3159 singula'

143 3177 276 3240 ratione
300 3175 334 3238 in
358 3176 527 3239 materiam
552 3180 585 3240 et
606 3177 755 3242 formam.
801 3177 849 3242 Ac
877 3178 954 3262 quia
980 3179 1087 3244 forma
1110 3183 1294 3264 composita

142 3286 211 3366 cst,
244 3280 425 3365 pyramidis
459 3283 586 3365 quidem
624 3305 640 3346 e
677 3288 833 3369 quattuor
865 3286 1073 3369 aequilateris
1110 3288 1294 3373 triangulis,

143 3387 300 3452 hexaedri
326 3409 343 3450 ο
367 3409 422 3452 sex
445 3389 621 3474 quadratis,
645 3392 786 3456 octa'e'dri
806 3414 844 3455 cx
868 3397 942 3457 octo
961 3393 1170 3477 aequilateris
1194 3396 1293 3460 trian-

142 3494 249 3579 gulis,
272 3494 429 3558 icosaiidri
453 3517 470 3558 e
493 3497 612 3580 viginti
635 3497 824 3583 triangulis,
847 3521 958 3563 rursus
981 3500 1153 3584 planarum
1177 3501 1293 3584 figura·

142 3624 235 3682 rum,
268 3621 349 3682 quae
376 3599 436 3664 has
465 3603 585 3667 solidas
618 3604 900 3684 circumscribunt,
933 3607 1079 3672 ordinem
1111 3608 1295 3673 considerat

144 3711 246 3791 atque
271 3706 317 3769 ait
344 3707 576 3790 aequilaterum
603 3710 845 3795 triangulume
877 3711 1001 3776 duobus
1030 3714 1128 3777 rectis
1157 3715 1295 3798 angulis,

143 3813 345 3898 quadratum
369 3833 385 3875 c
413 3819 567 3897 quattuor
589 3817 689 3902 gigni.
737 3815 897 3892 Quoniam
924 3841 1001 3884 vcro
1029 3820 1180 3904 progredi
1208 3821 1295 3886 ultra

142 3942 214 3984 non
239 3918 357 4002 potuit,
380 3919 415 3983 in
437 3920 490 3986 his
508 3923 602 4005 quasi
625 3922 769 3987 minimis
794 3924 943 3988 substitit
965 3947 1098 4009 eamque
1122 3927 1228 4010 ipsam
1252 3929 1293 3993 ob

143 4048 283 4092 causam
302 4026 460 4091 elementa
478 4032 583 4112 vocat,
606 4029 744 4094 alterum
764 4030 953 4113 aequilateri
973 4033 1138 4117 trianguli,
1157 4035 1293 4098 alterum

143 4133 376 4218 quadranguli.
426 4133 502 4198 Jam
532 4135 636 4218 ipsius
665 4137 829 4202 orationes
863 4137 926 4201 tibi
954 4138 1136 4204 adscribam
1165 4162 1203 4204 ac
1230 4141 1294 4224 pri·

144 4263 242 4306 mum
271 4239 414 4324 quidam,
442 4241 518 4324 quid
548 4242 587 4305 de
615 4243 782 4326 pyramide
809 4243 928 4307 dixerit
954 4244 994 4307 ad
1021 4246 1154 4310 verbum
1186 4247 1233 4312 sic
1261 4271 1294 4312 so

142 4348 290 4414 habens:
314 4344 497 4412 ‘Primum
521 4370 609 4413 varo
633 4350 760 4414 locum
784 4354 919 4414 teneat
937 4350 1061 4434 prima
1084 4354 1234 4435 species
1258 4357 1295 4417 et

143 4459 346 4538 tamquam
377 4453 538 4520 minima
570 4455 803 4542 consistens,
834 4457 941 4521 euius
975 4457 1205 4524 clementum
1237 4463 1297 4526 est
