3300 5146
814 431 1057 498 -314-

362 598 514 657 νοεῖσθαι
546 588 601 656 καὶ
634 588 671 655 έν
708 588 838 667 ἑαυτοῖς
866 590 976 675 λέγειν
1012 589 1066 656 καὶ
1103 585 1224 675 φωνὴν
1257 591 1415 670 διεξιέναι
1450 594 1499 658 καὶ

362 694 453 775 ἐκτὸς
476 695 671 783 luniperto?
717 691 991 783 ὁμολογούμενον
1013 695 1077 783 γάρ
1099 721 1131 762 τι
1154 695 1352 783 λαμβάνων,
1380 696 1425 778 ὦς
1445 703 1501 766 τοῦ

361 800 466 871 αὐτοῦ
492 809 613 890 μορίου
640 800 677 870 τὸ
705 804 815 889 λέγειν
847 812 897 890 είη
929 803 984 870 καὶ
1011 803 1048 870 τὸ
1078 803 1115 870 ἐν
1143 803 1248 894 ἑαυτῷ
1277 804 1404 889 λέγειν,
1436 802 1501 872 εἶτα

334 908 629 998 ιπροσλαμβάνων
657 906 737 977 αὐτὸ
766 913 824 996 τῆς
850 914 989 998 καρδίας
1015 916 1116 997 ἔργον
1143 907 1289 977 εἶναιτὸ
1317 912 1441 998 λέγειν,
1472 915 1501 992 ἐξ

294 1033 350 1091 sto
360 1015 489 1104 ἀμφοῖν
521 1022 586 1104 ἔχει
613 1016 858 1104 περαινόμενον
888 1019 925 1086 ἐν
956 1022 996 1106 τῇ
1025 1022 1147 1107 καρδίᾳ
1176 1019 1181 1102 Ι
1209 1023 1366 1104 γίνεσθαι
1397 1017 1436 1087 τὸ
1469 1021 1501 1087 έν

361 1126 465 1216 ἑαυτῷ
494 1127 612 1209 λέγειν.
657 1121 739 1191 ἀλλὰ
767 1121 860 1211 ἡμεῖς
887 1151 923 1211 γε
955 1122 1037 1192 κατὰ
1065 1123 1102 1192 τὸ
1130 1123 1194 1213 πρὸ
1222 1123 1345 1192 τούτου
1372 1124 1502 1212 γράμμα

360 1231 420 1300 τὸν
443 1228 508 1299 ὑπὸ
531 1234 592 1298 τοῦ
616 1230 774 1317 Ζήνωνος
797 1232 1008 1319 ἐρωτηθέντα
1037 1229 1140 1318 λόγον
1163 1228 1246 1318 ὑπὲρ
1268 1235 1331 1300 τοῦ
1352 1231 1415 1318 τὴν
1438 1259 1502 1318 φω-

360 1336 425 1426 νὴν
457 1335 521 1406 ἀπὸ
549 1342 607 1424 τῆς
637 1341 777 1426 καρδίας
808 1339 1031 1424 ἐκπέμπεσθαι
1070 1337 1246 1427 μοχθηρὸν
1285 1339 1502 1426 ἐπεδείξαμεν,

360 1444 521 1514 ὥστεκαὶ
545 1442 562 1512 ὁ
591 1448 656 1512 νῦν
679 1443 891 1531 ἐρωτώμενος
914 1442 978 1513 ὑπὸ
1006 1454 1067 1514 τοῦ
1091 1451 1288 1532 Χρυσίππου
1316 1444 1416 1531 λόγος
1439 1444 1502 1534 ἅμα

321 1575 346 1613 1⁰
361 1555 474 1644 ἐκείνῳ
494 1552 730 1641 συνανῄρηται.
767 1552 1020 1640 ἐπισκεψώμεθα
1040 1545 1102 1621 οὖν
1121 1551 1184 1640 ἤδη
1199 1551 1260 1620 τὸν
1275 1552 1348 1639 ἑξῆς
1366 1555 1504 1632 ‘oculos

361 1660 410 1728 ‘ot
437 1659 544 1750 τούτῳ
570 1660 625 1727 καὶ
654 1661 690 1727 ol
714 1661 892 1748 στεναγμοὶ
921 1663 1081 1728 ἐντεῦθεν
1107 1661 1299 1748 προΐενται.’
1345 1659 1401 1726 καὶ
1428 1660 1505 1740 τοὺς

361 1766 580 1855 στεναγμοὺς,
609 1759 635 1834 ὦ
659 1767 846 1855 Χρύσιππε,
875 1769 943 1853 [καὶ
966 1767 1024 1848 τὰς
1047 1767 1176 1854 φωνὰς]
1208 1768 1244 1834 ἐκ
1266 1771 1327 1836 τοῦ
1351 1766 1504 1855 θώρακος

361 1874 423 1962 μὲν
445 1873 598 1962 φήσομεν
627 1875 849 1961 ἐκπέμπεσθαι
872 1876 925 1943 καί
950 1879 1011 1944 τοῦ
1033 1875 1237 1964 πνεύμονος,
1265 1870 1307 1942 οὐ
1336 1872 1404 1960 μὴν
1427 1870 1503 1941 οὐδὲ

358 1983 396 2050 ἐκ
423 1985 480 2068 τῆς
506 1986 657 2070 καρδίας,
684 1980 792 2068 ὥσπερ
817 1980 896 2051 οὐδέ
923 1981 982 2062 τὰς
1009 1981 1133 2068 φωνάς.
1182 1977 1413 2049 ἀποδέδεικται
1442 1980 1502 2067 γὰρ

322 2109 346 2148 1⁵
361 2087 440 2177 ἡμῖν
462 2087 545 2176 ὑπὲρ
570 2088 709 2157 ἑκάστου
731 2088 860 2157 τούτων
883 2091 920 2158 ἐν
939 2090 1062 2177 ἑτέροις
1085 2085 1145 2176 οὐχ
1164 2085 1276 2168 ἁπλῶς
1297 2085 1378 2156 οὐδὲ
1396 2086 1504 2172 ὥσπερ

282 2279 287 2294 Ι
359 2194 423 2264 ὑπὸ
452 2201 515 2265 σοῦ
543 2200 608 2264 νῦν
639 2192 719 2263 οὐδὲ
746 2202 828 2283 μίαν
855 2194 1027 2278 ἀπόδειξιν
1059 2198 1275 2283 προσθέντος.
1325 2196 1445 2282 ἐφεξῆς
1472 2193 1504 2262 δὲ

362 2337 574 2346 u———-—-

396 2401 409 2448 1
430 2387 462 2447 ἐν
482 2387 594 2455 ἑαυτοῖς
617 2386 719 2459 φωνὴν
741 2392 878 2457 διεξιέναι
897 2393 975 2448 codd.
1000 2393 1062 2448 edd.
1088 2387 1119 2447 έν
1144 2388 1221 2448 ἕαυτ.
1246 2390 1338 2460 λέγειν
1362 2392 1411 2445 καί
1431 2413 1463 2460 φ.
1483 2395 1505 2444 δ’.

360 2482 418 2519 nos.
443 2495 476 2504 -
504 2470 521 2519 λ
544 2460 760 2536 προσλαμβάνω
783 2465 818 2519 Μ.
846 2497 875 2506 -
911 2475 926 2518 8
950 2460 1007 2518 αἰιό
1031 2466 1081 2531 τῆς
1104 2465 1133 2518 Μ
1156 2460 1212 2518 ὑπὸ
1237 2465 1286 2532 τῆς
1310 2463 1455 2530 ABGhK3
1473 2464 1504 2517 cf.

359 2537 442 2590 Proll.
462 2555 488 2604 p.
509 2542 550 2590 25.
572 2569 604 2577 -
626 2543 657 2589 12
677 2536 725 2589 καὶ
744 2531 795 2597 τὰς
813 2531 911 2604 φωνὰς
930 2537 1007 2590 uncis
1026 2536 1198 2590 inclusimus.
1218 2567 1250 2576 -
1272 2540 1304 2589 14
1323 2529 1418 2604 ὥσπερ
1440 2530 1503 2589 οὐδὲ

360 2602 526 2674 stirpensis
550 2607 654 2661 deleuit
673 2605 752 2660 Corn.
774 2639 806 2646 ·-
832 2615 864 2661 15
884 2602 979 2668 ἁπλῶς
1002 2603 1052 2676 οὐχ
1078 2601 1171 2674 ὥσπερ
1195 2602 1261 2660 οὐδὲ
1282 2601 1338 2660 ὑπὸ
1354 2607 1383 2660 Μ
1406 2601 1436 2661 oi.
1456 2602 1505 2673 οὐχ

361 2672 527 2804 ὥσπὸριρδπὸ
547 2679 599 2734 ΑΒ
623 2674 650 2733 ἐι.
674 2672 739 2732 οὐδ’
765 2671 833 2734 cion.
857 2672 913 2735 ὑπὸ
934 2679 1013 2734 chK.
1035 2710 1067 2718 -
1089 2685 1121 2733 16
1141 2673 1208 2734 οὐδὲ
1229 2680 1297 2748 μίαν
1315 2679 1344 2732 Μ
1367 2672 1506 2750 οὐδεμίαν

364 2878 575 2888 --------.

361 2949 466 3014 intre
488 2971 556 3015 nos
580 2950 689 3034 ipsos
713 2951 821 3035 loqui
840 2953 877 3014 et
896 2973 1025 3015 vocem
1046 2950 1243 3035 explicere
1264 2952 1379 3033 atque
1398 2949 1505 3013 forus

361 3056 560 3122 emittere?
613 3057 694 3123 Cum
728 3059 814 3122 enim
847 3058 878 3121 iu
907 3081 966 3142 pro
1001 3081 1153 3124 concesso
1186 3056 1332 3140 posuerit
1363 3055 1504 3120 eiusdem

360 3163 462 3248 pertis
487 3186 558 3229 esse
580 3165 669 3250 loqui
693 3167 726 3229 et
745 3188 818 3230 oum
835 3166 931 3230 nobis
955 3167 1036 3249 ipsis
1059 3165 1158 3250 loqui,
1181 3163 1296 3229 deinde
1315 3163 1505 3227 assumserit

360 3271 448 3355 loqui
473 3271 578 3337 cordis
601 3272 800 3337 functionem
829 3295 915 3356 esse,
949 3295 986 3336 ex
1017 3273 1069 3336 his
1102 3271 1204 3336 efficit
1236 3271 1269 3335 in
1303 3269 1398 3335 corde
1427 3267 1504 3333 illud

361 3400 470 3442 seeum
497 3380 586 3464 loqui
611 3380 689 3444 fiori.
739 3378 809 3444 Nos
838 3383 958 3464 tamen,
986 3379 1140 3463 quoniam
1169 3379 1202 3442 in
1226 3375 1394 3461 superiore
1420 3375 1505 3439 libro

361 3485 500 3550 Zenonis
531 3487 693 3552 rationem
723 3488 761 3550 (le
794 3509 845 3570 eo,
882 3487 967 3571 quod
1002 3509 1064 3551 vox
1092 3487 1131 3548 de
1168 3485 1263 3550 corde
1296 3483 1506 3562 emitteretur,

361 3594 596 3678 interrogatum
629 3595 781 3658 vitiosam
815 3617 883 3657 osso
916 3594 1129 3676 ostendimus,
1162 3592 1261 3655 etiem
1289 3590 1373 3655 huno
1401 3589 1503 3672 Chry-

360 3701 446 3785 sippi
476 3703 634 3765 rationem
662 3725 727 3765 une
754 3723 827 3764 oum
857 3701 915 3764 ills
943 3701 1106 3764 sublatam
1134 3698 1371 3782 existimamus3
1405 3719 1503 3783 quare

360 3832 406 3890 ua,
421 3831 504 3894 quae
520 3814 706 3893 sequuntur,
720 3807 946 3891 inspiciamus:
962 3807 1078 3872 ‘Huio
1093 3805 1371 3870 convenienter
1386 3805 1503 3869 etiem

361 3915 528 3998 gemitus
552 3915 638 3979 inde
666 3914 903 4000 procedunt?
954 3913 1102 3978 Gemitus
1125 3913 1239 3990 etiem,
1267 3909 1504 3996 Chrysippe,o

361 4023 492 4087 thorace
516 4022 646 4106 quidem
670 4026 703 4086 et
725 4022 888 4106 pulmone,
910 4045 976 4086 non
999 4025 1108 4084 tamen
1133 4043 1149 4083 e
1173 4019 1269 4084 eorde
1292 4020 1400 4084 emitti
1421 4019 1503 4084 dieo·

360 4149 530 4215 mus‚110n
553 4128 658 4214 magis
682 4152 780 4214 quem
804 4151 909 4193 voees,
950 4127 1040 4191 Alibi
1064 4130 1149 4191 enim
1173 4125 1286 4190 dehis
1310 4125 1503 4211 singillatim

361 4238 498 4302 anobis
521 4238 778 4302 demonstratum
807 4239 857 4299 est
883 4257 985 4320 neque
1013 4235 1046 4300 id
1075 4234 1223 4298 absolute
1249 4255 1354 4318 neque
1381 4233 1443 4315 ita,
1471 4233 1504 4294 ut

362 4367 381 4408 a
417 4348 450 4408 te
482 4367 580 4428 nuno,
612 4345 668 4427 qui
697 4365 737 4407 ne
770 4343 871 4408 ullam
908 4343 1042 4427 quidem.
1070 4339 1298 4424 probationem
1335 4337 1505 4403 addideris.

361 4449 441 4516 Post
470 4451 550 4516 huso
579 4451 707 4535 copiam
736 4472 886 4516 uersuum
919 4447 1119 4538 Chrysippus
1147 4449 1241 4512 affert
1273 4467 1310 4512 eo
1338 4446 1507 4532 plerosque
