3300 5146
647 421 891 486 —287-

188 575 332 656 ἅπαντες
355 580 391 644 οί
411 579 556 660 ἰδιῶται,
584 579 683 644 τοῦτο
712 579 813 662 γοῦν,
842 571 949 662 οἶμαι,
977 577 1116 660 σῶφρον
1143 577 1273 660 ἔχουσι,
1299 570 1337 638 τὸ

187 684 232 769 μὴ
259 689 374 750 καλεῖν
402 679 455 768 ἐφ’
486 677 507 750 ά
539 683 673 769 λέγουσι
700 680 781 761 τοὺς
812 679 1170 769 καταμαρτυρήσοντας
1202 680 1338 747 ἑαυτῶν.

188 787 209 876 ἡ
238 789 274 856 δὲ
302 794 501 876 Χρυσίππου
528 794 630 875 σοφία
657 789 713 856 καί
740 791 799 875 τῆς
829 792 897 856 τῶν
922 791 1066 855 ἰδιωτῶν
1093 781 1241 872 ἀμαθίας
1268 786 1338 858 ἐπέ-

188 921 281 963 κεινα
303 895 548 984 προελήλυθεν·
573 896 771 962 ἐπικαλεῖται
795 893 859 983 γὰρ
883 893 1062 982 μάρτυρας,
1085 888 1144 978 ὑφ’
1170 883 1219 960 τόν
1241 917 1339 958 κατα·

189 1009 345 1089 κρίνεται.
393 1002 516 1071 τούτου
543 1000 642 1090 χάριν
673 999 895 1089 ἠναγκάσθην
921 999 1011 1088 κάγά
1040 1003 1106 1067 νῦν
1133 995 1372 1086 άδολεσχεῑν,ο

189 1113 245 1177 ἵνα
268 1111 419 1191 ἐπιδείξω
442 1108 503 1178 τὸν
527 1108 725 1198 Χρύσιππον
749 1111 786 1176 ἐν
809 1106 911 1176 ἅπασι
934 1109 1071 1195 μέγιστα
1095 1105 1339 1193 σφαλλόμενον.

190 1214 353 1304 οὔτεγὰρ
378 1216 627 1305 ἐμνημόνευσεν
654 1212 813 1303 οὐδεμιᾶς
835 1219 904 1284 τῶν
931 1212 997 1282 ὑπὸ
1021 1212 1205 1292 Πλάτωνός
1226 1239 1261 1280 τε
1283 1213 1338 1280 καὶ

185 1321 422 1420 Ἱπποκράτους
440 1324 626 1411 εἰρημένων
645 1319 847 1404 ἀποδείξεων
870 1319 946 1390 οὔτε
965 1318 1119 1390 άντεῖπευ
1139 1318 1215 1389 οὔτε
1239 1317 1340 1400 αὐτός

189 1457 264 1498 τινα
302 1428 392 1498 εἶπεν
430 1431 546 1518 ἑτέραν
579 1427 750 1510 ἀπόδειξιν
782 1427 860 1497 οὔτε
893 1427 1001 1514 οἶδεν,
1038 1424 1098 1508 οὓς
1129 1426 1191 1516 χρὴ
1226 1435 1340 1495 καλεῖν

190 1536 370 1625 μάρτυρας.
414 1527 625 1623 ἐπεδείξαμεν
644 1528 707 1605 οὖν
726 1533 790 1623 ἤδη
814 1536 869 1604 καὶ
894 1535 950 1604 διὰ
968 1539 1030 1603 τοῦ
1048 1533 1183 1623 πρώτου
1205 1539 1339 1620 βιβλίου
1354 1557 1377 1599 ιο

189 1644 264 1732 περὶ
287 1647 346 1730 τῆς
368 1643 451 1732 πρὸς
470 1642 591 1712 ἑαυτὸν
611 1645 860 1730 ἐναντιολογιάς
881 1643 885 1732 t
904 1646 966 1711 τοῦ
985 1648 1195 1730 Χρυσίππου·
1214 1640 1403 1728 apide-821

190 1756 249 1830 λος
277 1749 313 1818 δὲ
341 1751 395 1818 καὶ
424 1753 489 1818 νῦν
517 1752 608 1818 ἐστιν
635 1748 655 1838 ἡ
684 1747 890 1836 ἀναισθησία
911 1745 1071 1837 τάνδρός,
1099 1744 1121 1815 d
1148 1751 1233 1836 χρῆν
1259 1743 1339 1814 άπο-

191 1855 349 1943 κρύπτειν
378 1857 525 1945 ἐναργῶς
547 1857 798 1944 καταβάλλουτα
821 1856 881 1924 τὸν
905 1855 1008 1942 λόγον
1031 1851 1148 1940 αὐτοῦ,
1170 1858 1274 1922 ταῦτα
1298 1851 1340 1922 οὐ

191 1961 299 2049 μόνον
330 1960 393 2032 οὐκ
419 1961 704 2053 άποιιράπτοντος,
737 1961 899 2032 ἀλλὰκαὶ
935 1977 1116 2051 μαρτυρεῖν
1147 1958 1340 2048 ὑπολαμβά·

192 2096 318 2150 νοντας.
1353 2089 1379 2128 ιε

277 2173 565 2267 Ἀποχωρήσαντες
605 2169 668 2247 οὖν
699 2177 778 2266 ἤδηΙ
802 2181 870 2248 τῶν
905 2180 1069 2246 τοιούτων
1106 2182 1239 2264 ἴδωμεν.
1268 2177 1341 2264 ἑξῆς

192 2281 339 2365 ἅπαντας
363 2282 421 2366 οὓς
445 2287 549 2376 ἐρωτᾷ
573 2285 695 2372 λόγους
722 2287 773 2354 ἐπὶ
796 2285 859 2374 τὴν
886 2283 993 2374 ἀρχὴν
1016 2277 1117 2365 αὖθις
1138 2281 1340 2362 ἀνελθόντες

228 2514 440 2589 4ιτροελήλυδε
460 2519 498 2575 Μ.
525 2551 556 2560 -
582 2514 758 2576 ἐπικαλεῖται
782 2519 853 2588 γοῦν
875 2520 913 2574 Μ.
934 2551 965 2560 -
993 2527 1026 2575 14
1049 2514 1103 2574 oriz
1126 2521 1191 2575 ente
1215 2511 1339 2587 άποιιρό-

192 2609 311 2653 πτοντος
329 2609 380 2646 uos
398 2590 572 2648 inseruimus.
592 2622 626 2632 —
647 2597 678 2646 17
699 2585 792 2660 ἐρωτῶ
811 2591 853 2657 Μς
872 2590 907 2646 oi.
926 2591 1009 2648 ProlL
1029 2609 1057 2662 p.
1076 2598 1118 2648 83.
1139 2623 1171 2632 -

192 2827 372 2892 dissideant
393 2826 543 2892 homines
567 2827 727 2914 devulgo
752 2849 877 2912 omnm,
904 2826 938 2892 id
966 2825 1097 2912 saltem,
1119 2825 1340 2909 dividentur,

192 2935 383 3018 prudentiae
411 2934 547 3017 hebent,
575 2939 611 2999 ut
639 2935 680 3000 ed
708 2957 759 3020 ee,
787 2957 868 3020 quae
892 2935 1017 3018 dieunt,
1045 2956 1114 3019 eos,
1142 2933 1197 3018 qui
1225 2937 1339 2998 eontra

193 3065 227 3106 se
250 3044 476 3126 testificentur,
498 3042 631 3108 minime
655 3041 839 3108 adhibeant
877 3040 1057 3127 Chrysippi
1080 3044 1190 3106 eutem
1213 3041 1339 3124 supien-

193 3149 241 3214 tia
273 3149 500 3233 imperitorum
534 3151 633 3214 etiam
666 3150 887 3234 insipientiam
922 3152 1128 3233 transgresso
1161 3151 1224 3232 τοῖς
1259 3147 1341 3211 citat

193 3258 305 3339 testes,
327 3256 444 3340 quibus
468 3256 708 3322 condemnatur.
753 3258 857 3334 Quare
881 3276 942 3340 ego
966 3275 1093 3338 quoque
1114 3275 1200 3318 nuno
1222 3254 1339 3339 nugari

195 3365 327 3428 coactus
355 3385 440 3446 sum,
470 3367 508 3426 ut
530 3360 751 3448 Chrysippum
774 3364 808 3428 in
835 3361 986 3428 omnibus
1012 3361 1109 3425 rebus
1132 3361 1341 3426 vehementer

195 3491 302 3534 errore
335 3469 492 3534 docerem.
543 3469 656 3554 Neque
689 3470 774 3534 enim
806 3468 908 3532 ullam
936 3492 956 3534 a
983 3467 1120 3532 Plutone
1153 3471 1186 3532 et
1216 3467 1340 3553 Hippo-

195 3579 284 3641 crate
304 3575 438 3640 allatam
457 3576 768 3642 demonstrationem
787 3575 981 3640 memorarit
998 3596 1102 3660 neque
1121 3577 1236 3639 contre
1258 3575 1341 3638 dixit

195 3703 297 3766 neque
336 3682 408 3766 ipse
445 3682 545 3748 elium
581 3682 766 3766 quempiam
803 3681 942 3764 protulit
976 3703 1094 3766 neque,
1129 3681 1247 3767 quibus
1286 3681 1339 3766 agi

194 3790 334 3855 testibus
362 3793 540 3875 oporteret,
569 3789 649 3854 setis
677 3787 839 3873 cognovit.
892 3785 996 3864 Quam
1025 3788 1155 3873 quidem
1188 3787 1251 3852 sibi
1268 3811 1338 3871 *pu-

195 3896 331 3981 gnantia
363 3897 497 3980 diceret,
532 3896 599 3960 iem
631 3896 665 3960 in
693 3894 798 3980 primo
826 3894 911 3960 libro
938 3916 998 3961 nos
1031 3895 1243 3981 ostendimus3
1274 3915 1341 3960 uon

195 4003 302 4067 minus
333 4007 442 4069 autem
469 4003 532 4070 hoo
562 4002 633 4069 loeo
661 4003 804 4070 hominis
833 4002 1007 4086 stupiditas
1035 4002 1191 4086 cernitur,
1220 4001 1340 4085 quippe

196 4110 260 4194 qui,
283 4132 365 4194 quae
384 4111 527 4176 rationes
551 4133 627 4176 suas
651 4109 825 4176 manifesto
845 4112 1001 4191 evertunt,
1021 4130 1058 4174 ea
1076 4131 1142 4174 non
1161 4107 1255 4180 modo
1274 4129 1340 4174 non

196 4216 288 4300 celet,
311 4221 349 4281 ut
370 4217 476 4282 faeere
494 4218 615 4300 debuit,
638 4217 868 4282 verumetiam
892 4239 952 4300 pro
976 4237 1010 4281 se
1028 4216 1144 4280 testari
1168 4214 1339 4279 existimet.

286 4322 349 4388 Sed
378 4325 486 4390 missis
514 4325 581 4388 ium
610 4323 732 4390 talibus
759 4324 855 4388 rebus
887 4345 1014 4406 omnes,
1041 4345 1122 4407 quos
1150 4322 1339 4405 interroget,

196 4431 340 4495 rationes
378 4430 529 4516 deinceps
567 4431 733 4496 videamus
777 4454 796 4494 a
832 4430 993 4515 principio
1030 4451 1156 4513 rursus,
1191 4451 1231 4492 ne
1263 4429 1339 4514 quid
