3298 5136
766 349 1009 414 -238—

314 507 528 596 σφάλλονται.
573 503 661 573 κάτω
684 504 746 593 μὲν
769 503 833 592 γάρ
861 509 921 573 τοῦ
944 503 1100 592 θώρακος
1121 502 1141 593 ἡ
1166 507 1259 592 δηξίς
1283 507 1373 574 ἐστιν
1396 501 1463 575 ὑπὸ

313 619 358 706 τῷ
382 614 463 682 κατὰ
487 613 524 681 τὸ
549 614 690 699 στέρνον
713 611 863 702 χόνδρρι,
892 610 911 700 ἡ
936 617 1056 700 καρδία
1080 613 1116 679 δὲ
1141 615 1178 680 ἐν
1200 616 1289 703 με’σῳ
1311 614 1463 681 τέτακται

313 725 358 811 τῷ
390 720 522 806 θώρακι
554 721 609 786 καὶ
643 715 754 796 οὐδεὶς
783 717 907 806 ᾔσθετο
940 718 1069 786 πιόποτε
1101 721 1159 804 τῆς
1190 724 1329 806 καρδίας
1360 717 1466 805 αὐτῆς

315 828 522 913 δακνομένης
553 823 628 892 οὔτε
662 827 699 892 ἐν
730 823 849 903 λύπαις
877 823 951 891 οὔτε
986 826 1023 890 ἐν
1050 824 1139 915 άλλῳ
1172 825 1274 894 πάθει
1307 829 1415 912 ψυχῆς
1442 821 1464 912 ἢ

274 957 287 996 a
314 932 474 1020 σώματος.
523 929 565 999 οὐ
599 929 666 1018 μὴν
700 928 778 998 οὐδὲ
808 929 827 1018 ἡ
860 936 1057 1018 καρδιαλμία
1084 930 1234 1020 τοῦνομα
1262 930 1323 1020 τὴν
1352 935 1389 999 ἐν
1416 937 1464 1024 τῷ

314 1039 445 1127 θώρακι
469 1040 707 1126 περιεχομένην
733 1043 876 1125 καρδίαν
904 1035 1093 1106 ὀδυνᾶσθαι
1118 1043 1229 1126 δηλοῖ,
1259 1036 1342 1106 άλλά
1372 1041 1466 1106 ἐστιν

315 1144 489 1233 ὁμωνυμία
513 1172 562 1225 τις
585 1143 708 1213 οὐδένα
733 1143 952 1213 λανθάνουσα
979 1149 1047 1212 τῶν
1070 1142 1286 1232 ὡμιληκότων
1312 1143 1466 1232 ἀρχαίων

315 1251 494 1339 γράμμασι.
530 1251 639 1340 ὥσπερ
663 1251 726 1340 γὰρ
749 1249 786 1319 τὸ
806 1249 889 1342 κατά
907 1249 968 1319 τὸν
986 1251 1126 1339 θώρακα
1146 1251 1348 1339 σπλάγχνον,
1372 1251 1465 1320 οὕτω

314 1359 369 1426 καὶ
396 1358 433 1426 τὸ
464 1363 523 1445 της
550 1357 692 1446 γαστρὸς
719 1357 824 1444 στόμα
852 1362 993 1445 καρδίαν
1024 1356 1247 1446 ὀνομάζουσιν
1271 1363 1307 1426 οἱ
1326 1361 1465 1428 παλαιοὶ

276 1490 301 1528 ιο
315 1467 369 1533 καὶ
393 1464 549 1552 πάμπολύ
572 1491 608 1550 με
631 1463 780 1550 τοῦνομά
805 1465 872 1531 ἐστι
896 1464 984 1551 παρὰ
1009 1462 1131 1544 αὐτοῖς.
1167 1462 1250 1532 ἀλλὰ
1274 1464 1337 1551 ἐγὼ
1362 1471 1467 1533 δυοῖν

315 1569 335 1658 ἢ
353 1577 456 1659 τριών
474 1569 765 1658 ἐπιμνησθήσομαι
786 1574 853 1637 τῶν
871 1570 1148 1657 παραδειγμάτων
1167 1568 1249 1658 ὑπὲρ
1268 1577 1329 1640 τοῦ
1347 1577 1467 1658 σαφῶς

248 1681 529 1759 275ἐνδειξασθαι
559 1679 563 1766 Ι
592 1675 629 1744 τὸ
661 1676 909 1764 σημαινόμενον
942 1679 977 1744 ἐκ
1008 1682 1066 1763 τῆς
1097 1679 1222 1758 λέξεως.
1274 1677 1291 1746 ὁ
1324 1678 1386 1766 μὲν
1419 1677 1465 1765 δὴ

315 1789 508 1871 Νίκανδρος
531 1776 598 1852 ὧδέ
618 1808 687 1862 πως
709 1790 826 1870 φησίν·

586 1885 644 1976 ‘liv
667 1895 810 1978 κραδίην
834 1888 1041 1977 ἐπιδόρπιον,
1064 1894 1100 1958 ol
1120 1891 1155 1959 δὲ
1181 1896 1321 1978 δοχαίην

276 2021 301 2062 ιε
489 1999 646 2064 (κλείουσι
670 1995 870 2082 στομάχοιο.’

315 2107 527 2191 Θουκυδίδης
549 2103 586 2170 δὲ
610 2095 687 2171 ὧδε·
721 2104 786 2169 ‘nal
816 2100 914 2171 ὁπότε
938 2108 985 2183 είς
1010 2102 1073 2191 τὴν
1099 2108 1242 2192 καρδίαν
1268 2107 1466 2192 στηρίξειεν,

355 2337 368 2383 1
389 2330 476 2393 δεῖξις
493 2328 525 2382 L.
551 2357 584 2366 —
608 2321 665 2380 ὑπὸ
690 2321 762 2380 κατά
782 2325 819 2382 Μ.
840 2357 873 2366 -
899 2329 1038 2395 ὅκαρδιά
1063 2321 1147 2395 άληεί
1160 2325 1182 2379 L
1206 2329 1373 2397 καρδιαλγία
1392 2329 1464 2384 MA.

316 2431 349 2440 —
371 2407 385 2455 7
405 2395 517 2455 οόδόνα
536 2398 567 2452 L.
589 2431 619 2438 —
641 2393 817 2451 λανθάνουσι
832 2399 862 2454 L.
882 2429 915 2437 -—
936 2394 1110 2483 ὀμιληκότων
1124 2398 1162 2454 Μ.
1182 2430 1214 2438 ·-
1234 2397 1362 2468 ἀρχαίοις
1380 2400 1412 2454 L.
1430 2433 1464 2440 -

316 2480 332 2526 8
351 2468 402 2525 τόν
420 2466 493 2524 κατά
513 2471 542 2523 L.
564 2501 596 2510 -
617 2475 632 2522 9
652 2468 682 2522 τό
704 2470 752 2536 της
770 2472 889 2534 καρδίας
907 2488 996 2538 σταμα
1015 2469 1046 2524 L.
1066 2500 1099 2509 -
1125 2477 1157 2524 10
1176 2465 1308 2539 πάμπολό
1327 2490 1356 2524 τε
1376 2470 1408 2526 L.
1431 2503 1464 2512 —-

321 2551 352 2596 12
373 2537 583 2611 γημαινόμενον
602 2541 637 2594 Μ.
659 2571 690 2579 -
718 2547 749 2593 13
770 2542 932 2608 Νίκανδρος
951 2541 986 2596 cf.
1005 2542 1083 2594 Alex.
1104 2557 1129 2595 v.
1149 2547 1191 2595 21.
1212 2573 1244 2580 --
1271 2547 1303 2595 14
1322 2535 1357 2609 ἣν
1376 2541 1408 2595 L.
1430 2575 1464 2582 —

316 2617 419 2681 δοχὲην
439 2613 469 2667 L.
490 2643 522 2652 ·-
545 2619 576 2666 16
598 2613 776 2678 Θονκυδίδης
794 2613 828 2664 cl.
848 2612 934 2665 Thuc.
955 2612 993 2678 ll,
1012 2619 1054 2678 49,
1074 2619 1099 2667 3.
1120 2643 1152 2652 —
1176 2608 1304 2680 στήριξεν
1323 2613 1345 2666 L
1371 2616 1465 2681 στηρί-

316 2685 395 2749 §arev
410 2682 544 2738 Msssch
563 2684 716 2750 οτηρίξειεν
735 2681 760 2734 Κ
786 2683 894 2750 (Galen.
914 2683 943 2735 in
962 2682 1048 2752 Hipp.
1067 2683 1168 2752 Progn.
1188 2683 1294 2738 Comm.
1314 2683 1419 2752 XVIII,
1439 2690 1465 2752 2,

318 2763 370 2810 286
389 2755 426 2808 K:
446 2750 587 2822 ἐστήριξε;
606 2755 732 2820 στηρίξαι
751 2753 856 2822 Thuc.).
877 2785 909 2792 —

316 2963 512 3046 existimant,
535 2959 743 3026 vehementer
766 2965 883 3026 errant.
919 2959 1005 3026 Nam
1028 2961 1064 3025 in
1085 2961 1292 3026 Inferioribus
1317 2961 1463 3026 thoracis

315 3071 464 3156 partibus
488 3069 548 3134 sub
577 3068 768 3152 cartilagine
795 3068 937 3152 pectoris
965 3090 1092 3132 morsus
1121 3072 1182 3154 est,
1211 3091 1267 3133 cor
1295 3073 1404 3132 autem
1428 3071 1464 3134 in

315 3177 423 3241 media
454 3175 597 3241 thoracis
630 3179 723 3258 parte
756 3176 950 3239 collocatum
980 3178 1031 3238 est
1060 3197 1163 3260 neque
1192 3176 1362 3260 quisquam
1388 3177 1463 3258 fuit,

316 3284 370 3368 qui
403 3285 437 3347 in
470 3282 727 3367 aegritudinibus
757 3284 934 3367 ceterisque
964 3287 1032 3346 tum
1067 3283 1182 3365 animi,
1213 3286 1282 3345 tum
1314 3283 1462 3366 corporis

317 3391 487 3455 affectibus
511 3412 566 3454 eor
589 3391 697 3473 ipsum
716 3391 856 3454 morderi
881 3412 1023 3473 unquam
1043 3390 1188 3453 senserit.
1224 3387 1337 3472 Neque
1361 3389 1461 3452 etiam

317 3497 513 3581 cardialgiae
546 3520 608 3560 vox
642 3497 747 3561 cordis
780 3497 885 3580 illius,
917 3497 1001 3580 quod
1034 3497 1068 3560 in
1100 3496 1233 3560 thorace
1267 3495 1462 3577 continetur,

316 3604 460 3669 dolorem
485 3604 661 3689 significat,
691 3604 745 3666 scd
774 3603 986 3686 homonymia
1013 3604 1172 3686 quaedam
1197 3604 1308 3667 subest
1329 3603 1462 3686 nemini,

317 3712 370 3794 qui
395 3711 490 3776 modo
514 3712 548 3775 in
572 3715 717 3774 veterum
740 3710 859 3773 litteris
883 3715 1036 3792 versetur,
1059 3711 1181 3794 ignota.
1226 3709 1350 3775 Eodem
1374 3710 1460 3774 enim

316 3819 475 3884 vocabulo
509 3822 542 3881 et
569 3817 713 3882 thoracis
750 3818 857 3882 viscus
886 3821 919 3880 et
945 3816 1115 3880 ventriculi
1144 3816 1303 3880 orificium
1336 3827 1460 3880 veteres

317 3925 485 4008 appellant
513 3928 546 3987 et
572 3924 832 4007 frequentissime
863 3924 947 4008 apud
977 3946 1032 3988 eos
1061 3945 1179 3986 nomen
1207 3922 1269 3988 hoc
1293 3924 1460 4006 reperitur.

316 4031 398 4116 Ego,
421 4036 458 4094 ut
481 4035 600 4114 aperte,
624 4031 773 4114 quaevis
794 4032 939 4096 subiecta
963 4031 1035 4096 voci
1055 4031 1108 4113 sit,
1130 4030 1300 4112 declarem,
1322 4029 1385 4094 duo
1410 4028 1459 4092 vel
1526 4097 1528 4100 .

316 4139 380 4202 tria
404 4138 551 4221 exempla
573 4137 626 4200 hic
651 4137 855 4220 subiungam.
900 4137 1062 4202 Nicander
1085 4137 1213 4222 quidem
1237 4135 1297 4202 ita:
1335 4135 1459 4212 ‘Quod

317 4266 381 4308 cor
413 4244 582 4328 epulare,
615 4243 653 4307 id
683 4243 1065 4328 gulae'exeeptorem
1093 4241 1302 4326 vocitant’3
1332 4242 1458 4324 Thucy-

317 4351 405 4418 dides
430 4357 537 4416 autem
559 4352 620 4416 ita:
668 4351 732 4415 ‘Et
760 4352 824 4416 ubi
848 4352 891 4415 ad
920 4373 984 4417 cor
1007 4352 1147 4415 malum
1170 4355 1457 4436 penetraverat,
