3444 5140
616 511 658 528 -
705 479 767 547 677
815 519 858 533 ..

168 571 345 661 γινόμενον
373 576 408 642 ἐκ
435 577 492 661 τῆς
520 575 774 662 λαμβανομένης
802 599 921 662 tum
1099 654 1113 670 υ
1180 652 1189 677 Ι

168 685 232 748 ἔστι
262 679 298 747 di
325 681 380 748 καὶ
409 682 549 768 σπέρμα·
582 675 663 768 αἷμα
686 679 723 748 dt
751 677 902 768 ὀνομάζω
925 657 1304 774 τὸῖιατάοῗίᾶθζξᾳτο9’

167 784 251 854 οὕτω
275 786 494 874 καλούμενον,
518 783 536 854 ὃ
560 788 615 855 καὶ
638 787 875 875 περιεχόμενον
899 785 1015 876 ὁρᾶται
1042 787 1124 856 κατά
1152 790 1211 866 τὰς
1232 779 1310 875 pii:
1324 807 1552 904 'RN

164 898 232 977 βας.
278 894 313 960 ἐκ
340 892 469 960 τούτων
493 891 530 960 di
556 892 596 960 τά
622 897 736 982 πρῶτα
766 893 868 981 μόρια
891 899 1062 981 γεννᾶται,
1090 892 1233 981 χόνδρος
1254 895 1310 962 καὶ
1554 901 1570 910 “

166 995 289 1067 ὀστοῦν
314 1000 369 1067 καὶ
397 1003 521 1089 νεῦρον
548 1001 603 1066 καλ
631 997 721 1087 ὑμὴν
743 1001 797 1068 καὶ
826 999 1013 1088 σύνδεσμος
1039 1002 1093 1069 καὶ
1123 999 1185 1069 ὅσα
1207 992 1336 1068 τάλλασ

163 1109 313 1174 τοιαῦτα·
332 1104 468 1174 κάπειτα
488 1107 523 1174 ἐκ
541 1105 670 1175 τούτων
689 1103 866 1193 ὀφθαλμὸς
888 1109 942 1174 καὶ
961 1111 1087 1195 γλῶττα
1105 1108 1161 1175 καὶ
1183 1107 1309 1195 κεφαλὴ

161 1215 216 1280 καί
239 1213 280 1280 τὰ
305 1213 477 1300 σπλάγχνα
501 1214 556 1280 καὶ
579 1211 618 1280 τά
642 1216 732 1280 κάλα
755 1213 809 1279 καὶ
833 1211 935 1280 πάλιν
958 1214 993 1281 ἐκ
1016 1213 1145 1282 τούτων
1168 1213 1308 1283 ὄλοντο

162 1323 265 1406 σῶμα.
301 1321 357 1388 καὶ
381 1318 437 1387 διὰ
460 1316 558 1387 τοῦθ’
575 1317 791 1406 Ἱπποκράτης
814 1320 851 1387 ἐν
874 1323 920 1412 τῷ
940 1321 1013 1409 περὶ
1032 1318 1154 1406 φύσιος
1177 1318 1309 1410 άνθροί-

160 1451 226 1494 που
249 1424 313 1512 τὴν
336 1427 371 1493 ἐκ
394 1429 462 1495 τῶν
480 1432 653 1512 στοιχείων
671 1427 792 1493 ἕνωσιν
811 1421 1052 1494 ἁπάντωντῶν
1070 1431 1224 1513 φυσικῶν
1246 1450 1309 1498 σω-

159 1530 274 1618 μάτων
298 1531 418 1620 κοινὴν
441 1531 544 1601 είπῶν
562 1530 722 1620 ὑπάρχειν
742 1532 814 1618 ἑξῆς
837 1532 889 1599 ἐπὶ
912 1531 1060 1618 τὴντῶν
1080 1533 1171 1626 ζῴων
1190 1538 1267 1622 μετέ
1323 1558 1349 1597 ιο

157 1639 213 1706 καὶ
235 1637 369 1707 τούτων
388 1635 449 1728 οὐχ
468 1637 636 1724 ἁπάντων,
660 1635 743 1707 &aad
762 1641 829 1706 τῶν
848 1639 1006 1725 ἐναίμων,
1030 1641 1067 1706 ἐν
1090 1634 1140 1720 οἷς
1163 1643 1230 1709 ἐστι
1253 1642 1308 1709 καὶ

158 1743 176 1812 ὁ
196 1744 394 1834 ἄνθρωπος,
418 1743 471 1833 ἐφ’
494 1741 536 1814 ὃν
555 1746 628 1833 ἑξῆς
646 1742 664 1813 ὁ
684 1744 784 1831 λόγος
801 1748 961 1812 ἔσπευδεν
983 1742 1082 1836 αὐτῷ.
1118 1748 1172 1814 καὶ
1191 1755 1309 1817 τοίνυν

156 1852 264 1938 φησὶν
288 1843 357 1920 ὧδέ
380 1878 451 1932 πως
476 1855 480 1942 Ι
505 1850 587 1940 ὑπὲρ
618 1848 735 1920 αὐτοῦ·
773 1849 821 1918 ‘cd
850 1850 887 1918 di
915 1854 1009 1938 σῶμα
1035 1857 1097 1921 τοῦ
1123 1850 1374 1942 άνθράπουοπὸ

159 1960 238 2045 Ἔχει
269 1959 307 2026 ἐν
335 1959 445 2050 ἑωυτῷ
474 1952 555 2043 αἷμα
581 1960 636 2026 καὶ
665 1958 795 2044 φλέγμα
821 1957 876 2023 καὶ
904 1957 1007 2044 χολὴν
1036 1959 1166 2046 ξανθήν
1192 1987 1227 2028 τε
1253 1963 1309 2030 καὶ

155 2065 335 2151 μέλαιναν
362 2066 417 2148 καὶ
445 2064 548 2134 ταῦτά
576 2066 666 2132 ἐστιν
693 2060 782 2154 αὐτῷ
810 2061 831 2150 ἡ
859 2062 961 2149 φύσις
987 2068 1048 2131 τοῦ
1076 2063 1227 2152 σώματος
1252 2068 1308 2135 καὶ
1323 2089 1348 2130 ιτ

154 2171 226 2239 ’διὰ
251 2175 357 2240 ταῦτα
385 2168 493 2258 άλγεέι
523 2171 577 2239 καὶ
606 2168 759 2257 ὑγιαίνει.
805 2167 948 2255 ὑγιαίνει
976 2169 1038 2256 μὲν
1065 2162 1128 2238 οὖν
1154 2171 1307 2259 μάλιστα,

155 2302 240 2309 ..—

190 2359 207 2407 6
232 2351 285 2406 καλ
309 2353 374 2421 post
397 2346 549 2421 ὀφθαλμὸς
572 2367 625 2405 om.
645 2347 682 2404 M.
701 2379 735 2388 -
764 2354 779 2402 ’ί
799 2341 871 2402 ὅλων
895 2348 928 2401 A.
948 2379 981 2435 ?
1011 2355 1044 2402 10
1068 2345 1156 2404 είπάν
1175 2351 1306 2406 Manen

153 2419 237 2478 εἶπεν
257 2423 299 2488 K;
323 2423 357 2479 cf.
376 2423 461 2477 Proll.
486 2440 513 2492 p.
533 2428 575 2477 30.
599 2453 633 2462 -
661 2415 725 2488 ἑξῆς
743 2419 772 2473 Μ
791 2417 870 2501 Corn.
897 2412 926 2483 ἐξ
945 2438 979 2543 χς
1002 2418 1138 2474 ABChK.
1164 2453 1195 2461 —
1223 2430 1253 2476 11
1274 2419 1306 2477 ἐν

152 2495 249 2564 αῗμων
269 2493 307 2547 Μ.
332 2525 364 2534 -
390 2499 422 2548 13
446 2488 478 2547 τὸ
502 2491 534 2548 δὲ
559 2493 638 2562 σῶμα
657 2511 682 2545 ιι.
701 2512 724 2545 τ.
744 2495 766 2544 λ.
790 2489 923 2614 Ηιμχοοτ.

967 2507 981 2544 e
1005 2493 1061 2544 nat
1086 2491 1159 2547 hom.
1183 2493 1238 2548 vol.
1258 2493 1305 2562 VI,

151 2583 178 2636 p.
199 2571 237 2620 38
258 2582 322 2652 τρο.
341 2564 371 2620 L.
391 2565 445 2620 vol.
464 2565 502 2632 11,
521 2583 548 2634 p.
568 2571 601 2620 83
626 2563 701 2648 Erip.
720 2561 816 2616 Galen.
863 2563 994 2616 omment.
1015 2562 1069 2617 vol.
1090 2561 1154 2632 XV,
1172 2582 1198 2635 p.
1219 2569 1252 2620 59
1272 2565 1304 2620 Κ.

151 2667 185 2676 -
209 2643 244 2690 14
267 2655 359 2709 εαυτῳ
379 2635 457 2691 codd.
477 2635 538 2691 edd.
561 2667 592 2676 -
614 2639 646 2689 1⁶
666 2653 683 2702 η
704 2649 758 2688 om.
778 2630 857 2686 codd.
876 2630 940 2686 edd.
960 2661 994 2672 -

149 2819 235 2882 item
260 2837 386 2903 semen3
411 2816 601 2902 sauguinem
624 2819 732 2880 autem
755 2835 850 2898 roco,
877 2813 934 2897 qui
957 2818 1091 2900 propter
1114 2839 1305 2901 exsuperan-

147 2926 235 2990 tiam
261 2924 326 2988 hoc
349 2945 467 2988 nomen
492 2923 627 3008 adeptus
652 2925 709 3006 est,
733 2941 829 3006 quem
852 2921 952 2986 etiam
975 2922 1009 2986 in
1032 2923 1124 2987 venis
1147 2925 1305 2989 contineri

148 3033 314 3097 videmus.
360 3031 411 3095 Ex
434 3029 486 3094 his
515 3030 639 3113 primae
662 3029 739 3093 illae
762 3030 873 3113 portes
897 3031 1106 3114 generantur,
1135 3029 1305 3115 cartilago,

146 3162 196 3224 os,
215 3159 350 3221 nervus,
369 3135 568 3220 membrana,
586 3137 810 3223 ligamentum,
828 3135 861 3199 id
880 3156 981 3221 genus
1001 3137 1134 3220 reliqua,
1153 3135 1304 3221 deinceps

146 3267 187 3308 ex
213 3245 273 3308 his
298 3242 420 3326 oculus,
438 3243 561 3328 lingua,
584 3245 695 3327 capnt,
718 3241 856 3326 viscera,
884 3245 975 3307 artus
999 3247 1032 3306 et
1055 3264 1093 3307 ex
1116 3243 1168 3308 his
1192 3267 1303 3310 rursus

144 3356 264 3417 totum
289 3371 417 3434 corpus.
460 3349 619 3426 Quocirca
637 3349 855 3434 Hippocrates
878 3348 912 3412 iu
935 3348 1020 3414 libro
1044 3349 1082 3413 de
1105 3355 1223 3415 natura
1246 3351 1304 3417 ho·

142 3459 252 3524 minis
289 3477 361 3520 cum
396 3455 481 3521 hanc
513 3479 551 3521 ex
584 3457 750 3521 elementis
787 3455 946 3520 unitatem
979 3456 1303 3540 commistionemquo

145 3565 313 3632 omnibus
349 3563 552 3629 naturalibus
590 3562 780 3647 corporibus
817 3584 1021 3628 communem
1058 3585 1127 3627 esso
1159 3562 1303 3647 dixisset,

141 3675 310 3756 deinceps
335 3670 375 3735 ad
399 3690 480 3753 eam,
503 3691 584 3754 quac
604 3669 794 3735 animalium
813 3673 871 3750 cst,
894 3669 1028 3733 transiit
1050 3673 1147 3754 atquc
1170 3668 1302 3734 illorum

140 3779 288 3865 quidem
315 3799 382 3842 non
410 3776 568 3860 omnium,
601 3776 656 3839 sod
680 3774 835 3859 sanguino
864 3774 1098 3860 praeditorum,
1125 3775 1301 3861 inquibus

139 3889 255 3952 etiam
276 3882 375 3949 homo
396 3885 453 3966 est,
477 3883 517 3946 nd
536 3905 630 3967 quem
649 3885 721 3946 tota
739 3881 888 3964 deinceps
908 3880 976 3945 eius
1000 3880 1169 3945 festinavit
1187 3883 1303 3948 oratio.

140 3991 280 4059 Scribit
306 3990 408 4075 igitur
439 3988 478 4052 de
507 4010 545 4054 eo
571 3988 606 4052 in
632 3989 718 4053 hunc
746 3987 891 4053 modum:
937 3983 1101 4071 ‘Corpus
1129 3987 1300 4054 hominis

136 4097 278 4165 habet
299 4094 339 4158 iu
363 4117 401 4158 se
431 4095 656 4180 sanguinem
680 4098 717 4159 et
742 4094 927 4178 pituitam
952 4094 1132 4159 etbilem
1156 4095 1300 4160 flavam

137 4213 180 4273 et
218 4207 366 4286 atram,
399 4223 441 4265 ex
474 4202 613 4285 quibus
646 4205 785 4267 natura
817 4200 991 4285 corporis
1029 4201 1111 4264 eius
1144 4205 1301 4265 constat

135 4313 374 4399 quibusque
399 4308 481 4373 eius
501 4313 538 4372 et
561 4307 782 4394 aegrotatio
807 4306 970 4372 debetur
988 4311 1027 4372 et
1050 4306 1209 4371 sanitas.
1246 4305 1299 4372 Ao

134 4440 286 4486 sanum
319 4415 472 4501 quidem
510 4419 571 4480 est
607 4413 783 4496 maxime,
820 4435 903 4479 cnm
939 4413 1031 4478 haec
1063 4411 1299 4478 moderatam
