3212 5146
502 401 831 512 ¹—667—

141 555 316 642 ’τεττάρων
338 554 402 645 γάρ
421 555 531 628 ὄντων
553 564 672 647 γενῶν,
697 561 730 641 ἐξ
749 549 797 628 oin
816 557 1002 648 ξυμπὲπηγε
1025 553 1062 627 τὸ
1083 563 1188 647 σῶμα,
1211 561 1281 648 γῆς,

141 662 256 751 ’πυρὸς
278 662 401 744 ὕδατός
418 691 452 734 τε
476 667 530 734 καί
553 663 661 755 άίρος,
684 666 812 734 τούτων
829 663 850 752 ἡ
869 664 958 754 παρὰ
981 664 1087 752 φύσιν
1110 668 1281 748 πλεονεξία

140 770 205 837 εκαὶ
229 773 340 838 ἔνδεια
370 772 425 839 καὶ
452 775 510 860 τῆς
539 773 647 861 χιόρας
674 773 868 860 μετάστασις
895 774 928 854 ἐξ
956 777 1078 851 οἰκείας
1106 770 1157 840 ἐπ’
1187 770 1281 842 άλλο·

138 878 247 963 “τρίαν
268 879 465 964 γιγνομένη,
493 877 599 966 πυρός
620 877 649 947 τ’
676 872 719 947 αὖ
741 880 795 946 καὶ
819 883 886 947 τῶν
910 879 1041 966 ἑτίρωυ,
1066 879 1177 966 ἐπειδὴ
1201 881 1281 966 γένη

140 985 288 1051 πλείονα
313 983 388 1064 ἑνὸς
406 983 487 1052 ὄντα
504 984 670 1072 τυγχάνει,
693 985 730 1054 τὸ
754 985 798 1074 μὴ
822 989 992 1074 προσῆκον
1015 986 1154 1053 ἕκαστον
1178 987 1309 1077 temps

138 1090 421 1178 *προσλαμβάνειν
448 1092 504 1158 καὶ
533 1089 637 1159 πάνθ’
669 1091 731 1160 ὅσα
757 1097 895 1161 τοιαῦτα
923 1091 1053 1171 στάσεις
1079 1093 1133 1159 καὶ
1162 1091 1285 1172 νόσους

138 1197 303 1285 ’παρίχειῖ
354 1199 391 1265 ἐν
422 1196 524 1286 ταύτῃ
557 1204 597 1287 τῇ
627 1199 719 1286 ῥήσει
753 1203 867 1285 σαφῶς
899 1197 1066 1285 ἐδήλωσεν
1094 1195 1111 1266 ὁ
1140 1197 1284 1267 Πλάτων

139 1299 180 1370 οὐ
203 1302 310 1390 μόνον
333 1305 368 1371 ἐκ
391 1309 451 1392 γῆς
479 1305 535 1372 καὶ
558 1303 681 1385 ὕδατος
702 1307 757 1373 καί
780 1302 877 1393 άίρος
899 1305 954 1372 καὶ
982 1303 1087 1392 πυρὸς
1108 1307 1283 1391 γεγονέναι

138 1408 178 1476 τδι
202 1407 333 1496 σώμαθ’
359 1407 470 1498 ἡμῶν,
499 1408 659 1479 ἀλλὰκαὶ
684 1409 734 1480 ὅτι
762 1412 818 1479 διὰ
841 1415 944 1479 ταῦτα
972 1412 1078 1502 μέτρῳ
1101 1410 1163 1497 μὲν
1186 1407 1283 1498 άλλή-

137 1524 210 1596 λοις
231 1518 416 1604 κεκραμένα
442 1516 524 1585 κατὰ
553 1517 657 1604 φύσιν
686 1523 819 1606 ἔχομεν,
849 1521 853 1604 Ι
883 1515 963 1605 ὅπερ
991 1513 1115 1586 ταύτόν
1143 1519 1210 1585 ἐστι
1238 1523 1350 1610 epiros

137 1619 346 1710 ὑγιαίνομεν,
371 1625 578 1704 ἐλλείποντος
596 1626 636 1691 δέ
651 1651 741 1703 τινος
759 1619 779 1710 ἢ
803 1623 1048 1704 πλεονάσαντος
1066 1619 1086 1712 ἢ
1106 1623 1283 1712 μεταστάν-
1299 1647 1321 1684 ιι

137 1755 193 1808 τος
217 1734 264 1808 είς
286 1725 465 1818 ἀλλοτρίαν
487 1730 599 1819 χώραν
623 1735 800 1862 νοσοῦμεη.
845 1729 895 1800 ὅτι
919 1731 980 1818 μὲν
1004 1723 1067 1799 οὖν
1090 1729 1110 1818 ἥ
1133 1757 1167 1798 τε
1189 1740 1283 1799 πλεο-

137 1837 266 1967 νεξία
258 1837 314 1904 καὶ
343 1835 364 1924 ἡ
392 1841 503 1905 ἔνδεια
531 1842 722 1926 διαφθείρει
753 1838 815 1906 riv
843 1834 1023 1925 εὐκρασίαν
1049 1841 1117 1905 τῶν
1144 1837 1285 1926 πριότων

175 2005 187 2051 1
209 1992 394 2083 τεττάρωνκ.
414 2018 436 2052 τ
456 2001 479 2054 λ.
498 1997 570 2053 Plat.
590 1997 699 2068 Tim.p
702 2005 761 2054 .82
780 2001 805 2052 Α
823 1997 920 2086 Galen:
939 1999 994 2054 vol.
1013 1997 1116 2066 xvlll,
1139 2005 1204 2068 lp
1207 2004 1284 2052 ,260

138 2075 259 2126 extr.-
287 2062 321 2122 δν
340 2068 395 2123 τῶν
414 2069 503 2134 ξενῶν
521 2070 557 2125 P¹
576 2071 678 2154 (γενῶγ
681 2017 805 2156 ΡΡδ).-
829 2069 992 2140 συμπέπηγε
1017 2070 1095 2124 codd
1110 2041 1177 2124 edd.
1186 2017 1284 2139 Ρξυμπ.

136 2157 213 2267 iiii,
224 2134 998 2296 ..Mtte“ttfftss‘tttttt.‘stanti..t
1019 2143 1056 2265 ii
1068 2139 1182 2265 iim
1184 2147 1230 2280 ni·
1250 2160 1283 2264 ii

138 2287 168 2338 et
187 2290 287 2338 99.
315 2277 559 2354 6προσλαμβάνει
578 2282 656 2338 codd.
678 2282 738 2338 edd.
763 2279 978 2370 προσλαμβάνμν
1002 2281 1082 2337 Corn.
1106 2277 1284 2368 προσλαμβά-

138 2374 201 2409 νειν
223 2369 284 2419 nom
305 2352 339 2408 ct
358 2353 442 2408 Proll.
462 2373 488 2440 p.
509 2360 602 2408 99-
625 2354 890 2440 ’ίπαρίσγειΡ-
916 2349 950 2408 οό
970 2349 1059 2440 ταότη
1076 2370 1125 2438 pro
1146 2348 1177 2406 ἐν
1195 2348 1285 2438 τοιότη

136 2426 232 2481 P.
262 2432 277 2480 9
308 2421 426 2510 σώματα
451 2419 485 2478 θ’
514 2419 528 2478 i
535 2425 594 2493 μῶν
621 2427 649 2478 M
675 2423 789 2511 στόματα
817 2421 834 2494 ἡ
858 2424 897 2478 ὧν
924 2425 1013 2480 A.-
1042 2420 1110 2478 αλλὰ
1135 2424 1184 2478 καί
1211 2419 1284 2478 διότι

135 2494 310 2552 MABChK
327 2489 426 2549 άλλ’”
409 2515 454 2582 μτι
473 2496 494 2549 Ρ
514 2447 620 2550 nitri*
603 2514 648 2551 οσι
668 2490 730 2550 Ρ’
712 2517 739 2550 α.
763 2497 812 2550 καί
830 2517 874 2553 οτι
894 2513 956 2563 ιιοες
980 2495 1014 2550 cf.
1032 2495 1175 2564 Prottpp
1176 2501 1237 2550 68
1256 2496 1286 2549 et

137 2575 238 2623 98.-
260 2573 292 2620 10
312 2562 415 2620 ἐστι
389 2585 420 2620 ιο
441 2566 528 2621 Μ,-
552 2573 582 2621 11
604 2563 777 2630 ἐλλείποντος
796 2537 956 2622 rMAsscri
975 2513 1155 2622 ἐλλείποντα
1155 2567 1176 2620 Ρ
1200 2562 1285 2650 ἐλλεί-

135 2657 241 2699 ποντες
266 2637 304 2702 K,
328 2637 361 2691 ef.
385 2638 470 2692 Proll.
494 2657 521 2708 p.
547 2645 646 2692 68.
680 2646 711 2692 12
735 2640 900 2710 νοσοῦμεν·
922 2639 1003 2693 τοῦτο
1027 2637 1058 2692 δὲ
1086 2637 1135 2692 καί
1158 2633 1205 2691 διά
1230 2638 1285 2691 τῶν

135 2710 285 2793 προσεγών
304 2708 370 2778 (leg
385 2709 519 2778 συνεχῶν)
535 2730 572 2796 τη
593 2713 629 2778 (p.
646 2716 706 2779 668,
722 2709 819 2800 7)ΡΡ.
840 2742 871 2751 -
893 2713 947 2766 είτε
968 2727 1037 2764 corr.
1052 2709 1112 2763 ead.
1127 2726 1200 2762 man.
1220 2703 1285 2777 ἱιιῆ

135 2783 201 2836 τεί,
224 2797 247 2834 e.
263 2773 332 2862 ᾗτε
349 2781 438 2834 M.-
461 2789 490 2834 18
486 2775 664 2868 ευκρασίαν
680 2755 743 2852 ἔνη
763 2803 819 2836 των
837 2777 956 2851 πράτων
975 2777 1109 2850 σωμάτιον
1128 2781 1207 2838 codd.
1223 2780 1285 2834 edd.

136 2872 217 2921 ευιιρ,
239 2851 294 2904 τῶν
312 2870 358 2916 πρ.
377 2869 410 2919 σ.,
430 2843 497 2906 ἐν
480 2873 497 2922 η
518 2869 580 2918 nom
600 2853 635 2906 ef.
655 2853 740 2909 Proll.
758 2872 785 2925 p.
807 2859 865 2908 121.
885 2885 918 2892 -

83 3043 89 3060 ·
136 3018 201 3082 erit
224 3016 333 3080 locum
353 3036 391 3078 ex
409 3014 543 3081 Timaeo
566 3015 707 3099 laudare,
731 3017 821 3081 euius
845 3017 925 3080 haee
949 3019 1024 3080 sunt
1010 3013 1154 3079 tverba:
1179 3011 1286 3078 ‘Cum
1323 3049 1326 3054 ·

135 3125 242 3190 onim
265 3126 451 3208 quattuor
474 3144 617 3207 genera
641 3122 733 3206 sint,
762 3145 778 3186 e
802 3123 941 3207 quibus
965 3143 1104 3205 corpus
1133 3143 1286 3186 conere-

135 3233 212 3315 vit,
238 3234 357 3313 terra,
380 3228 497 3312 ignis,
526 3251 637 3313 aqua,
660 3235 737 3314 aer,
763 3229 901 3295 horum
929 3231 1084 3312 praeter
1106 3230 1286 3291 naturam

135 3337 380 3404 abundantia
404 3338 441 3399 et
464 3336 638 3400 defectus
665 3340 701 3400 et
725 3358 742 3399 e
765 3335 923 3420 propria
946 3335 1034 3399 sede
1056 3335 1097 3400 in
1120 3333 1286 3398 alienam

134 3443 326 3530 migratio
369 3441 556 3527 ignisque
593 3463 726 3508 rursus
764 3446 801 3508 et
842 3447 1070 3526 ceterorum,
1107 3440 1285 3525 quoniam

134 3553 255 3636 plura
278 3570 352 3614 uno
376 3569 517 3634 genera
540 3551 643 3632 sunt,
667 3549 744 3614 sibi
767 3572 842 3614 non
866 3548 1135 3614 convenientis
1159 3547 1285 3613 cuius·

134 3679 211 3742 que
238 3655 454 3788 arrogatio
458 3659 495 3719 et
514 3655 640 3720 omnia
662 3653 882 3720 huiusmodi
902 3655 1116 3720 seditiones
1136 3658 1173 3719 et
1191 3675 1286 3718 mor-

134 3765 209 3828 bos
235 3761 363 3826 eoneit
369 3765 442 3826 ant.
421 3760 558 3826 t’His
582 3761 689 3828 verbis
712 3760 806 3827 Plato
830 3763 1003 3826 manifesto
1026 3763 1204 3827 declaravit
1221 3781 1287 3825 non

135 3869 247 3936 solum
272 3889 288 3931 e
312 3871 407 3952 terra,
431 3891 524 3954 aqua,
548 3872 630 3951 atre,
653 3868 728 3954 igne
752 3890 891 3953 corpora
912 3873 1025 3934 nostra
1048 3873 1208 3952 constare,
1231 3867 1286 3932 sed

135 3975 242 4040 etiam
270 3995 330 4038 nos
358 3996 396 4038 ex
423 3975 476 4040 hia
504 3997 655 4040 mensura
682 3974 821 4059 quadam
849 3977 935 4040 inter
958 3997 992 4040 se
1025 3976 1215 4059 temperatis
1239 3997 1286 4038 se·

135 4080 281 4146 cundum
305 4084 456 4145 naturam
476 4083 672 4148 constitutos
692 4104 771 4166 esse,
794 4083 879 4166 quod
903 4083 988 4147 idem
1007 4086 1102 4167 esset,
1124 4082 1209 4166 quod
1232 4104 1286 4146 ra·

134 4190 216 4271 lere,
241 4187 269 4251 si
293 4189 400 4252 autom
421 4187 542 4273 aliquid
565 4189 714 4254 deficeret
738 4192 795 4253 aut
813 4188 992 4254 abundaret
1016 4193 1072 4253 aut
1094 4188 1128 4252 in
1146 4188 1286 4254 alionum

132 4297 246 4361 locum
275 4295 446 4378 migraret,
475 4298 654 4378 aegrotare.
704 4294 914 4360 Abundantia
941 4277 1071 4379 quidem
1099 4299 1132 4358 et
1159 4293 1285 4358 defectu

136 4401 311 4488 aequalem
331 4401 520 4488 temperiem
540 4402 719 4488 primorum
739 4423 919 4486 corporum,
938 4401 971 4466 in
986 4423 1051 4486 qua
1070 4399 1192 4468 sanitas
1212 4423 1286 4466 eon·
