3444 5140
647 415 891 481 -689-

192 566 254 636 ἀπὸ
279 573 338 638 Κῶ
362 568 660 656 φιλοτιμούμενος,
688 568 732 649 ὥς
755 572 792 638 ἐν
816 571 938 659 ἑτέροις
962 572 1146 658 ἐδείξαμεν,
1174 570 1236 642 οὐκ
1263 571 1339 662 διλή-

190 684 290 743 δειαν
307 679 413 764 τιμῶν
431 676 486 743 καί
510 674 566 743 διὰ
589 680 688 745 τοῦτο
713 675 832 755 δεδιὼς
850 679 1060 764 φθέγξασθαι
1083 679 1215 767 θερμὸν
1233 676 1255 768 ἢ
1278 694 1340 762 w

190 781 272 869 χρὸν
295 779 315 870 ἢ
339 780 446 870 ὑγρὸν
473 778 494 870 ἢ
524 782 626 870 ξηρόν
654 810 729 852 τινα
756 787 825 852 τῶν
851 789 976 874 χυμῶν.
1021 783 1039 854 ὁ
1069 785 1106 854 tl
1124 783 1340 876 Ἱπποκράτης

190 893 227 954 ἔν
248 915 286 974 γε
307 892 353 980 τῷ
376 891 451 977 περὶ
475 889 597 976 φύσιος
620 887 809 980 ἀνθρώπου
832 897 950 982 βιβλίφ
972 891 1012 960 τα’
1035 917 1070 960 τε
1092 891 1177 961 ἄλλα
1199 896 1253 962 καί
1276 892 1340 982 τὴν

188 993 282 1075 τάξιν
304 999 362 1082 τῆς
389 999 605 1076 διδασκαλίας
627 996 771 1085 ἄμεινον
795 997 971 1085 ἐποιήσατο
995 997 1186 1080 Πλάτωνος.
1232 999 1282 1069 ὅτι
1304 1021 1366 1069 τεν

187 1099 252 1188 γὰρ
277 1105 312 1169 ol
333 1103 482 1191 τέτταρες
504 1103 603 1191 χυμοὶ
626 1104 708 1172 κατὰ
732 1105 838 1192 φύσιν
857 1111 954 1190 εἰσίν,
973 1102 1154 1194 ἀπέδειξεν,
1173 1104 1253 1176 οὐδὲ
1274 1109 1339 1176 ἐπι-

187 1206 403 1295 χειρήσαντος
431 1214 530 1279 τοῦτο
559 1213 680 1298 πρᾶξαι
709 1215 771 1279 τοῦ
795 1210 992 1298 Πλάτωνος,
1025 1211 1076 1281 ὅτι
1106 1239 1141 1281 τε
1170 1213 1252 1282 κατὰ
1281 1213 1341 1295 τὰς

186 1312 277 1402 ὥρας
298 1320 360 1384 τοῦ
382 1321 477 1396 ἔτους
504 1315 605 1397 ἄλλος
633 1320 669 1386 ἐν
699 1315 783 1407 ἄλλῃ
811 1318 991 1402 πλεονάζει.
1035 1319 1274 1409 παραθήσομαι
1302 1323 1343 1390 δέ

187 1440 241 1488 σοι
265 1422 320 1489 καί
348 1424 423 1510 περὶ
445 1423 569 1494 τούτου
594 1421 691 1510 ὀλίγα
713 1427 781 1492 τοῖν
804 1422 934 1511 ῥήσεων
953 1422 1071 1494 αὐτοῦ·
1117 1425 1224 1496 ‘elnon
1247 1425 1339 1515 δι’,ἃ

189 1522 246 1595 εδν
269 1525 365 1614 φήσω
387 1527 449 1597 τὸν
471 1527 656 1618 ἄνθρωπον
679 1528 783 1617 εἶναι,
811 1527 999 1617 ἀποφανεῖν
1026 1533 1092 1601 atel
1114 1531 1217 1602 ταύτὰ
1241 1533 1339 1604 ἐόντα
1355 1557 1380 1596 ¹⁰

189 1634 259 1701 ‘ccl
287 1633 369 1702 κατὰ
397 1634 506 1722 νόμον
532 1638 587 1704 καὶ
615 1637 696 1705 κατὰ
724 1636 840 1724 φύσιν.
884 1638 969 1725 φημὶ
997 1637 1034 1706 δὲ
1062 1637 1148 1708 εἶναι
1175 1635 1257 1729 αἷμα
1284 1643 1339 1710 καί

187 1741 332 1828 ’φλέγμα
354 1743 409 1809 καί
428 1741 532 1830 χολὴν
550 1743 682 1831 ξανθήν
702 1769 737 1811 τε
761 1744 816 1811 καὶ
839 1745 1010 1831 μέλαιναν.
1041 1748 1187 1815 τουτέων
1206 1751 1338 1836 πρῶτον

185 1846 262 1933 ’μὲν
275 1846 358 1915 κατὰ
379 1849 383 1936 Ι
403 1847 512 1936 νόμον
528 1848 569 1917 τὰ
584 1848 755 1939 οὐνόματα
774 1855 956 1940 διωρίσθαι
979 1852 1064 1940 φημὶ
1078 1853 1133 1920 καί
1153 1851 1268 1924 οὐδενὶ
1282 1853 1338 1924 αδ
1348 1874 1406 1929 688

184 1952 285 2022 ετεόιν
298 1950 404 2022 τωύτὸ
420 1953 550 2043 οὔνομα
569 1955 667 2042 εἶναι,
685 1963 795 2026 ἔπειτα
808 1985 891 2026 κατα
910 1957 1015 2045 φύσιν
1027 1957 1087 2039 τὰς
1103 1961 1194 2040 ἰδέας
1207 1969 1340 2052 κεχωρί-

184 2060 286 2126 *σθαι
309 2061 364 2127 καὶ
389 2060 465 2131 οὔτε
487 2061 525 2131 τὸ
549 2065 679 2152 φλέγμα
703 2061 805 2132 οὐδὲν
828 2065 972 2132 ἐοικέναι
995 2069 1041 2157 τῷ
1065 2069 1178 2154 αἵματι
1202 2065 1278 2136 οὔτε
1300 2068 1338 2138 τὸ
1353 2089 1379 2130 1⁵

226 2253 483 2327 1φιλτιμοδμενος
500 2257 590 2314 Μ-
611 2255 763 2322 Materne
781 2259 871 2314 M.-
839 2255 1040 2329 -4φνσεως
1059 2262 1137 2317 σοδδ.
1153 2263 1216 2320 εδδ.
1236 2259 1338 2334 φύσιος

181 2345 242 2383 nos.
272 2325 451 2383 -9εἷτιον
470 2349 495 2383 ιι.
515 2351 538 2384 τ
557 2333 580 2385 λ.
603 2331 688 2402 Hipp
708 2332 742 2386 de
767 2335 824 2386 nat
843 2332 917 2386 hom.
942 2331 995 2386 vol
1015 2285 1338 2417 V1,p-.40Lvol.11,

182 2405 275 2486 pssl
295 2399 370 2454 Eum.
390 2399 487 2457 Galen
512 2403 661 2457 comment
685 2401 739 2457 vol.
759 2403 856 2472 XV,p
859 2408 985 2458 ,6.4-
1011 2411 1044 2458 10
1063 2405 1153 2458 ταῦτα
1176 2407 1255 2461 οοδδ.
1275 2379 1338 2462 edd.

181 2417 279 2524 vaitei
298 2487 414 2525 non.—
440 2479 472 2525 13
496 2469 546 2526 τὸν
565 2492 597 2526 νο
600 2493 654 2543 μου
678 2473 757 2529 οοδδ.
782 2421 899 2530 εδδρ-
925 2468 976 2528 ὀνο
970 2494 1162 2600 ganape]
1079 2478 1162 2566 διχρη
1150 2476 1235 2532 ’σθαι
1258 2477 1338 2533 σοδδ

181 2541 426 2596 adn-141&
446 2537 503 2597 υτιὸ
523 2543 552 2597 Μ
570 2564 665 2618 τωντῳ
685 2545 739 2598 ΑΒ
758 2539 847 2599 τιοντδ
867 2543 947 2599 Corn.

991 2546 1042 2601 ΒΚ
1129 2567 1220 2619 ονομα
1240 2546 1337 2604 ἔπειτα

181 2612 270 2667 οοδδ.
291 2608 390 2667 οδδ.’
375 2631 417 2668 ον.
437 2611 511 2668 εἶναι
531 2609 574 2671 ἐπ.
594 2602 674 2670 Corn.
696 2645 729 2655 -

178 2811 398 2897 Herophilus.
439 2811 676 2878 Erasistratum
700 2817 809 2878 autem
833 2819 962 2881 constat
981 2818 1204 2883 contentiones
1228 2820 1338 2886 adver·

185 2941 245 2984 sus
277 2916 362 2986 Coos
396 2920 577 2985 exercuisse
605 2924 716 3006 atque,
747 2925 784 2985 nt
811 2921 891 2986 alibi
924 2923 1139 3008 ostendimus,
1165 2925 1338 2993 veritatem

184 3027 376 3112 neglexisse
401 3026 444 3092 ob
472 3049 607 3113 eamque
635 3049 768 3093 cansam
796 3028 935 3093 veritum
958 3051 1029 3094 esse
1059 3031 1201 3115 aliquem
1224 3032 1337 3099 humo-

182 3157 259 3200 rem
280 3135 447 3219 appellare
466 3135 607 3201 calidum
625 3134 677 3200 vel
699 3135 855 3221 frigidum
873 3136 926 3200 vel
944 3136 1114 3202 humidum
1131 3138 1183 3202 vel
1207 3139 1337 3205 siccum.

180 3241 424 3306 Verumtamen
451 3239 670 3326 Hippocrates
702 3242 737 3306 in
763 3242 848 3307 libro
882 3243 920 3308 de
948 3247 1067 3309 natura
1093 3243 1236 3311 hominis
1264 3267 1337 3312 cum

177 3347 267 3430 alia,
301 3348 372 3411 tum
404 3347 550 3413 ordinem
582 3348 749 3414 doctrinae
782 3348 897 3413 melius
930 3370 1028 3433 quam
1059 3349 1154 3417 Plato
1186 3351 1337 3418 institnit

177 3451 276 3518 Nam
300 3455 509 3537 etquattuor
536 3454 689 3520 humores
713 3455 887 3520 secundum
909 3458 1062 3521 naturam
1085 3478 1169 3542 esse,
1195 3458 1229 3523 id
1252 3457 1337 3544 quod

178 3581 224 3625 ne
253 3579 430 3643 aggressus
449 3559 577 3645 quidem
597 3565 648 3626 est
669 3560 775 3627 facere
794 3562 900 3647 Plato,
923 3565 957 3626 et
978 3563 1080 3629 alium
1103 3563 1168 3630 alio
1191 3568 1337 3651 tempore

180 3666 268 3731 anni
293 3665 470 3731 redundare
494 3667 739 3734 demonstravit.
781 3669 852 3746 Qua
875 3669 913 3733 de
936 3692 970 3734 re
993 3693 1099 3754 pauca
1121 3671 1183 3738 fibi
1206 3693 1245 3737 ex
1269 3673 1336 3738 eius

177 3773 273 3837 libro
297 3772 446 3837 afferam:
494 3773 602 3839 ‘Dixi
627 3779 754 3842 autem
777 3799 848 3860 me,
871 3797 1120 3862 quaecunque
1143 3777 1337 3844 hominem

178 3899 272 3944 esee
296 3877 581 3965 affirmassem,
604 3902 648 3945 ee
670 3905 821 3966 semper
839 3883 971 3948 eadem
990 3907 1074 3950 esse
1098 3885 1337 3950 demonstra-

177 3990 317 4050 turum
340 3988 378 4049 et
404 3986 489 4072 lege
513 3991 550 4052 et
576 3993 727 4053 natura
772 3988 867 4054 Dico
897 4011 981 4056 esse
1009 3990 1252 4077 sangninem,
1279 3991 1337 4075 pi·

176 4093 346 4172 tuitam‚
370 4092 489 4157 bilem
511 4093 656 4159 flavam
676 4099 714 4159 et
733 4099 864 4160 atram.
899 4095 1043 4162 Horum
1066 4097 1232 4182 primum
1254 4097 1337 4182 qui-

175 4200 271 4265 dem
298 4199 454 4264 nomina
481 4200 566 4285 lege
594 4201 790 4267 distincta
818 4200 976 4269 affirmo
1005 4205 1182 4288 nullique
1211 4225 1254 4268 ex
1285 4204 1336 4269 iis

175 4307 288 4372 idem
312 4325 396 4369 esse
414 4326 566 4390 nomen,
589 4307 725 4373 deinde
743 4311 883 4373 natura
905 4309 1053 4376 formas
1073 4332 1156 4375 esse
1180 4331 1336 4394 separa·

175 4417 244 4478 tas
272 4431 394 4496 neque
417 4417 484 4476 aut
506 4414 693 4496 pituitam
717 4415 905 4500 sanguini
923 4420 989 4482 aut
1013 4415 1240 4505 sanguinem
1263 4417 1337 4482 bili

237 4524 441 4567 amorreorum
455 4526 513 4567 nna
527 4530 550 4568 ec
563 4528 672 4576 mppoor.
686 4528 747 4568 narn
1089 4527 1124 4576 44
