3246 5148
790 365 1008 428 ,14-

325 525 491 588 tellectum
511 520 613 609 est³¹).
647 521 708 586 Sed
728 523 857 588 eosdem
876 529 952 606 post
971 523 1145 588 editionem
1167 522 1319 588 Aldinam
1338 546 1478 607 prorsus

323 631 489 715 neglectos
520 630 624 694 iacere
656 652 714 693 nec
745 653 887 714 unquam
917 631 1039 695 iustum
1069 631 1121 693 vel
1152 630 1390 695 emendatorem
1421 632 1476 696 vel

227 821 232 832 Ι
325 741 544 801 enarratorem
571 741 685 800 nactos
714 759 784 800 esse
813 759 885 800 cuni
913 737 1155 821 cognovissem,
1185 759 1302 820 operae
1330 737 1476 821 pretium

325 844 406 907 mihi
428 844 574 907 facturus
597 843 686 906 visus
711 865 797 925 sum,
825 843 851 906 si
876 843 1017 926 primum
1041 844 1196 907 subsidiis
1220 844 1358 926 criticis,
1382 849 1476 927 quot-

325 956 404 1034 quot
427 949 508 1014 mihi
531 954 663 1032 praesto
687 952 809 1031 essent,
837 948 992 1013 adhibitis
1021 953 1146 1012 textum
1174 950 1311 1014 infinitis
1335 951 1474 1014 maculis

324 1058 477 1140 vitiisque
500 1055 706 1138 inquinatum
724 1076 969 1140 perpurgarem,
993 1055 1105 1119 deinde
1125 1057 1375 1122 commentarios
1400 1080 1474 1121 con·

324 1164 453 1227 fieerem
476 1163 557 1226 locis
581 1162 802 1244 subobscuris,
830 1163 886 1246 qui
913 1185 979 1226 non
1007 1161 1102 1246 pauci
1126 1167 1214 1244 sunt,
1245 1163 1367 1246 aliquid
1389 1163 1474 1226 lueis

325 1270 491 1334 allaturos.
538 1267 706 1343 Quomodo
731 1273 839 1332 autem
862 1269 986 1334 factum
1010 1269 1067 1351 sit,
1090 1275 1127 1332 ut
1149 1267 1245 1332 hodie
1269 1273 1395 1332 textum
1418 1268 1475 1332 ha-

264 1451 266 1456 ,
325 1377 459 1440 beamus
482 1379 534 1439 tot
561 1373 711 1439 sordibus
740 1375 897 1458 obsitum,
925 1397 1083 1458 exponere
1110 1375 1205 1440 nobis
1233 1374 1343 1456 liceat,
1371 1375 1474 1458 prius-

325 1505 421 1566 quam
445 1481 647 1564 disputemus
671 1480 813 1563 deipsis
838 1481 1005 1562 subsidiis,
1033 1481 1151 1564 quibus
1174 1480 1229 1544 ille
1253 1481 1416 1545 emendari
1440 1486 1474 1544 et

325 1589 500 1672 pristinum
529 1587 669 1652 nitorem
697 1609 886 1670 recuperare
915 1608 1010 1670 posse
1033 1587 1188 1651 videatur.
1234 1587 1347 1672 Neque
1378 1589 1472 1670 enim,

325 1699 362 1757 nt
385 1694 432 1758 ait
447 1691 559 1757 Celsus
583 1689 636 1778 (de
660 1693 741 1756 med.
759 1693 775 1757 I
793 1693 940 1758 Prooem.
958 1716 988 1776 p.
1008 1693 1041 1774 5,
1061 1691 1163 1779 811),
1187 1695 1293 1759 curari
1316 1695 1363 1776 id,
1386 1694 1471 1779 qnod

326 1821 460 1885 aegrum
480 1803 544 1882 est,
567 1803 676 1883 potest
696 1800 737 1862 ab
762 1821 815 1882 eo,
839 1800 907 1884 qui,
931 1800 1007 1883 quid
1031 1800 1088 1882 sit,
1111 1800 1251 1884 ignorat.
1278 1800 1393 1885 ltaque
1411 1823 1470 1865 nos

324 1907 447 1971 usitato
462 1905 573 1971 ordine
588 1904 775 1988 disputandi
789 1906 903 1970 relicto
918 1906 1060 1989 primum
1074 1906 1113 1968 de
1128 1905 1338 1990 editionibuS,
1357 1907 1470 1971 deinde

325 2013 364 2077 de
388 2012 552 2077 codicibus
576 2011 796 2075 disserendum
821 2033 890 2074 esse
914 2012 1113 2093 censuimus,
1135 2012 1183 2076 ita
1206 2017 1329 2096 tamen,
1356 2017 1394 2077 ut
1416 2013 1471 2078 ho-

324 2141 410 2202 rum,
433 2118 489 2182 ubi
513 2139 594 2201 opus
619 2121 718 2200 esset,
742 2117 841 2182 etiam
864 2117 898 2182 in
920 2119 1028 2202 prima
1049 2124 1142 2202 parte
1166 2119 1398 2203 disputationis
1421 2142 1470 2184 ra·

325 2227 447 2290 tionem
472 2225 674 2290 haberemus.

413 2332 591 2397 Editioncm
609 2331 761 2395 Aldinam
779 2329 837 2417 (A)
862 2331 916 2415 qui
940 2335 1148 2415 curaverunt,
1171 2332 1195 2395 ii
1214 2332 1249 2396 in
1267 2331 1469 2396 recensendis

324 2439 417 2504 libris
446 2440 484 2502 de
513 2437 647 2502 Placitis
675 2437 886 2521 Hippocratis
915 2442 948 2501 et
975 2437 1136 2520 Platonis,
1164 2438 1219 2520 qui
1244 2439 1316 2504 Vol.
1341 2439 1355 2501 1
1383 2439 1470 2503 intra

324 2545 392 2609 foll.
414 2546 475 2610 119
500 2549 533 2608 et
555 2545 615 2608 161
636 2544 857 2627 continentur,
879 2567 943 2609 uno
967 2544 1076 2608 codice
1100 2545 1150 2607 usi
1174 2567 1244 2608 esse
1268 2566 1404 2628 eumque
1423 2545 1470 2608 ita

325 2652 427 2715 secuti
452 2650 612 2732 videntur,
635 2653 684 2732 ut,
712 2649 865 2733 quidquid
888 2650 935 2713 ibi
960 2650 1116 2733 scriptum
1140 2651 1335 2734 invenirent,
1358 2651 1470 2734 paucis

325 2757 468 2839 exceptis
492 2777 611 2840 magna
635 2756 840 2820 accuratione
863 2756 952 2839 typis
976 2757 1201 2840 exprimerent.
1236 2756 1273 2820 ld
1296 2758 1347 2822 vel
1370 2779 1408 2820 ex
1430 2779 1469 2822 eo

325 2867 429 2946 patet,
453 2863 538 2946 quod
562 2862 695 2926 eandem
719 2861 913 2944 scripturam
937 2863 1236 2948 voculationemque
1259 2864 1470 2947 retinuerunt,

324 2991 406 3051 quae
437 2969 473 3032 in
504 2969 668 3034 codicibus
702 2968 904 3032 saeculorum
937 2967 1015 3033 XIV
1048 2973 1080 3032 et
1108 2969 1169 3034 XV
1202 2970 1340 3034 inveniri
1374 2971 1469 3052 solet3

325 3076 475 3140 omittere
503 3077 609 3140 solent
636 3076 705 3139 iota
732 3074 965 3157 subscriptum,
993 3075 1216 3140 euelitiearum
1244 3080 1395 3140 accentus
1423 3077 1469 3140 sio

323 3186 480 3266 tractant,
499 3181 769 3266 quemadmodum
787 3180 868 3245 talia
886 3180 1002 3246 docent
1017 3183 1177 3265 exempla:
1201 3175 1318 3266 ἠξίουν
1330 3178 1374 3265 τὲ,
1392 3181 1469 3246 δοῦ-

324 3313 380 3354 ναι
408 3285 458 3370 τὶ,
487 3272 663 3372 ἐπιθύμεῖν
691 3283 741 3364 τὶς
768 3285 841 3372 (pro
864 3283 942 3371 τις),
967 3280 1066 3351 ὁποία
1093 3283 1143 3364 τὶς
1170 3285 1275 3368 ἐστὶν,
1303 3281 1470 3372 ἀπόφασις

325 3393 408 3477 ἐστὶ,
431 3389 616 3478 ἀναγκαῖον
639 3391 723 3474 ἐστὶ,
750 3397 886 3468 πολλοῖς
908 3389 992 3472 ἐστὶ,
1019 3393 1147 3458 litteras
1171 3393 1293 3458 habent
1317 3394 1468 3459 mendose

324 3505 555 3584 commutatas,
588 3501 655 3565 sive
686 3499 771 3584 quod
801 3499 955 3563 ductuum
986 3499 1166 3565 similitudo
1199 3501 1309 3565 oeulos
1342 3501 1470 3585 decepit

324 3607 392 3670 sive
420 3607 506 3691 quod
533 3607 653 3670 vitiosa
680 3605 903 3690 promurtiatio
931 3605 966 3668 iu
994 3627 1091 3668 carisa
1118 3606 1194 3689 fuit,
1220 3629 1293 3670 cum
1321 3606 1469 3671 scribunt

324 3705 505 3796 εὐτροφίαν
524 3735 583 3796 pro
603 3705 783 3796 ἀτροφίαν,
807 3704 850 3776 ἂν
868 3705 974 3787 οὕτως
990 3706 1080 3794 τύχει
1099 3733 1158 3794 pro
1177 3705 1275 3794 τύχη,
1294 3713 1314 3777 i.
1330 3735 1356 3777 e.
1374 3709 1468 3800 τύχῃ,

322 3811 539 3895 ἀτονίοαντος
565 3842 624 3903 pro
648 3811 889 3902 ἀτονήσαντος,
917 3818 949 3882 εί
975 3813 1011 3882 δὲ
1034 3840 1092 3902 pro
1121 3817 1157 3882 οἱ
1177 3815 1273 3905 de'³²);
1300 3841 1366 3884 non
1393 3842 1467 3884 raro

396 4102 429 4170 ³¹)
452 4100 655 4169 Darembergus
677 4100 730 4154 hac
754 4100 789 4153 de
812 4115 841 4152 re
864 4097 1017 4167 disputavit
1041 4097 1070 4153 iu
1095 4097 1205 4166 libello,
1232 4099 1281 4168 qui
1308 4098 1468 4153 inscribitur

322 4190 400 4244 Essai
422 4207 468 4244 sur
486 4189 584 4244 Galien
608 4188 749 4242 considere
773 4205 881 4241 comma
903 4186 1066 4255 philosophe
1091 4186 1167 4255 (Cap.
1183 4187 1258 4256 Vlll)
1277 4189 1306 4242 et
1328 4187 1357 4241 in
1375 4187 1466 4242 Praei.

324 4278 390 4332 edit.
411 4277 531 4332 oribasii
550 4297 596 4348 pp.
615 4276 652 4330 111
672 4279 701 4332 et
718 4276 779 4330 Xll.

396 4366 429 4435 31>
449 4366 559 4432 Quaest.
580 4365 673 4421 Critic.
692 4365 727 4420 do
745 4362 806 4419 Gal.
825 4364 844 4419 1.
864 4363 882 4420 l.
902 4364 980 4433 Spec.
1000 4364 1048 4418 alt.
1068 4382 1094 4433 p.
1116 4370 1156 4418 l't.
