3072 5144
801 463 1041 526 -530-

353 618 523 685 όλλυσδαί
551 643 586 684 τε
623 620 677 685 καὶ
717 623 968 706 συγγεννᾶσθαι
1006 623 1049 709 τῷ
1088 619 1252 705 πνεύμονι
1291 618 1351 702 τὴν
1380 617 1473 697 δεξιὰν

351 731 482 792 κοιλίαν
505 728 562 811 τῆς
584 729 730 812 καρδίας.
776 725 912 812 ἐζήτησα
941 726 977 792 δὲ
1006 724 1116 815 χρόνῳ
1144 723 1325 814 παμπόλλῳ
1350 725 1399 790 καί
1424 723 1472 808 rip

351 837 461 900 αίτίαν
485 829 596 900 αὐτῶν
624 833 677 898 καλ
706 833 884 918 γέγραπται
913 830 952 899 τὰ
981 828 1126 918 φανε’νθ’
1157 829 1239 918 ἡμῖν
1267 829 1383 916 εὔλογα
1407 829 1471 896 κατὰ

349 941 411 1024 τὴν
434 940 507 1026 περὶ
532 944 642 1026 χρείας
663 944 792 1025 μορίων
814 943 1049 1025 πραγματείαν.
1095 939 1234 1033 ἐμπίδας
1262 936 1323 1024 μὲν
1349 929 1407 1004 οὖν
1431 939 1471 1002 uri

323 1051 448 1131 ὕμυίας
470 1046 524 1111 καὶ
553 1043 724 1131 σκώληκας
750 1047 804 1112 καὶ
833 1051 983 1131 μελίττας
1005 1046 1057 1112 καί
1088 1043 1263 1130 μύρμηκας
1290 1041 1361 1110 οὔτε
1383 1041 1472 1109 ἀνία·

349 1178 414 1237 μον
446 1150 522 1218 οὔτε
550 1149 726 1238 ἀνατεμεῖν
759 1150 999 1238 ἐπιχειρήσαιμι
1028 1149 1080 1218 ἀν.
1132 1149 1218 1218 ὅπου
1247 1149 1311 1237 γὰρ
1337 1147 1395 1216 κάν
1421 1164 1474 1218 τοῖς

348 1256 503 1343 μεγάλοις
528 1257 621 1350 ζῴοις
645 1256 786 1343 εὑρίσκω
810 1257 915 1324 πολλὰ
940 1259 1191 1344 σφαλλομένους
1213 1257 1294 1336 τοὺς
1315 1255 1473 1342 ἀνατεμόν·

348 1391 416 1443 τας,
440 1363 581 1451 εὔλογον
609 1364 718 1452 δήπου
744 1365 827 1432 κατά
856 1364 896 1432 τά
925 1363 1122 1451 σμικρότερα
1145 1368 1275 1451 μᾶλλον
1298 1366 1458 1448 σφοληνω.

281 1487 335 1543 541
347 1476 414 1539 τῶν
438 1477 523 1557 γοῦν
546 1469 808 1559 ἀνατμηθέντων
835 1469 899 1538 ὑπὸ
924 1473 1007 1559 ἐμοῦ
1034 1472 1127 1557 μέχρι
1157 1497 1191 1556 γε
1216 1474 1277 1537 τοῦ
1301 1473 1396 1555 δεῦρο
1418 1489 1473 1554 σχε-

309 1601 334 1638 10
349 1576 412 1645 δὸν
445 1576 505 1646 οὐκ
526 1585 628 1646 ’ἔστιν
661 1577 725 1668 ὅτῳ
759 1579 804 1666 μὴ
837 1581 891 1646 καὶ
920 1583 1040 1667 καρδία
1072 1577 1127 1644 καὶ
1157 1568 1245 1664 ἧπαρ
1275 1571 1406 1662 ὑπάρχει
1432 1577 1471 1642 καὶ

347 1691 442 1770 κοίλη
471 1683 559 1770 φλὲψ
582 1684 636 1752 καὶ
665 1683 805 1772 ἀρτηρία
834 1683 853 1771 ἡ
878 1685 1013 1772 μεγάλη.
1062 1685 1116 1750 καὶ
1145 1689 1317 1770 φαίνεται,
1344 1683 1474 1764 καθάπερ

347 1788 367 1878 ἡ
392 1788 531 1877 ἀρτηρία
555 1795 612 1877 τῆς
630 1796 779 1877 καρδίας,
802 1787 908 1870 οὕτως
933 1789 1059 1878 ἡφλλψ
1076 1794 1137 1857 τοῦ
1161 1789 1286 1876 ἥπατος
1309 1793 1471 1877 ἐκφοομίνη

348 1897 403 1965 διά
431 1893 665 1984 παντός,·κάν
688 1895 772 1985 μηδὲ
805 1895 889 1977 ὅλως
922 1903 978 1986 ἔχη
1013 1895 1126 1978 δεξιὰν
1159 1893 1178 1982 ἡ
1207 1901 1330 1984 καρδία
1356 1903 1474 1965 κοιλίαν.

346 2006 401 2072 καλ
427 2004 482 2073 διά
505 2008 603 2071 τοῦτο
628 2010 780 2089 φαίνεται
800 2005 975 2092 σχιζομένη
999 2003 1079 2092 μετὰ
1102 2003 1139 2069 τὸ
1164 2007 1316 2080 διελθεῖν
1337 2003 1393 2082 τὰς
1412 2003 1473 2088 φρί-

200 2176 205 2185 ,
310 2133 334 2171 1⁵
349 2138 409 2190 νας
427 2109 581 2178 ὑποκάτω
600 2113 658 2196 τῆς
676 2114 825 2195 καρδίας,
849 2108 959 2197 ὥσπερ
983 2112 1034 2178 ἐπὶ
1057 2115 1126 2178 τῶν
1145 2109 1268 2194 ἀλλων,
1292 2108 1372 2178 ὅταν
1394 2107 1474 2194 ἐγγὺς

349 2216 410 2306 ἦκη
434 2207 501 2288 των
524 2219 672 2304 σφαγῶν.
718 2218 754 2283 ἐν
778 2217 901 2303 ἑτέροις
924 2216 959 2282 δὲ
990 2215 1085 2307 ζῴοις
1107 2213 1169 2284 οὐκ
1193 2214 1321 2302 ὀλίγοις
1342 2217 1405 2284 ἐστὶ
1426 2215 1473 2301 μὲν

347 2323 437 2406 δεξιὰ
470 2331 594 2403 κοιλία,
627 2331 780 2410 φαίνεται.
814 2322 850 2389 ol·
881 2320 983 2390 οὐδὲν
1015 2315 1116 2410 ἦττον
1151 2321 1168 2410 ἡ
1200 2330 1295 2410 κοίλη
1328 2322 1411 2408 φλὲψ
1438 2325 1474 2396 είς

384 2513 396 2557 1
418 2505 603 2572 σιγγενάτδαι
623 2505 659 2558 Μ.
687 2533 719 2542 -
746 2509 761 2555 3
787 2497 820 2555 τὰ
841 2519 894 2555 om.
913 2501 950 2554 M.
975 2533 1007 2542 ·-
1035 2509 1066 2556 12
1087 2497 1299 2571 lupoervopr'vou
1322 2519 1370 2571 pro
1387 2495 1464 2566 λιηιο

346 2574 417 2644 με’νη
436 2575 472 2628 Μ.
493 2607 525 2614 -
548 2581 579 2628 13
600 2571 656 2642 ἔχει
677 2573 712 2626 Μ.
734 2604 766 2612 -
789 2579 820 2626 14
841 2568 873 2627 ἐκ
892 2591 943 2643 pro
962 2573 1010 2626 καλ
1029 2569 1078 2626 διά
1098 2573 1134 2627 Μ.
1157 2605 1186 2612 -
1212 2579 1243 2626 lb
1263 2567 1327 2642 ἥκει
1345 2573 1379 2626 M.
1398 2604 1425 2610 -

430 2695 512 2702 --—----
526 2697 539 2702 -.
555 2697 561 2703 .

346 2751 418 2820 Hoc
451 2754 537 2818 enim
570 2777 669 2838 usque
703 2753 806 2818 adhuc
838 2755 873 2818 in
912 2753 1062 2818 omnibus
1096 2753 1288 2818 animalium
1321 2753 1470 2839 generibu-

346 2860 530 2942 observavi,
554 2883 617 2924 una
641 2883 714 2925 cum
737 2861 946 2944 pulmonibus
975 2859 1125 2924 dextrum
1148 2861 1255 2925 conlis
1280 2859 1470 2924 renlriculnn

346 2973 379 3032 et
401 2968 534 3032 inbcrirc
559 2970 592 3030 et
614 2968 771 3053 generari.
818 2963 917 3032 Cuius
942 2967 988 3030 rei
1020 2987 1153 3030 causam
1176 2987 1237 3052 ego
1262 2965 1318 3032 din
1342 2965 1469 3030 mullum·

344 3097 404 3160 quc
434 3073 587 3160 indagavi
617 3073 811 3159 scripsique,
833 3095 916 3157 quae
940 3072 1019 3136 mihi
1043 3072 1226 3156 probabilia
1250 3074 1322 3138 visa
1344 3079 1423 3154 sunl,
1444 3071 1468 3134 iu

344 3203 454 3265 opere,
483 3181 568 3264 quod
592 3185 642 3244 est
670 3179 708 3243 de
736 3203 796 3245 usu
821 3181 973 3265 partium.
1024 3176 1152 3243 Culiccs
1183 3179 1329 3264 quidam,
1355 3199 1469 3246 musra.

346 3309 482 3370 vermes,
510 3309 603 3370 apes,
635 3286 788 3350 formicas
816 3309 874 3352 noc
903 3286 1043 3351 dissecui
1074 3307 1133 3350 nec
1161 3285 1325 3352 dissecare
1352 3305 1466 3370 unquam

345 3395 524 3479 aggrediar.
579 3392 663 3458 Nam
697 3415 770 3458 cum
798 3394 832 3457 in
858 3394 987 3477 magnis
1020 3393 1218 3458 animalibus
1251 3394 1387 3458 mullum
1418 3411 1467 3452 cos.

344 3499 398 3582 qui
423 3522 460 3563 ea
484 3499 675 3584 inciderunt,
697 3499 769 3564 falli
794 3501 930 3584 videam,
954 3503 1215 3584 consentancum,
1239 3502 1363 3584 opinor,
1383 3507 1424 3562 csl
1442 3517 1465 3556 ιε

343 3607 523 3671 minoribus
552 3607 655 3672 multo
684 3607 790 3693 magis
822 3607 901 3672 falli.
957 3607 1007 3672 Ex
1040 3607 1192 3672 omnibus
1220 3608 1365 3692 quidam,
1392 3623 1464 3688 quac

285 3733 290 3742 ·
344 3735 467 3797 cunque
491 3737 591 3798 nsque
615 3715 655 3778 ad
678 3713 764 3778 hunc
787 3715 871 3778 diem
896 3738 916 3778 a
938 3736 989 3778 mc
1012 3714 1154 3778 dissecta
1179 3719 1264 3798 sunt,
1287 3714 1404 3780 nullum
1423 3720 1465 3770 ολ

343 3819 427 3901 quod
450 3842 506 3884 cor
529 3825 563 3885 sl
584 3822 672 3886 iecur
691 3825 723 3884 eb
743 3843 854 3886 cavam
879 3843 992 3886 venam
1014 3825 1047 3886 at
1071 3819 1226 3884 arteriam
1251 3843 1399 3906 magnam
1418 3837 1462 3880 nou

344 3923 477 4008 habeat,
510 3931 724 4011 apparetque,
757 3928 841 3990 sicul
874 3926 1028 3992 arteriam
1058 3950 1074 3988 ε
1108 3927 1218 4010 corde,
1251 3927 1300 3992 ita
1326 3941 1461 3990 veram·

344 4029 457 4115 iecore,
481 4033 608 4097 cbiamsi
627 4033 735 4098 nullus
760 4055 891 4118 prorsus
903 4023 960 4097 'sit
979 4033 1085 4098 cordis
1109 4031 1222 4098 dexter
1241 4033 1341 4116 sinus,
1362 4025 1457 4096 exoriri

344 4136 451 4220 Atque
479 4139 551 4204 ideo
580 4116 682 4205 scindi
712 4141 810 4204 ctiam
840 4139 1038 4224 conspicitur
1066 4139 1153 4205 infra
1182 4163 1251 4226 cor,
1279 4142 1461 4225 posteaquam

344 4244 470 4324 sepium
491 4249 710 4310 transversum
728 4247 866 4331 lraiccib,
889 4247 974 4311 sicul
997 4246 1031 4310 in
1055 4246 1140 4330 aliis,
1162 4268 1236 4312 cum
1256 4267 1355 4331 propo¹
1376 4239 1460 4328 inpia

345 4349 488 4413 accessit„
533 4351 571 4426 ln
595 4352 669 4416 aliis
697 4355 805 4416 aulem
835 4352 1031 4418 animalibus
1055 4375 1120 4418 non
1150 4345 1458 4436 pasciscuntur

344 4449 416 4512 dcrn
439 4455 545 4519 cordis
574 4459 770 4522 ventriculus
798 4462 864 4542 cst,
893 4481 975 4524 vana
1003 4464 1113 4524 lamen
1137 4481 1219 4524 cara
1245 4461 1347 4526 nihilo
1370 4459 1459 4522 minus
