3228 5148
613 397 835 466 ...9,5...

145 561 303 646 mr‘iptrera
322 560 431 648 posita
449 565 537 646 sunt,
556 562 751 647 singillatim
771 583 1025 646 percenseamus.
1059 559 1170 626 Oritur
1189 565 1296 626 autent

147 669 181 734 id
204 691 307 755 genus
331 669 484 753 peccandi
490 719 499 752 ,
522 691 595 734 cum
619 672 676 734 aut
699 669 821 734 similes
841 670 1025 734 litterarum
1047 667 1172 732 formae
1196 669 1298 734 oculis

148 775 358 841 librariorum
383 777 530 840 fraudem
549 775 695 840 fecerunt
718 780 775 840 aut
794 776 941 859 syllabae
959 774 1076 840 vitiose
1093 775 1298 858 pronuntiari

150 881 267 946 solitae
290 883 324 948 in
348 905 489 948 errorem
511 882 705 947 induxerunt
728 885 784 946 aut
803 881 994 966 compendia
1017 881 1192 964 scribendi,
1216 903 1297 965 quae

149 987 185 1052 in
208 987 295 1052 exitu
319 991 551 1056 vocabulorum
577 989 728 1072 inprimis
755 989 941 1074 frequenter
969 987 1115 1052 adhiberi
1140 987 1298 1071 solebant,

151 1095 202 1158 vel
227 1117 396 1178 perperam
418 1096 586 1162 intellecta
608 1101 685 1161 sunt
706 1097 758 1160 vel
775 1095 924 1180 intellegi
944 1117 1011 1160 non
1029 1097 1217 1177 potuerunt,
1242 1098 1299 1158 aut

149 1200 288 1286 denique
316 1203 465 1268 vocabuli
493 1203 629 1267 alicuius
657 1202 844 1266 terminatio
875 1201 1000 1266 vicinae
1029 1201 1212 1266 assimilata
1239 1205 1297 1265 est.

150 1305 200 1370 Ac
229 1307 268 1370 de
296 1307 420 1372 duabus
450 1309 557 1374 causis
590 1309 753 1393 prioribus
784 1308 938 1394 quoniam
968 1330 1067 1391 supra
1096 1308 1297 1392 disputatum

149 1417 214 1496 est,
241 1413 298 1478 ubi
326 1415 360 1478 iu
386 1413 570 1479 uuiversum
598 1417 715 1480 menda
742 1439 781 1479 ex
808 1415 849 1480 iis
878 1418 952 1480 orta
979 1415 1169 1499 collegimus
1201 1418 1296 1499 atque

150 1520 250 1584 simul
273 1523 422 1604 peecata,
445 1543 525 1605 quae
545 1522 585 1586 ad
604 1523 709 1586 exitus
729 1545 843 1588 vocum
862 1522 1038 1606 pertinent,
1061 1521 1222 1605 complexi
1246 1542 1297 1584 su-

149 1649 240 1710 mus,
261 1650 346 1692 nuuc
370 1628 409 1691 dc
433 1628 548 1690 ceteris
572 1649 706 1712 agamus
735 1633 831 1714 atque
851 1619 906 1693 'isa
929 1629 1071 1713 quidem,
1098 1629 1135 1692 ut
1157 1628 1295 1712 primum

149 1734 190 1798 dc
209 1734 392 1816 nominum,
416 1733 529 1798 deinde
548 1733 586 1798 de
604 1737 789 1820 verborum,
813 1737 949 1820 denique
968 1737 1007 1800 de
1027 1739 1207 1800 ceterarum
1227 1757 1297 1799 ora-

148 1840 251 1905 tionis
275 1841 417 1924 partium
440 1841 713 1924 particularumve
735 1843 822 1907 exitu
846 1844 962 1909 vitiato
986 1843 1198 1926 disseramus3
1221 1863 1298 1904 narn

150 1969 211 2010 sua
234 1968 379 2032 quaeque
404 1947 562 2012 orationis
584 1969 657 2032 pars
682 1950 886 2034 compendia,
910 1973 986 2014 suas
1006 1971 1120 2015 causas
1144 1948 1297 2032 peccandi

149 2053 261 2118 habet
297 2053 366 2119 Nee
385 2059 495 2120 tamen
514 2054 624 2119 omnia
642 2056 735 2138 vitia,
758 2079 840 2140 quae
862 2057 989 2121 librarii
1009 2057 1156 2122 codicum
1173 2057 1298 2120 nostro-

150 2183 224 2224 rum
249 2161 462 2245 admiserunt,
485 2163 683 2245 pertractare
702 2162 737 2226 in
756 2164 900 2228 animum
920 2164 1117 2247 induximus,
1140 2185 1217 2226 nam
1240 2182 1299 2225 neo

150 2267 441 2352 palaeographiam
465 2268 637 2333 scribimus
665 2271 697 2332 et
724 2291 775 2332 res
798 2270 918 2334 infiniti
942 2265 1064 2335 laboris
1088 2272 1151 2353 est,
1180 2270 1235 2332 sed
1260 2290 1298 2331 ea

151 2377 281 2439 tantum
308 2375 479 2460 elegimus,
509 2396 646 2460 quorum
674 2375 822 2458 exempla
848 2399 914 2440 uon
943 2399 1017 2440 raro
1049 2377 1090 2440 ab
1121 2375 1298 2440 editoribus

150 2481 303 2566 neglecta
326 2485 409 2546 sunt.
449 2480 556 2566 Atque
580 2479 864 2547 Substantivorum
886 2482 922 2547 in
944 2506 1002 2566 της
1024 2482 1208 2547 exeuntium
1233 2503 1298 2546 cre·

153 2586 296 2650 berrima
320 2592 370 2652 est
392 2587 588 2672 permutatio
612 2610 757 2672 casuum3
786 2589 821 2653 in
843 2589 878 2653 M
906 2585 1088 2673 ποσότητος
1114 2611 1173 2672 pro
1199 2584 1298 2652 ποσό-

149 2715 221 2775 τητι
247 2715 277 2776 p.
301 2694 366 2759 689
389 2696 466 2778 post
488 2694 544 2778 in,
572 2691 761 2778 ψυχρότητα
788 2717 848 2778 pro
872 2692 1051 2781 ψυχρότητι
1080 2719 1110 2779 p.
1135 2695 1298 2760 susanae

151 2796 233 2862 med.
258 2800 394 2864 attalia
417 2801 540 2883 scripta
568 2801 758 2866 invenimus.
804 2802 837 2867 P.
862 2803 926 2867 612
950 2825 980 2887 p.
1003 2803 1073 2867 init.
1102 2799 1299 2866 MABOhK

150 2905 311 2989 scriptum
334 2905 456 2971 habent
479 2901 560 2971 ὅταν
580 2904 631 2970 ἐπὶ
655 2909 716 2972 τοῦ
736 2907 945 2992 περιέχοντος
963 2903 1060 2993 ἀέρος
1079 2906 1113 2972 ἐκ
1132 2909 1189 2991 τῆς
1207 2903 1299 2992 fitiu-

149 3009 210 3092 τῆς
240 3004 345 3094 αὐγῆς
376 3007 563 3098 ὁρμηθεῖσό
593 3037 641 3088 τις
670 3012 832 3098 ποιότης
865 3018 911 3092 εἰς
942 3011 1031 3080 ἅπαν
1063 3009 1168 3079 αὐτοῦ
1199 3013 1299 3099 μέρος

149 3110 347 3200 ἀφικνῆται,
371 3116 523 3196 διάδοσις
545 3144 573 3184 κ.
596 3145 622 3184 τ.
645 3126 685 3204 λη
710 3145 771 3186 nos
795 3120 931 3206 ποιότης
953 3123 988 3187 in
1010 3119 1207 3204 ποιότητος
1230 3144 1298 3186 mu·

150 3223 294 3288 terimus
316 3247 375 3290 nec
400 3231 476 3309 post
498 3220 692 3310 duravisse,
720 3231 756 3291 nt
779 3228 823 3313 K,
849 3229 904 3293 sed
927 3231 1003 3314 post
1026 3225 1177 3304 διάδοσις
1199 3228 1298 3293 inter·

150 3330 337 3414 punimus,
365 3333 451 3416 quod
479 3337 650 3417 utrumque
679 3335 858 3398 sententiae
886 3336 971 3400 ratio
999 3335 1156 3418 postulat:
1185 3334 1298 3418 ‘quali-

150 3441 257 3500 tatum
280 3437 315 3501 in
338 3438 492 3503 continua
515 3461 653 3523 corpora
676 3441 911 3505 transfusiones
931 3441 1137 3526 appellantur
1159 3441 1298 3506 influxus

149 3542 318 3608 facultatis
341 3545 521 3630 cuiusdam3
546 3547 646 3630 velut,
671 3569 743 3611 cum
768 3571 787 3610 a
809 3547 887 3612 solis
907 3547 1007 3612 radiis
1031 3547 1178 3632 profecta
1200 3549 1298 3630 quoli-

151 3651 224 3714 totts
252 3651 422 3731 transfusio
452 3651 486 3715 in
516 3651 690 3716 ambientis
720 3654 803 3717 atris
834 3657 939 3718 totum
969 3675 1086 3736 corpus
1115 3655 1299 3736 penetravit

149 3755 223 3840 ipsa
255 3757 333 3821 solis
364 3758 548 3822 substantia
578 3781 636 3824 suo
665 3760 738 3824 loco
768 3763 933 3842 manente,
962 3759 1101 3824 influxus
1130 3759 1297 3825 facultatis

150 3862 268 3927 solaris
286 3863 350 3927 dici
365 3863 469 3928 solet'
484 3901 527 3909 -
546 3864 645 3930 Aliud
665 3866 847 3950 exemplum
861 3866 1050 3930 mendorum
1066 3889 1082 3932 e
1098 3869 1298 3951 compendiis

149 3991 215 4034 non
229 3969 405 4034 intellectis
418 3973 570 4036 natorum
588 3971 747 4054 praebent
766 3969 961 4058 Mafssflh)
980 3997 1011 4057 p.
1025 3974 1090 4038 429
1106 3977 1198 4038 extr:
1222 3969 1298 4038 οὔτε

149 4078 273 4159 κρίσεις
296 4069 381 4140 εἶναι
405 4073 444 4141 τὰ
472 4074 565 4161 πάθη
594 4075 759 4143 δεικνύων
789 4073 865 4143 οὔτε
893 4076 1127 4163 ἐπιγιγνόμενα
1155 4083 1298 4163 κρίσει,

149 4180 180 4244 Κ
211 4185 300 4246 recte
331 4183 514 4248 emendavit
542 4187 647 4268 κρίσει
679 4184 823 4249 scribens
853 4189 1011 4268 κρίσεσιν.
1062 4185 1184 4262 Quodsi
1214 4187 1297 4250 tales
1328 4195 1331 4204 ’

151 4285 291 4352 Dativos
316 4311 335 4352 a
357 4288 501 4354 librariis
526 4291 679 4355 confundi
703 4295 845 4376 constat,
867 4293 953 4358 idem
975 4315 1042 4356 non
1062 4292 1174 4356 debuit
1197 4293 1298 4358 inten-

150 4397 257 4458 tatum
282 4394 462 4480 relinquere
481 4419 568 4482 eum,
591 4419 686 4482 quem
710 4421 741 4482 p.
760 4399 825 4463 365
848 4421 879 4482 p.
902 4398 984 4463 med.
1002 4398 1155 4484 legimus:
1176 4393 1214 4463 τὸ
1233 4396 1297 4490 γάρ
