3246 5148
623 397 842 462 ...43-

154 555 301 642 exceptis
328 578 402 622 cum
431 578 468 623 eo
496 556 725 624 consentirent.
774 555 872 624 Gaius
900 557 986 625 enim
1019 579 1151 643 operam
1179 557 1304 624 dedisse

154 665 298 748 videtur,
317 669 353 730 ut
373 663 517 730 codicem
535 687 633 752 quam
652 666 895 732 accuratissime
914 670 1091 750 excuteret,
1109 666 1157 730 ibi
1176 669 1304 732 tantum

154 772 358 857 discrepans,
382 771 437 835 ubi
461 794 542 855 opus
566 793 636 836 esse
660 773 879 839 existimabat.
915 774 1077 839 Accentus
1098 794 1213 838 vocum
1236 772 1304 837 fere

154 881 287 944 cosdem
310 878 458 960 retinuit,
481 879 570 942 velut
588 873 698 964 ὥσπέρ
717 902 799 962 που,
822 875 1097 962 ἀπολωλέναιτί,
1121 874 1305 962 εὑρίσκεται

153 985 251 1067 ποτέ,
274 986 395 1070 φάναι,
422 987 700 1067 κατεσκευάσθαι,
723 987 817 1070 μῦες;
845 989 969 1074 passim
997 991 1107 1052 tamen
1135 1007 1305 1070 perperam

153 1095 283 1177 positos
306 1093 504 1176 emendavit,
526 1094 617 1159 velut
634 1117 664 1177 p.
684 1094 749 1158 209
773 1099 848 1179 post
870 1096 912 1159 in.
937 1087 1004 1159 εἴτ’
1030 1093 1063 1172 έξ
1086 1087 1214 1178 ἀμφοῖν
1236 1115 1305 1158 mu-

153 1201 243 1266 tarit
268 1199 303 1264 in
330 1193 415 1280 εἶτ’,
441 1223 473 1284 p.
503 1201 564 1264 181
594 1201 637 1266 in.
664 1193 729 1265 κάν
755 1213 827 1278 ταῖς
853 1201 921 1266 τῶν
949 1197 1041 1290 ζῴων
1068 1194 1249 1285 ἀνατομαῖς
1272 1201 1305 1265 in

153 1301 221 1372 κάν
242 1331 271 1372 κ.
293 1329 320 1371 τ.
343 1311 386 1382 λ.;
410 1307 464 1371 sed
487 1307 574 1371 idem
596 1329 829 1393 nonnunquam
847 1313 934 1372 reete
958 1309 1085 1392 positos
1105 1307 1140 1372 in
1163 1307 1305 1372 deterius

154 1415 310 1496 mutavit,
338 1417 376 1478 nt
402 1409 583 1490 decacorde
610 1415 661 1478 vel
690 1416 799 1500 potius
828 1411 884 1479 διὰ
907 1409 1031 1491 παντὸς
1058 1415 1091 1478 in
1115 1409 1305 1494 διάπαντος,

153 1523 299 1604 πλησίον
321 1520 356 1585 in
379 1516 536 1604 πλήσιον,
558 1524 700 1607 κρανίον
722 1523 756 1586 in
775 1518 930 1606 xpoivrov,
953 1515 1145 1604 ἀνασχοῦσα
1168 1519 1203 1584 in
1225 1513 1306 1584 ἀνά-

154 1645 298 1711 σχουσα;
320 1627 391 1692 iota
412 1626 543 1692 Dativis
568 1628 704 1712 aliisque
722 1629 838 1694 formis
861 1629 895 1694 in
913 1627 1023 1694 codice
1040 1647 1143 1711 neque
1163 1626 1306 1710 adscrip-

153 1739 228 1799 tnm
250 1755 353 1818 neque
368 1735 588 1818 subscriptum
602 1735 800 1820 plerumque,
819 1735 954 1801 sednon
967 1735 1095 1819 ubique,
1113 1733 1236 1818 posuit3
1257 1755 1305 1798 ce·

153 1845 244 1906 teras
259 1841 438 1925 scripturas
451 1841 571 1905 codicis
586 1842 634 1906 ita
649 1846 777 1907 secutus
792 1845 851 1925 est,
865 1845 910 1924 ut,
926 1842 980 1906 ubi
996 1841 1099 1905 altera
1112 1861 1227 1904 manus
1238 1837 1306 1924 (0²)

155 1983 199 1994 -
224 1969 302 2012 nam
323 1947 404 2012 dnae
433 1970 547 2013 manus
572 1948 800 2013 discernendae
824 1952 913 2032 sunt,
941 1971 1006 2013 una
1035 1947 1176 2031 librarii,
1203 1947 1308 2011 altera

155 2055 350 2120 correctoris
369 2055 557 2121 recentioris
577 2093 618 2102 -
644 2055 766 2139 aliquid
786 2058 982 2136 correxerat,
1005 2054 1052 2119 ibi
1071 2053 1155 2118 hanc
1174 2075 1305 2138 sequen-

154 2162 233 2226 dam
261 2183 330 2225 esse
359 2166 512 2226 censeret.
562 2161 664 2228 Prout
690 2161 794 2247 igitur
817 2161 1005 2227 emendator
1026 2160 1155 2225 felicem
1179 2143 1236 2225 aut
1259 2160 1305 2224 in-

154 2267 285 2332 felicem
308 2289 442 2351 operam
466 2269 501 2333 in
524 2268 715 2352 corrigendo
743 2271 835 2332 textu
861 2269 984 2352 posuit,
1011 2268 1114 2332 bonas
1141 2267 1306 2350 lectiones,

155 2375 248 2438 velut
266 2397 296 2459 p.
313 2373 376 2440 196
395 2380 471 2458 post
490 2376 571 2439 med.
586 2370 648 2459 την
667 2371 702 2438 έκ
720 2373 778 2456 ,τῆς
797 2367 965 2457 ἀνατομῆς
982 2370 1231 2457 γιγνωσκομί
1234 2396 1306 2455 νην

156 2480 255 2546 ίδεάν
285 2504 346 2565 pro
378 2478 583 2565 γιγνομένην
615 2477 697 2566 (0¹),
728 2502 759 2562 p.
788 2481 855 2544 200
885 2481 944 2545 sub
971 2481 1025 2544 fin.
1053 2475 1162 2563 ὥσπερ
1190 2473 1306 2561 ὀλίγον

156 2589 384 2672 ἔμπροσθεν
408 2586 618 2672 ἐπεδείξαμεν
640 2608 699 2670 pro
723 2581 864 2670 ὕστερον
884 2583 965 2672 (0¹),
988 2609 1018 2670 p.
1038 2587 1102 2650 202
1125 2591 1202 2670 post
1224 2585 1306 2650 med.

156 2690 309 2778 χιτοένων
338 2717 373 2758 τε
401 2693 456 2759 καὶ
486 2689 621 2779 ὑμδιων
648 2690 712 2757 καὶ
742 2693 850 2777 μυῶν
878 2687 948 2757 ὡδὶ
977 2715 1054 2769 πως
1081 2690 1308 2777 συγκειμένων

157 2822 217 2886 pro
240 2795 374 2884 ὑμένων
398 2800 624 2886 συγκειμένων
647 2801 777 2866 omissis
805 2801 913 2865 verbis
937 2799 1116 2864 interiectis
1140 2795 1222 2886 (0¹),
1249 2803 1307 2864 aut

157 2929 278 2991 pravas
297 2907 434 2992 recepit,
453 2907 542 2972 velut
561 2932 591 2992 p.
612 2906 674 2971 199
695 2908 755 2971 sub
774 2908 840 2991 fin,
863 2908 919 2972 ubi
942 2927 1057 2971 manus
1076 2906 1183 2990 prima
1205 2909 1306 2971 reete:

156 3009 219 3096 τὴν
241 3009 389 3097 μεγάλην
412 3010 449 3077 δὲ
472 3010 535 3098 τὴν
553 3015 600 3090 είς
618 3009 699 3078 ὅλον
721 3011 758 3078 τὸ
783 3015 876 3100 σῶμα
897 3010 1125 3097 νενεμημένην
1147 3005 1222 3078 οἷόν
1245 3034 1306 3097 περ

156 3116 302 3196 κλάδους
329 3113 538 3206 ἀπομερίζειν
567 3118 685 3204 ἑαυτῆς
711 3115 839 3197 ἁπάσας
865 3116 924 3196 τάς
955 3114 1037 3184 κατὰ
1068 3113 1105 3184 τὸ
1136 3119 1221 3206 ζῷον
1248 3112 1306 3202 ἀρ-

155 3229 273 3310 τηρίας
292 3219 409 3309 ὀλίγον
432 3228 623 3310 ἔμπροσθεν
641 3221 752 3308 εἷπον,
775 3249 890 3292 manus
910 3231 1019 3292 autem
1043 3225 1147 3290 altera
1165 3224 1308 3309 margini

158 3333 377 3416 adscripserat
411 3327 470 3409 τάς
506 3327 664 3418 ἀρτηρίας
696 3327 739 3410 ἃς
770 3327 901 3416 ὀλίγον,
938 3356 1001 3418 quo
1036 3335 1166 3415 recepto
1198 3327 1307 3413 Caius,

159 3437 363 3520 Charterius,
385 3439 555 3504 Kuehnius
582 3440 685 3505 totius
714 3440 893 3504 sententiae
922 3437 1214 3505 conformationem
1239 3459 1306 3502 cor-

158 3551 325 3630 ruperunt.
369 3545 403 3610 P.
428 3546 493 3610 204
517 3549 592 3630 post
615 3547 696 3610 med.
721 3544 761 3634 C}
783 3551 883 3610 recte:
911 3540 1001 3630 ὑμὴν
1023 3541 1085 3629 μέν
1109 3539 1194 3620 ἅπας
1216 3537 1306 3628 ἀκρι-

158 3653 226 3734 βῶς
258 3649 326 3716 έστι
359 3647 475 3728 λεπτὸς
506 3649 560 3716 καὶ
593 3649 753 3736 μαλακός,
787 3649 974 3736 σύνδεσμος
1010 3647 1047 3715 δέ
1079 3645 1221 3734 σκληρὸς
1252 3649 1307 3716 καὶ

158 3753 264 3842 παχὺς
294 3749 476 3838 τοάπίπαν,
508 3755 548 3822 02
580 3760 655 3822 ante
688 3753 830 3842 σκληρός
862 3759 1000 3823 inscruit
1031 3761 1090 3822 καί
1119 3758 1188 3821 sinc
1220 3758 1308 3822 iusta

159 3886 270 3947 cansa,
293 3864 378 3948 quod
401 3887 458 3929 eur
481 3862 579 3928 Caius
599 3866 770 3949 receperit,
793 3864 911 3929 nescio.
948 3863 1070 3928 Multas
1090 3867 1199 3928 autem
1224 3865 1307 3928 alias

159 3973 338 4055 scripturas
375 3971 494 4037 codicis
532 3973 648 4055 suopte
685 3971 817 4056 ingenio
857 3970 1054 4053 emendavit,
1090 3993 1155 4034 non
1192 3951 1307 4051 solnm,

158 4100 241 4162 quae
275 4077 314 4142 ad
348 4076 620 4163 orthographiam
653 4081 816 4162 spectant,
849 4078 938 4142 velut
969 4072 1122 4160 μελλήσει
1155 4073 1199 4160 (p.
1230 4073 1308 4161 189)

158 4207 217 4268 pro
247 4179 398 4267 μελήσει,
425 4189 641 4266 γεννηθείσαι
669 4180 714 4268 (p.
745 4182 821 4270 196)
850 4205 909 4268 pro
937 4189 1146 4267 pecudalem,
1180 4177 1309 4258 δόξειεν

158 4283 202 4355 ἀν
225 4281 300 4354 οἷον
323 4291 450 4374 μοχλοῦ
468 4312 527 4374 pro
547 4287 684 4367 δείξειεν
706 4287 750 4376 (p.
770 4289 858 4372 208),
881 4284 1017 4354 έπειδάν
1033 4325 1077 4333 -
1097 4281 1115 4351 ὅ
1137 4283 1237 4370 λόγος
1253 4309 1308 4352 πε-

157 4399 310 4482 ραίνηται
339 4418 397 4484 pro
417 4399 605 4480 περαίνεται
629 4394 674 4483 (p.
693 4395 785 4484 200),
811 4389 872 4462 οὐκ
895 4389 938 4461 ἀν
961 4390 1101 4461 λάθοιεν
1120 4387 1225 4460 αὐτοῦ
1243 4399 1308 4482 τὴν
