3212 5146
564 419 803 484 „537-.

114 585 181 657 λοίς
207 577 504 664 βεβασανισμένων
535 573 600 645 ὑπὸ
629 579 697 645 τῶν
730 572 876 662 ἀρίστων
908 571 1044 662 ἀνδρῶν
1071 581 1106 644 ἐκ
1133 603 1167 644 τε
1195 579 1256 644 τοῦ

23 759 25 766 ,
116 683 304 771 Περιπάτου
330 683 385 752 καὶ
413 687 470 770 τῆς
494 687 604 762 Στοᾶς
631 685 787 770 ἐξαίφνης
815 709 863 762 τις
885 680 1038 770 ἀνεφάνη
1065 684 1134 752 τάν
1157 691 1256 770 Περι-

113 793 297 878 πατητικῶν
329 786 453 878 ὑμένας
485 787 570 858 εἶναι
603 789 709 873 λέγων
741 787 820 868 τοὺς
855 785 919 858 ἀπὸ
952 792 1010 876 τῆς
1040 794 1179 876 καρδίας
1210 795 1257 870 είς

114 897 297 984 ἐχκάφαλόν
315 923 349 966 τε
370 896 375 986 Ι
395 897 449 964 καὶ
468 895 632 983 μήνιγγας
649 891 932 984 ἀναφερομένους,
951 892 1011 981 ὑφ’
1032 886 1115 982 dori
1134 895 1256 984 ψυχικὴ
1267 915 1323 970 tae

23 1037 24 1066 z
115 1003 255 1091 δύναμις
280 1001 522 1090 ἀνακομίζεται·
550 1002 605 1070 καὶ
633 1003 736 1070 ταῦτα
765 1003 921 1092 ἐπιχειρεῖ
946 1005 1055 1089 λέγειν
1078 999 1290 1089 ἀνθρωποςι

115 1108 192 1179 οὐδὲ
215 1107 300 1189 ὅλως
323 1106 491 1196 ἀνατομῆς
510 1106 689 1195 ἀράμενος.
726 1109 794 1177 ἐπεὶ
818 1111 854 1178 δέ
873 1109 960 1200 πρὸς
979 1106 1074 1197 ἡμῶν
1093 1109 1256 1177 ἐδέδεικτο
1280 1171 1286 1181 .

23 1303 25 1310 Ι
116 1217 168 1284 καὶ
193 1217 249 1284 διά
272 1221 341 1284 τῶν
359 1221 560 1304 ἔμπροσθεν,
583 1213 628 1294 ὡς
650 1229 719 1294 τοῖς
738 1215 871 1302 νεύροις
889 1217 1068 1302 ἐγκέφαλος
1087 1217 1256 1303 ἐπιπέμπει

24 1387 25 1394 ,
114 1323 271 1410 δυνάμεις
302 1317 377 1392 οἷον
413 1321 501 1410 πηγή
533 1331 582 1402 έις
614 1318 772 1410 ὑπάρχων
803 1317 919 1406 αύτός,
956 1317 1017 1390 ούκ
1050 1323 1084 1390 ἐκ
1120 1327 1259 1410 καρδίας

24 1497 25 1502 ,
116 1429 310 1516 λαμβάνων,
333 1427 378 1508 ὡς
400 1427 462 1516 μέν
485 1433 584 1514 ἔνιοι,
608 1427 664 1496 διὰ
687 1425 799 1496 αὐτῶν
822 1419 871 1496 ὧν
895 1433 1025 1514 ἔφασαν
1049 1429 1191 1516 νεύρων,
1214 1427 1259 1509 ὡς

22 1523 25 1636 ,¹
115 1537 149 1604 δέ
173 1534 281 1613 ἄλλοι,
304 1535 360 1604 διδ
379 1539 446 1604 τῶν
464 1539 659 1622 καρωτίδων
676 1531 855 1622 ἀρτηριῶν,
878 1531 1139 1624 ἠναγκάσθημεν
1158 1529 1259 1616 αὖθις
1274 1561 1298 1600 ιο

22 1721 23 1724 ¹
117 1641 207 1730 ἡμεῖς
243 1641 468 1712 ἐπιδεικνύναι
505 1642 588 1729 μηδὲ
629 1639 753 1729 ὑμένας
791 1639 1061 1730 ἀναφερομένους
1102 1641 1187 1724 ὅλως
1223 1646 1259 1712 ἐκ

22 1733 24 1746 ¹
114 1755 253 1838 καρδίας
275 1755 321 1830 είς
343 1749 503 1838 κεφαλήν,
526 1755 557 1818 εί
578 1749 615 1818 δὲ
639 1756 698 1817 καί
717 1775 804 1829 τινες
825 1754 893 1816 τῶν
911 1747 993 1818 κατὰ
1015 1751 1076 1818 τὸν
1093 1749 1259 1839 τράχηλον

116 1855 259 1945 ὑμένων,
283 1859 318 1926 ἐκ
336 1861 474 1944 καρδίας
496 1855 541 1944 μὴ
561 1853 646 1924 εἶναι
665 1855 808 1943 φάσκειν
827 1857 1059 1942 διατέμνοντές
1080 1883 1115 1925 τε
1133 1857 1259 1938 πάντας

115 1961 237 2044 αὐτοὺς
264 1963 476 2044 ἐκκύπτοντές
502 1989 537 2032 ιε
559 1963 665 2052 μηδὲν
691 1967 754 2032 τοὺ
786 1963 871 2052 ζῴου
898 1965 1139 2049 βλαπτομένου.
1188 1985 1259 2032 σκε·

114 2071 267 2158 πύσματα
289 2070 354 2158 γάρ
373 2075 459 2138 εἰσιν
478 2074 513 2138 οί
528 2067 657 2157 ὑμένες,
681 2075 767 2138 ἔνθα
785 2094 845 2156 περ
864 2064 908 2136 ἀν
925 2065 1108 2157 ὑπάρχωσι,
1131 2077 1260 2158 μορίων
1274 2095 1300 2136 ιι

114 2180 280 2263 μηδεμίαν
308 2177 478 2263 ἐνέργειαν
506 2171 525 2262 ἢ
553 2183 668 2263 χρείαν
696 2176 811 2262 ἑτέραν
839 2181 983 2265 ἔχοντες,
1016 2173 1137 2245 ὁποίαν
1163 2174 1260 2264 ἀρτη-

24 2367 26 2374 “
151 2351 393 2441 δέξαίφνηςτίδ.
409 2347 494 2408 -dv
509 2349 725 2438 inderem.—
692 2353 1030 2440 -κεηιπατηιιῷνΜμ-
996 2361 1079 2409 -10
1092 2349 1260 2424 ηναχιιάοδη

114 2417 219 2496 μέν
186 2447 238 2482 uer
252 2425 280 2480 M
287 2419 490 2552 ηναχκάοδημ
472 2445 523 2496 μεν
538 2416 591 2480 οὖν
606 2417 783 2480 Anchi(
749 2443 802 2480 ουν
821 2423 988 2492 delevimus;
1008 2425 1043 2480 ci.
1059 2425 1142 2480 Proll.
1158 2443 1184 2496 p.
1201 2433 1259 2481 115.

114 2531 147 2540 —
171 2507 199 2554 ll
221 2493 294 2566 μήδ’
310 2518 349 2566 ομ
368 2497 515 2581 voecsteodd
531 2497 593 2552 edd.
613 2491 717 2580 μηδὲ
705 2517 762 2582 ομ,
769 2513 832 2564 δοες
851 2497 886 2552 cf.
901 2467 988 2552 Proll.⁸
1005 2513 1032 2566 p
1050 2503 1161 2552 102.-
1183 2503 1215 2552 12
1235 2497 1263 2552 εἰ

22 2579 23 2582 ’
116 2569 147 2626 δέ
168 2570 216 2624 καὶ
235 2566 309 2632 reate
329 2567 382 2624 siai
401 2568 456 2622 τῶν
471 2567 598 2624 Corn.-
566 2563 690 2622 -ιιατά
710 2539 848 2638 τράχηίάν
863 2567 948 2622 M.-
971 2576 1002 2623 13
1022 2563 1161 2638 φάσκοιεν
1180 2568 1259 2624 codd.

115 2641 177 2696 εδδ.
196 2635 319 2708 φάσκειν
336 2656 447 2695 nos.—

116 2821 215 2886 etiam
237 2841 336 2904 nune,
363 2820 526 2884 numiam
554 2819 608 2886 diu
637 2821 752 2906 scripti
780 2823 889 2886 essent
916 2825 991 2886 ante
1014 2819 1099 2886 brine
1123 2821 1198 2887 libri
1223 2843 1260 2886 ae

116 2950 174 3012 per
202 2929 323 2992 multos
352 2947 453 2992 annos
483 2927 523 2991 ab
552 2928 686 3012 optimi·
714 2927 896 3014 quibusque
924 2932 956 2992 et
979 2927 1205 3012 Peripateticis
1229 2933 1260 2993 et

22 3021 23 3028 ἐ
116 3035 235 3102 Stoicis
255 3033 442 3116 examinati,
460 3039 591 3119 repente
611 3034 738 3100 exstitit
755 3035 886 3119 quidam
906 3055 922 3098 e
942 3033 1055 3099 schola
1069 3033 1260 3118 Peripateti·

115 3164 236 3224 eorum,
255 3143 310 3226 qui
329 3141 536 3206 membranas
555 3163 626 3206 esse
644 3141 774 3224 diceret,
793 3163 909 3226 quaea
928 3140 1023 3206 eorde
1041 3141 1076 3206 in
1095 3141 1262 3206 cerebrum

115 3239 248 3334 eiusque
271 3249 439 3315 involucra
462 3249 672 3314 ascenderent
695 3251 791 3332 atque
811 3269 849 3312 ea
872 3269 906 3312 re
930 3247 1104 3312 animalem
1125 3247 1261 3313 faculta-

115 3363 181 3420 tem
201 3355 460 3438 transveherent3
484 3359 581 3440 atque
600 3353 679 3420 haec
699 3356 796 3420 audet
815 3355 920 3420 dicere
939 3355 977 3438 is,
999 3355 1054 3440 qui
1073 3355 1262 3439 neutiquam

117 3463 317 3527 anatomiam
341 3461 497 3547 attigerit.
543 3459 625 3526 Cum
653 3465 805 3528 autema
832 3461 927 3530 nobis
955 3462 1056 3527 etiam
1083 3483 1182 3546 supra
1210 3461 1262 3526 de-

21 3567 22 3600 ³
117 3571 335 3634 monstratum
354 3573 442 3632 esset
464 3568 631 3632 cerebrum
650 3567 691 3632 ad
710 3591 827 3634 nervos
847 3568 1020 3634 facultates
1040 3568 1263 3634 tranrmittere

117 3675 287 3758 ipsumque
311 3676 404 3758 quasi
427 3673 551 3740 iontem
575 3695 645 3738 ease
668 3697 771 3760 neque
795 3697 816 3740 a
838 3675 942 3758 eorde,
965 3679 1003 3738 ut
1024 3674 1182 3757 nonnulli,
1206 3695 1263 3758 per

116 3803 248 3864 nervos,
270 3803 350 3865 quos
374 3779 578 3863 statuebant,
600 3785 637 3846 nt
660 3781 730 3866 alii,
752 3805 810 3866 per
833 3781 970 3846 arterias
994 3781 1157 3846 carotidas
1180 3780 1263 3845 acei-

116 3909 207 3972 pere,
234 3909 345 3952 rursus
369 3885 475 3952 eoaeti
499 3909 610 3954 sumus
635 3887 802 3952 ostendere
830 3909 871 3952 ne
899 3887 1106 3954 membranas
1133 3886 1262 3973 quidem

117 3993 250 4060 omnino
281 4016 298 4056 e
326 3994 422 4058 eorde
450 3993 484 4058 in
513 3997 612 4078 eaput
638 3993 782 4076 tendere,
809 3997 844 4060 et
871 3993 899 4058 si
926 4015 1008 4078 quae
1036 3993 1153 4077 exiis,
1180 4015 1263 4077 quae

116 4102 209 4167 iuxta
228 4099 348 4168 collum
372 4103 456 4184 sunt,
480 4123 535 4164 eas
558 4103 703 4166 tamena
728 4102 824 4166 eorde
843 4123 913 4164 esse
935 4120 1067 4184 negare,
1090 4103 1264 4184 propterea

116 4209 217 4296 quod,
246 4207 276 4274 ai
304 4228 417 4274 omnes
443 4207 519 4272 iliae
548 4206 787 4272 dissecarentur
814 4211 847 4274 et
873 4206 1108 4291 exciderentur,
1140 4207 1262 4271 animal

115 4315 243 4382 nullum
266 4315 421 4380 damnum
444 4313 618 4398 acciperet,
645 4313 765 4399 quippe
789 4335 861 4380 eum
884 4313 1106 4397 membranae,
1129 4312 1261 4378 ubieun-

116 4443 179 4506 que
209 4424 297 4504 sunt,
324 4421 468 4504 partium
491 4419 716 4507 integumenta
743 4424 853 4486 essent
879 4441 917 4484 ae
943 4419 1066 4486 nullam
1093 4421 1263 4506 praeterea
