3228 5148
595 459 636 468 -
686 422 749 486 ια)
795 377 840 468 -’

137 574 185 656 ῶς
208 577 392 646 ἐπιπίπτειν
413 579 417 666 Ι
438 573 593 665 ἀλλήλοις
615 577 695 658 τοὺς
717 583 864 665 χιτῶνας,
889 577 1014 648 ὁπόταν
1036 581 1135 648 τοῦτο
1153 583 1286 665 πρῶτον
1297 597 1353 653 189

135 685 292 773 γένηται,
315 689 440 772 νεῦρον
467 683 532 773 ήδη
564 691 748 772 φαίνεσθαι
775 687 812 754 τὸ
842 683 986 773 ἀγγεῖον.
1035 683 1287 774 Ἐρασίστρατος

136 791 202 878 μέν
226 785 289 862 οὖν
314 789 394 860 οὐδὲ
417 789 609 878 ἀντιλογίας
632 790 751 880 ἠξίωσε
774 792 836 861 τὸν
863 793 967 880 λόγον
990 791 1035 873 ῶς
1059 791 1288 880 ἀναισχύντως

136 895 460 986 ἀποτετολμημένον.

227 1001 310 1091 Ἐγῶ
334 1005 388 1090 δέ,
417 1005 593 1096 ἐπειδήπερ
621 1005 706 1088 ἅπαξ
729 1008 889 1093 κατέστην
920 1013 967 1086 είς
989 1005 1026 1074 τὸ
1050 1007 1125 1094 περὶ
1148 1004 1318 1074 πόντωνῠ

138 1113 403 1196 διασκέψασθαι,
431 1115 555 1200 βραχέα
583 1118 628 1204 τῷ
652 1114 856 1203 Πραξαγόρᾳ
880 1117 1098 1201 διαλεχθῆναι
1121 1112 1286 1200 βούλομαι

137 1218 195 1286 καλ
218 1215 357 1305 μάλισθ’
392 1217 443 1288 ότι
472 1221 526 1288 καὶ
550 1218 744 1308 Χρύσιππος
772 1221 997 1309 ἐμνημόνευσε
1025 1218 1171 1307 τάνδρὸς
1198 1217 1287 1286 όιντι-

137 1326 214 1404 erig
240 1339 310 1404 τοῖς
333 1322 397 1392 ἀπὸ
426 1330 485 1413 τῆς
515 1331 660 1414 κεφαλῆς
688 1326 850 1414 ἄρχεσθαι
878 1327 918 1394 τὰ
951 1332 1055 1415 νεῦρα
1083 1333 1288 1424 νομίζουσιν.

137 1429 191 1498 ὅτι
215 1430 279 1518 γὰρ
304 1430 409 1511 οὕτως
432 1434 533 1520 ἐχρῆν
556 1440 644 1521 ἔχειν
661 1433 699 1501 τὸ
723 1434 932 1521 φαινόμενον
952 1437 1073 1503 ἐκτῶν
1097 1431 1286 1521 ἀνατομῶν,

137 1535 186 1616 ῶς
214 1535 232 1606 ό
257 1539 478 1628 Πραξαγόρας
505 1549 651 1628 εἰρηκεν,
684 1545 715 1608 εί
745 1540 897 1627 μελλήσει
926 1569 975 1619 τις
1003 1538 1149 1627 εὐλόγως
1180 1538 1287 1628 ἀρχὴν
1302 1563 1327 1600 1⁰

136 1671 208 1712 τον
232 1642 620 1732 νεύρωνὺπολήψεσθαι
643 1645 705 1734 τήν
729 1651 883 1733 καρδίαν,
907 1645 987 1715 οὐδὲ
1006 1645 1099 1734 ἡμεῖς
1122 1644 1286 1736 ἀμφισβη-

137 1755 273 1838 τοῦμεν.
310 1751 361 1820 ότι
380 1753 416 1820 δὲ
437 1749 497 1840 οὐχ
517 1751 622 1832 οὕτως
640 1759 716 1840 ἔχει,
740 1754 893 1841 μυριάκις
910 1754 972 1841 μὲν
993 1752 1055 1840 ήδη
1078 1768 1149 1832 τοῖς
1167 1759 1286 1839 βουλη-

137 1865 231 1927 θεῖσι
251 1863 377 1945 γνῶναι
396 1856 540 1946 τάληθὲς
558 1861 609 1926 έπλ
624 1863 693 1927 τῶν
713 1859 804 1950 ζῴων
823 1862 1004 1948 ἐδείξαμεν,
1023 1859 1084 1929 οὐκ
1099 1858 1287 1947 όκνήσομεν

139 1965 178 2032 δὲ
197 1963 373 2034 κάνταῦθα
391 1965 453 2052 τήν
472 1963 644 2054 ἀνατομήν
663 1967 862 2056 ἑρμηνεῦσαι
885 1971 952 2035 τῶν
976 1964 1154 2055 ἀρτηριῶν,
1178 1965 1287 2054 ῶσπερ

138 2077 333 2160 ἔμπροσθεν
355 2076 423 2141 τῶν
446 2072 587 2159 νεύρων.
630 2073 783 2160 έκφόεται
807 2073 869 2160 μὲν
892 2074 955 2161 γὰρ
980 2077 1015 2142 ἐκ
1033 2079 1091 2160 τῆς
1113 2070 1288 2160 ἀριστερᾶς
1303 2097 1327 2135 ιι

138 2185 269 2258 κοιλίας
285 2183 343 2266 τής
360 2185 499 2267 καρδίας
512 2177 652 2266 ἀρτηρία
666 2185 813 2267 μεγίστη,
832 2179 983 2266 καθάπερ
997 2207 1028 2246 τι
1042 2182 1191 2267 πρέμνον
1206 2176 1287 2246 ἁπα-

139 2289 212 2354 σῶν
226 2289 293 2354 τῶν
311 2286 393 2355 κατὰ
411 2287 448 2356 τὸ
465 2291 549 2378 ζῷον
568 2283 744 2375 ἀρτηριῶν.
780 2283 1024 2372 όιποβλαστόνει
1044 2286 1081 2354 δὲ
1101 2283 1165 2360 ἀπὸ
1186 2283 1288 2371 αὐτῆς

179 2477 342 2546 ’ίῶντιθεὶς
365 2484 385 2537 [3
410 2487 489 2552 cett,
517 2483 635 2538 fortasse
659 2479 817 2546 α’ντιτνδελς
843 2485 999 2554 legendum.
1020 2516 1052 2524 —
1083 2491 1114 2538 10
1133 2479 1286 2553 μελήσειΟ

140 2549 272 2623 μελλήσει
283 2553 353 2618 Oei.;
369 2555 403 2609 ci.
419 2555 501 2609 Proli.
514 2573 540 2624 p.
552 2562 594 2610 43.
608 2587 639 2596 -
657 2563 688 2610 16
704 2551 839 2624 καδόπέρ
854 2577 879 2609 τι
895 2555 915 2609 C
931 2555 988 2612 Gai.
1004 2552 1138 2624 καθάπερ
1149 2577 1175 2609 τι
1186 2555 1236 2610 (λι.
1253 2587 1283 2594 -

162 2669 225 2676 ...-
261 2670 314 2675 -...

140 2718 271 2782 trrnieae
295 2721 379 2782 inter
407 2741 441 2781 ee
465 2717 686 2802 conciderent,
715 2719 800 2802 qnod
830 2720 887 2783 ubi
914 2718 1057 2803 primum
1086 2719 1286 2803 contigisset,

139 2847 278 2892 nervum
301 2825 367 2889 iam
391 2847 448 2889 vas
472 2825 583 2890 videri.
629 2825 733 2900 Quam
765 2825 895 2908 quidem
923 2826 1083 2892 rationem
1106 2826 1285 2890 Erasistra-

140 2939 206 3018 tuS,
228 2955 301 2998 eum
324 2935 419 2996 tauta
440 2930 643 3015 impudentia
662 2935 758 3015 atque
777 2931 913 2996 audacia
935 2933 1012 2996 fieta
1030 2937 1125 3016 esset,
1147 2955 1188 2997 ne
1212 2955 1285 2996 eon-

142 3041 306 3105 futatione
329 3039 459 3123 quidem
482 3038 615 3124 dignam
638 3059 708 3102 esse
733 3038 940 3103 existimavit.
1045 3111 1048 3119 ¹

232 3147 305 3232 Ego
335 3168 411 3211 vero
435 3146 587 3230 quoniam
612 3145 711 3208 semel
735 3146 770 3208 in
792 3145 854 3208 hoe
878 3147 990 3230 incidi,
1012 3152 1051 3211 nt
1073 3147 1111 3210 do
1136 3149 1285 3212 omnibus

140 3277 339 3340 quaererem,
361 3275 465 3337 pauou
484 3252 637 3316 adversus
656 3251 875 3335 Praxagoram
899 3253 1093 3336 disputando
1112 3255 1193 3318 mihi
1216 3277 1286 3317 enee

141 3363 225 3427 duco
249 3365 282 3424 et
304 3360 444 3424 maxime
467 3363 653 3443 propterea,
680 3358 765 3444 quod
789 3359 888 3423 etiam
912 3357 1116 3443 Chrysippus
1144 3361 1286 3426 hominis

142 3469 341 3534 mentionem
374 3466 453 3530 feeit
480 3466 611 3549 eiusque
645 3465 875 3530 auctoritatem
907 3467 948 3530 iis
981 3467 1148 3550 opposuit,
1184 3467 1239 3550 qui
1268 3490 1287 3530 a

142 3576 250 3660 eapite
273 3595 390 3640 nervos
417 3574 547 3638 initium
576 3573 697 3637 habere
725 3576 851 3657 putant.
896 3573 981 3638 Nam
1010 3574 1058 3636 ita
1084 3595 1152 3636 rem
1180 3573 1286 3656 ipe-om

142 3705 182 3746 ex
214 3703 386 3766 corporum
415 3680 572 3745 incisione
604 3683 753 3764 oportere
784 3703 818 3744 ee
849 3681 985 3764 habere,
1018 3681 1286 3764 quemadmodum

141 3789 347 3874 Praxagorae
374 3787 495 3872 placet,
527 3787 555 3851 si
585 3788 657 3872 quis
689 3787 904 3872 probabiliter
931 3810 987 3852 eor
1014 3809 1084 3850 esse
1110 3809 1283 3853 nervorum

142 3896 304 3980 originem
328 3895 514 3960 existimare
537 3895 620 3978 vult,
641 3917 681 3959 ne
703 3917 764 3960 nos
788 3895 918 3979 quidem
940 3915 1111 3980 negamus3
1137 3917 1204 3959 non
1232 3917 1286 3957 ou-

142 4007 210 4066 tem
229 4003 278 4066 ita
292 4023 326 4066 ee
344 4001 464 4066 habere
482 4001 560 4066 lieet
573 4001 692 4064 millies
711 4001 778 4066 iam
792 4023 906 4066 rerum
920 4023 1114 4088 cognoscere
1130 4001 1286 4085 cupienti-

143 4109 205 4174 bus
232 4109 269 4174 iu
296 4105 491 4175 ammalibus
524 4108 772 4192 ostenderimus,
798 4113 909 4174 tamen
935 4132 1002 4175 non
1032 4109 1160 4193 pigebit
1187 4107 1287 4171 etiam

143 4217 206 4281 hoo
229 4216 302 4282 loeo
326 4217 518 4281 arteriarum
537 4215 737 4280 anatomiam
756 4238 924 4300 exponere,
947 4217 1032 4280 siout
1056 4219 1152 4278 autea
1174 4236 1285 4278 nervo-

143 4345 224 4388 rum.
280 4323 455 4388 Enaooitur
486 4323 573 4388 enim
601 4345 618 4385 e
650 4323 783 4386 sinistro
817 4323 922 4388 oordis
954 4322 1134 4386 ventriculo
1168 4320 1288 4384 arteria

144 4431 288 4494 maxima
310 4431 400 4495 velut
421 4435 554 4496 trunous
578 4429 707 4514 qnidam
733 4431 924 4493 arteriarum
948 4429 1102 4510 omnium,
1126 4449 1207 4513 quoe
1231 4449 1288 4509 per

198 4545 321 4584 Gelenius·
337 4544 396 4584 Plao.
411 4545 468 4584 Plrr.
481 4549 504 4584 et
518 4545 625 4593 Hippoer.
641 4543 690 4582 libr.
1041 4541 1074 4586 10

1138 4976 1399 5118 s
