3376 5144
863 459 900 470 -
952 423 1105 488 758-

406 585 474 648 τῶν
492 577 692 666 ἀπόσπασμα
711 577 794 646 κατὰ
813 576 850 647 τὸ
871 575 1042 667 άκριάμιον
1066 578 1223 666 ἐχόντων,
1246 575 1331 646 ὥστε
1355 586 1548 665 συγχεῖσθαι

406 685 488 756 κατά
510 691 608 755 τοῦτο
632 684 694 773 τὴν
731 684 916 771 διάγνωσιν
951 688 1020 753 τῶν
1055 683 1317 772 έξαρθρημάτων
1354 688 1400 763 εἰς
1435 682 1548 752 κοινὸν

405 809 545 881 σημεῖον
569 791 821 880 ἀφικνουμένην
834 806 903 872 τοῖς
917 789 1171 880 ἀπεσπασμένον
1189 797 1302 877 έχουσι
1321 790 1358 859 τὸ
1373 789 1549 880 άκριάμιου.

405 897 489 968 llll
512 897 686 968 κάνταῦθα
709 898 822 986 πάλιν,
850 897 930 986 ὅπερ
957 897 1108 967 καθόλου
1132 894 1188 963 διὰ
1210 901 1272 965 τοῦ
1294 897 1377 965 κατὰ
1406 902 1549 985 ίητρεῑου

379 1003 611 1092 εάπεφήνατο,
632 1009 731 1073 τοῦτο
756 1009 821 1072 νῦν
845 1001 897 1091 ἐφ’
924 1002 999 1084 ένὸς
1022 1007 1133 1084 εἴδους
1156 1005 1311 1091 ἐποίησεν
1330 1006 1492 1086 ἐπιδείξας
1511 1002 1550 1070 οὐ

406 1112 514 1198 μόνον
536 1103 557 1200 ᾖ
582 1110 680 1199 ὅμοια
704 1110 743 1179 τὰ
767 1126 884 1198 σημεῖα
908 1115 976 1180 τῶν
999 1110 1062 1179 δύο
1086 1115 1209 1178 παθῶν
1232 1113 1337 1196 ἐστιν,
1365 1108 1449 1178 ἀλλὰ
1472 1111 1524 1178 καὶ
1545 1113 1548 1198 l

341 1211 427 1308 74θῇ
450 1216 602 1306 άνόμοια.
647 1223 742 1304 κοίλη
766 1218 828 1305 μὲν
851 1211 957 1306 οὖνὴ
986 1219 1109 1306 ἐπωμὶς
1136 1219 1188 1285 ἐπὶ
1226 1215 1354 1306 ἀμφοῖν
1390 1223 1550 1304 φαίνεται,

405 1329 474 1393 τῶν
497 1325 533 1393 dl
557 1324 668 1393 ἄλλων
692 1325 953 1414 συμπτωμάτων,
976 1317 1025 1394 ὦν
1047 1323 1108 1416 τὸν
1131 1325 1318 1411 κατάλογον
1342 1330 1486 1411 ἔγραψεν
1500 1325 1548 1390 ἐπὶ

405 1436 473 1500 τῶν
502 1431 758 1520 ἐξηρθρηκότων
786 1429 902 1519 ὤμων,
939 1430 1040 1501 οὐδὲν
1077 1437 1253 1518 συμβαίνει
1291 1430 1373 1498 κατὰ
1410 1430 1450 1498 τὰ
1486 1434 1551 1497 τῶν

368 1567 392 1604 ιο
406 1534 586 1625 άκρωμίων
608 1535 864 1625 άποσπάσματα,
897 1540 970 1626 περὶ
994 1531 1043 1607 ὧν
1066 1537 1147 1606 κατὰ
1171 1535 1234 1625 τὴν
1256 1537 1549 1626 προγεγραμμένην

407 1647 505 1730 ῥῆσιν
529 1642 635 1724 οὕτως
658 1643 739 1712 εἶπε·
781 1647 891 1713 ‘coito
929 1645 981 1728 δέ,
1017 1648 1078 1712 τοῦ
1114 1645 1357 1725 ἐκπεπνευκότος
1393 1643 1412 1712 ὁ
1442 1641 1550 1730 άγκώυ

407 1753 572 1836 (φαίνεται
600 1748 766 1838 άφεστεώς
788 1755 916 1838 μᾶλλον
940 1747 1003 1820 άπὸ
1027 1754 1095 1819 τῶν
1113 1752 1284 1839 πλευρέων
1307 1748 1327 1839 ἢ
1350 1755 1414 1819 τοῦ
1433 1751 1551 1837 ἑτέρου.

407 1858 451 1924 ἐἰ
471 1858 585 1944 μέντοι
608 1884 658 1936 τις
680 1857 962 1945 προσαναγκάζον,
994 1857 1193 1945 προσάγεται
1217 1859 1295 1946 μέν,
1318 1858 1485 1937 ἐπιπόνως
1508 1858 1551 1924 δέ.

408 1966 518 2032 ‘corito
538 1965 586 2048 δι’,
609 1962 679 2032 άνω
703 1962 765 2052 τὴν
787 1979 880 2052 χεῖρα
905 1962 1011 2052 άεῖραι
1037 1970 1149 2032 ἰθεῖαν
1172 1963 1260 2051 παρά
1284 1963 1321 2033 τὸ
1346 1957 1405 2045 οὖς
1430 1965 1551 2032 έκτετα-

370 2071 525 2157 ιε’μέυου
560 2074 622 2138 τοῦ
659 2067 810 2156 ἀγκῶνος
847 2068 889 2139 οὐ
924 2071 1012 2160 μάλα
1049 2071 1190 2140 δύναται
1228 2069 1336 2158 ὥσπερ
1369 2070 1433 2158 τὴν
1460 2068 1551 2157 ὑγιέα

407 2173 498 2245 ὀὐδὲ
520 2176 684 2264 παράγειν
706 2183 792 2246 ἔνθα
814 2179 868 2245 καὶ
893 2183 978 2246 ἔνθα
1001 2176 1144 2266 ὁμοίως]
1193 2181 1297 2246 ταῦτα
1323 2177 1385 2265 μέν
1415 2178 1553 2245 ἐπὶτῶν

442 2423 606 2495 4ἰητρειον
624 2427 712 2482 Μ.-
734 2422 819 2495 olp'
839 2444 893 2482 om.
913 2426 1057 2494 ABChK;
1076 2427 1111 2482 cf.
1131 2427 1214 2483 Proll.
1216 2445 1260 2511 p.
1281 2434 1376 2482 111).-
1400 2423 1473 2483 Θτά
1491 2432 1553 2497 post

406 2496 478 2553 κατά
498 2517 551 2554 om.
572 2499 657 2553 M.—
679 2507 712 2554 10
731 2497 1098 2568 προογεγραμμένηνΜ-
1122 2506 1151 2552 11
1172 2494 1274 2553 τούτου
1293 2498 1373 2553 codd
1388 2499 1452 2553 edd.
1473 2501 1552 2552 τοῦτο

406 2571 538 2625 Corn.-
564 2565 697 2652 eldrade
717 2571 809 2623 Μ.-
832 2577 868 2654 12
889 2570 1016 2637 πλευρῶν
1035 2571 1113 2624 codd.
1134 2569 1248 2624 edd.-·
1280 2577 1312 2624 11
1335 2570 1421 2624 τοῦτο
1445 2589 1498 2624 om.
1518 2571 1551 2624 ll.

408 2673 439 2680 -
456 2637 541 2722 α’ῖγραι
558 2635 609 2708 τὴν
624 2648 711 2709 χειρα
720 2637 839 2695 ΜΑΒ’
821 2649 952 2724 αεῐραιτ
969 2661 992 2710 χ.
1009 2641 1119 2697 ChKa.
1134 2661 1158 2710 χ.
1174 2648 1269 2709 αειραι
1284 2659 1389 2696 nos
1415 2649 1447 2696 15
1462 2660 1551 2706 ωσπερ

406 2713 455 2765 καὶ
474 2708 526 2778 τὴν
545 2712 625 2766 codd.
645 2713 706 2766 cdd.
727 2706 819 2779 ὥσπερ
838 2708 889 2780 τὴν
909 2731 967 2766 nos.
988 2744 1021 2752 —

406 2951 480 2994 nem
503 2929 538 2993 in
562 2949 689 2994 summo
713 2927 848 2993 humero
872 2929 960 3014 passi
984 2933 1069 3014 sunt,
1093 2935 1130 2993 ut
1147 2929 1209 2994 hac
1232 2932 1359 2998 ratione
1379 2933 1550 3000 confunda-

406 3042 460 3101 tur
481 3037 667 3102 luxatorum
692 3036 850 3122 cognitiO,
878 3060 952 3102 cum
976 3039 1106 3123 signum
1133 3037 1254 3103 habeat
1282 3062 1454 3106 commune
1482 3065 1550 3107 cum

405 3144 461 3229 iis,
494 3144 549 3230 qui
582 3166 744 3209 summum
776 3143 946 3208 humerum
981 3145 1103 3210 habent
1133 3147 1289 3211 avulsum.
1345 3146 1469 3214 Verum
1501 3149 1550 3215 hic

406 3273 548 3336 quoque,
571 3250 656 3335 quod
679 3251 860 3337 generatim
883 3251 919 3316 in
944 3252 1029 3317 libro
1058 3254 1096 3318 de
1119 3253 1235 3318 medici
1260 3254 1392 3319 officina
1415 3279 1550 3341 pronun·

405 3358 510 3442 davit,
533 3359 566 3424 id
589 3379 674 3422 nunc
696 3356 731 3422 in
754 3379 820 3420 una
843 3357 949 3441 speeie
973 3360 1101 3444 statuit,
1124 3383 1189 3426 non
1213 3362 1324 3445 modo,
1347 3383 1411 3445 qua
1435 3364 1550 3428 similia

407 3469 515 3530 essent
537 3466 672 3530 duarum
697 3465 904 3529 affectionum
928 3466 1035 3551 signe,
1062 3467 1254 3552 sedetiam,
1282 3491 1345 3553 qua
1373 3469 1551 3550 dissimilia,

407 3573 642 3638 demonstrans.
702 3569 854 3636 Concava
891 3573 1020 3657 quidem
1050 3575 1197 3658 superior
1233 3597 1308 3659 pars
1342 3577 1377 3640 in
1409 3577 1551 3660 utrisque

408 3685 557 3769 apparet3
582 3679 638 3744 alii
662 3683 771 3744 temen
791 3701 894 3763 casus,
917 3704 996 3764 quos
1017 3682 1055 3745 de
1075 3682 1193 3746 luxatis
1214 3682 1357 3747 humeris
1378 3687 1552 3762 enumerat,

407 3810 472 3854 non
496 3787 646 3852 accidunt
669 3787 702 3851 in
726 3787 845 3852 summi
865 3787 992 3852 humeri
1012 3789 1244 3873 evulsionibus,
1268 3789 1306 3853 de
1330 3790 1448 3874 quibus
1473 3789 1549 3854 casi-

407 3896 478 3979 bus,
501 3898 537 3959 ut
561 3916 660 3978 supra
682 3894 804 3978 rettuli,
826 3895 873 3958 ita
897 3895 1041 3979 scripsit:
1073 3896 1257 3960 ‘Praeterea
1279 3897 1382 3961 luxati
1406 3897 1549 3963 cubitum

408 4004 545 4086 apparet
567 4001 672 4086 magis
701 4024 721 4065 a
749 4002 847 4066 costis
876 4023 972 4085 quam
1003 4003 1044 4067 ab
1073 4004 1176 4068 altero
1205 4003 1333 4068 distare.
1381 4003 1416 4069 Si
1443 4007 1549 4068 temen

407 4108 472 4172 rim
497 4107 659 4192 attuleris,
683 4108 872 4173 admovetur
900 4109 1044 4195 quidem,
1068 4111 1122 4174 sed
1151 4133 1224 4176 eum
1253 4111 1372 4177 dolore.
1419 4110 1551 4176 Accedit

409 4215 495 4300 quod
518 4237 647 4280 sursum
670 4215 754 4280 idem
779 4238 911 4281 manum
935 4221 1056 4282 rectam
1085 4217 1126 4281 ed
1150 4239 1261 4282 aurem
1284 4219 1393 4284 cubito
1422 4219 1549 4284 extento

408 4322 495 4387 haud
517 4323 565 4388 ita
592 4326 702 4408 potest
729 4324 878 4389 attollere
906 4325 1037 4408 perinde
1062 4348 1099 4390 ae
1128 4347 1240 4391 sanem
1273 4349 1375 4411 neque
1403 4325 1549 4390 similiter

409 4429 472 4493 huc
496 4431 528 4493 et
551 4429 627 4494 illue
651 4430 839 4495 traducere?
875 4431 964 4495 Haec
984 4431 1017 4496 in
1036 4431 1154 4496 luxatis
1175 4433 1243 4495 lieri
1263 4432 1469 4497 manifestum
1488 4434 1546 4514 σείς
