3300 5146
780 379 1021 443 -286-

321 549 392 614 τοῖς
410 532 551 621 ἀνδράσι
571 537 734 601 τοσοῦτον
752 529 836 620 ὑπὲρ
853 533 933 614 τοὺς
951 532 1074 613 ἀλλους
1093 533 1252 622 ἐπιστήμῃ
1275 533 1339 620 τήν
1361 534 1473 622 ψυχήν

320 641 578 728 κεκοσμημένοις
624 637 735 718 οὐδεὶς
779 643 863 708 νοῦν
910 646 996 727 ἔχων
1038 638 1149 720 ἁπλῶς
1190 644 1344 708 εἰποῦσιν
1384 637 1475 722 ἀξιοῖ

318 748 497 832 πιστεύειν,
521 744 604 815 ἀλλὰ
627 744 782 834 ἀναμένει
807 745 869 832 τήν
892 744 1073 829 ἀπόδειξιν.
1110 745 1128 815 δ
1153 749 1193 814 δέ
1213 774 1250 833 γε
1274 747 1471 834 Χρύσιππος

320 847 368 922 ὦν
399 854 461 942 μὲν
495 845 589 921 οὗτοι
622 855 778 940 λέγουσιν
810 850 1013 934 ἀποδείξεων
1045 852 1128 940 ὑπὲρ
1160 857 1221 921 τοῦ
1249 857 1472 942 προκειμένου

293 962 486 1049 ιδόγματος
517 959 594 1028 οὔτε
622 959 869 1048 ἐμνημόνευσεν
897 957 1056 1048 οὐδεμιᾶς
1088 960 1165 1029 οὔτε
1193 962 1373 1048 ἐξελέγχειν
1400 963 1470 1028 έπε-

318 1075 487 1157 γείρησεν,
516 1065 577 1136 οὐκ
605 1071 745 1135 αἰδεῖται
774 1067 811 1134 δὲ
838 1068 1003 1154 Τυρταῖόν
1031 1093 1065 1136 τε
1089 1069 1144 1136 καλ
1168 1074 1381 1154 Στησίχορον
1404 1068 1472 1134 ἐπι-

317 1175 524 1264 καλούμενος
546 1175 730 1263 μάρτυρας,
758 1171 817 1253 οὓς
840 1180 870 1242 εἰ
896 1175 950 1242 κοιλ
976 1179 1098 1257 ζῶντας
1121 1173 1218 1263 ήρετό
1240 1201 1305 1259 τις,
1334 1179 1366 1241 εί
1395 1175 1470 1261 περὶ

317 1288 376 1370 τής
402 1282 534 1352 τούτων
566 1285 634 1350 τῶν
661 1281 838 1369 δογμάτων
867 1280 1046 1368 ἐπιστήμης
1072 1277 1359 1368 ἀμφισβητοῦσιν,
1394 1283 1470 1362 ἔξω·

252 1407 309 1462 820
319 1391 550 1478 μολογήσαντο
574 1385 618 1456 ἀν
642 1380 680 1456 εὖ
703 1385 769 1455 οἷδ’
795 1386 845 1457 ὅτι
869 1389 975 1476 μηδὲν
999 1390 1126 1456 έπαΐειν
1144 1385 1268 1472 αὐτῶν,
1288 1388 1293 1476 Ι
1313 1384 1408 1454 αὐτοὶ
1433 1386 1470 1454 δὲ

279 1521 304 1556 1⁰
318 1501 446 1584 μᾶλλον
470 1495 524 1582 ἀν,
548 1494 654 1584 οἶμαι,
676 1494 766 1583 παρὰ
786 1503 984 1583 Χρυσίππου
1006 1521 1037 1562 τι
1056 1504 1180 1582 μαθεῖν
1203 1490 1222 1581 ἢ
1246 1493 1334 1582 παρὰ
1358 1490 1471 1561 αὑτῶν

318 1601 553 1672 ἀποδεικνύειν
576 1601 734 1690 ἠξίωσαν.
779 1601 848 1669 εἶτα
878 1601 1007 1690 δηλαδή
1032 1601 1227 1689 Χρύσιππος
1249 1597 1293 1668 ἀν
1316 1600 1368 1668 ἐπὶ
1391 1597 1470 1678 τοὺς

320 1709 455 1790 ἰδιώτας
477 1703 559 1796 ήγεν
581 1708 721 1794 αὐτούς,
745 1707 763 1778 δ
788 1708 894 1795 σοφὸς
918 1710 969 1777 ἐπὶ
992 1708 1073 1788 τοὺς
1095 1705 1251 1796 ἀμαθεῖς,
1279 1705 1297 1775 ὁ
1322 1707 1469 1793 σιδφροιν

320 1817 372 1884 ἐπὶ
394 1815 476 1895 τοὺς
501 1819 741 1904 μαινομένους,
770 1814 787 1886 ὁ
812 1817 922 1903 λόγων
952 1814 1161 1884 ἀκολουθίαν
1189 1815 1285 1894 εἰδὼς
1312 1816 1364 1882 έπλ
1391 1812 1471 1892 τοὺς

320 1925 587 2010 διαφερομένους
619 1922 703 2010 πρὸς
734 1921 899 2011 ἀλλήλους
926 1951 960 1991 τε
990 1925 1045 1990 κοιλ
1079 1921 1217 2001 ἑαυτοὺς
1248 1919 1330 1990 κατὰ
1362 1921 1469 1988 πάντα

280 2053 306 2092 ιε
320 2028 438 2118 καιρὸν
462 2031 499 2097 έν
522 2031 635 2117 λόγοις
656 2057 691 2098 τε
714 2029 782 2118 ἅμα
804 2031 859 2098 καὶ
882 2030 1050 2117 πράξεσιν.
1095 2027 1178 2097 ἀλλά
1202 2033 1232 2096 εἰ
1253 2028 1307 2096 καλ
1331 2029 1470 2114 μαίνον·

319 2163 372 2203 ται
395 2134 435 2202 τά
458 2136 568 2205 πάντα
591 2139 645 2206 καὶ
666 2140 883 2226 διαφέρονται
906 2135 990 2225 πρὸς
1013 2135 1177 2224 ἀλλήλους
1197 2161 1232 2203 τε
1255 2136 1311 2202 καὶ
1331 2133 1470 2212 ἑαυτοὺς

322 2267 464 2274 --—------
480 2269 532 2274 -..-

355 2316 601 2387 Ξκεκοσμημένος
623 2318 654 2373 Ρ.
678 2347 711 2357 -
736 2326 752 2372 6
776 2311 809 2372 οὗ
835 2317 884 2371 καλ
907 2319 998 2370 δεῖται
1022 2317 1051 2369 P.
1077 2348 1108 2355 -
1141 2320 1281 2384 Τυρταῖον
1304 2313 1353 2367 κοιλ
1377 2316 1408 2370 P.
1435 2345 1467 2353 —

321 2394 335 2442 'I
355 2383 393 2450 ἀς
412 2387 440 2442 εἰ
456 2389 486 2444 P.
507 2421 540 2428 -
564 2383 648 2456 ἤρετό
668 2409 709 2450 τις
728 2388 756 2443 ελ
772 2390 822 2472 τής
840 2389 905 2456 περὶ
924 2384 1031 2442 τούτων
1050 2387 1165 2442 FPMA
1183 2383 1211 2455 ή
1231 2407 1254 2440 τ.
1277 2382 1469 2452 περὶτούτων

319 2459 424 2514 BOhK
443 2454 470 2528 ἠ.
489 2481 540 2527 τις,
559 2459 586 2514 εἰ
602 2461 667 2528 περὶ
685 2461 735 2528 τῆς
752 2480 861 2514 τουτων
880 2477 943 2524 νοις
963 2459 1215 2528 cf.Progr.II,19.
1235 2488 1268 2498 -
1292 2464 1308 2512 9
1327 2457 1357 2512 in
1375 2458 1469 2512 verbis

320 2526 434 2586 ἐπαΐειν
453 2525 549 2585 αὐτῶν
568 2531 655 2586 desin.
671 2535 793 2602 excerpt.
812 2532 878 2586 VIII
898 2532 976 2586 codd.
996 2531 1053 2586 FP.
1074 2563 1106 2571 -
1133 2538 1165 2585 10
1184 2523 1254 2596 παρ’
1274 2523 1370 2583 αὐτῶν
1389 2529 1468 2584 codd.

319 2603 382 2657 edd.
402 2598 479 2671 παρὰ
499 2597 596 2657 αὐτῶν
615 2620 673 2659 nos.
694 2635 726 2643 —

321 2803 474 2868 superare
508 2783 560 2848 uel
597 2783 911 2850 demonstrationum
950 2787 1102 2850 ornatum
1139 2784 1268 2867 assequi
1301 2787 1467 2867 poterunt3

319 2895 520 2967 nontamen
546 2892 598 2956 vel
626 2891 678 2955 his
708 2892 801 2974 viris,
831 2892 886 2975 qui
910 2892 1006 2976 longe
1031 2891 1104 2956 aliis
1134 2891 1270 2954 scientia
1298 2892 1468 2974 praestite-

320 2998 402 3081 rint,
432 2999 459 3062 si
488 2997 565 3083 quid
594 2997 743 3063 absolute
772 2997 925 3081 dincrint,
953 2999 1139 3083 quisquam,
1166 2998 1221 3082 qui
1250 2983 1336 3062 re'cte
1360 2999 1468 3081 sentit,

320 3105 417 3170 fidem
448 3103 568 3169 hebere
599 3104 682 3188 vult,
714 3104 770 3168 sed
801 3106 1029 3188 probationem
1064 3108 1240 3190 exspectat.
1290 3105 1335 3170 At
1363 3103 1466 3190 Chry·

322 3213 434 3296 sippus
463 3233 503 3276 ne
532 3234 630 3275 unam
658 3211 787 3296 quidem
811 3212 1121 3277 demonstrationem
1145 3235 1183 3276 ex
1207 3211 1288 3295 illis,
1315 3234 1394 3296 quas
1417 3211 1467 3276 illi

321 3318 359 3381 de
387 3318 557 3402 proposito
586 3318 715 3384 decreto
743 3319 936 3403 attuleram,
963 3342 1023 3384 nec
1046 3319 1145 3383 refert
1168 3342 1227 3385 nec
1251 3319 1385 3402 refellit,
1412 3319 1467 3382 sed

320 3424 497 3508 Tyrtaeum
526 3429 559 3488 et
583 3423 805 3491 Stesichorum
834 3426 874 3490 ad
903 3427 1128 3492 testImonium
1152 3448 1267 3490 vocare
1290 3448 1356 3490 non
1379 3447 1466 3490 vere-

320 3535 382 3614 tur,
406 3532 461 3617 qui
485 3533 513 3596 si
537 3533 683 3597 viverent
705 3534 1060 3619 interrogarenturque,
1082 3533 1241 3599 horumne
1265 3533 1466 3598 decretorum

320 3639 358 3702 de
392 3639 540 3704 doctrina
577 3641 825 3725 altercarentur,
861 3641 1041 3705 faterentur
1079 3641 1148 3704 sine
1185 3639 1284 3706 dubio
1318 3663 1351 3704 se
1382 3640 1467 3705 nihil

320 3745 436 3811 harum
463 3769 571 3810 rerum
599 3747 803 3831 intellegere,
831 3746 894 3831 ipsi
923 3751 1044 3830 autem,
1073 3748 1202 3831 opinor,
1233 3771 1249 3810 n
1280 3745 1466 3832 Chrysippo

319 3853 443 3937 ahquid
475 3852 598 3918 discere
630 3876 728 3938 quam
761 3877 798 3917 ex
831 3876 901 3917 sese
935 3853 1158 3918 demonstrare
1190 3854 1335 3919 mallent.
1385 3854 1467 3919 Tum

320 3959 525 4044 Chrysippus
562 3959 621 4024 hos
659 3960 698 4024 ad
734 3961 904 4044 imperitos
942 3961 1091 4025 homines
1128 3960 1253 4025 scilicet
1288 3961 1467 4044 deduceret,

318 4067 433 4132 doctus
456 4066 497 4131 ad
520 4067 683 4150 indoctos,
711 4067 851 4150 prudens
876 4068 915 4131 ad
939 4067 1148 4150 insanientes,
1171 4067 1331 4132 rationum
1359 4089 1468 4133 conse-

319 4176 460 4240 cutionis
484 4175 607 4259 peritus
632 4175 671 4238 ad
696 4197 765 4258 eos,
789 4175 843 4257 qui
867 4197 932 4240 non
956 4174 1052 4238 modo
1078 4197 1150 4239 oum
1173 4174 1260 4258 aliis,
1289 4174 1344 4239 sed
1368 4175 1467 4239 etiem

319 4306 427 4347 secum
449 4283 536 4347 omni
556 4287 702 4367 tempore
723 4285 756 4345 et
774 4282 808 4345 in
827 4282 934 4346 verbis
954 4281 1038 4345 etin
1058 4282 1241 4346 actionibus
1260 4281 1466 4346 dissentiunt

321 4390 442 4466 Quodsi
485 4391 584 4454 etiam
621 4411 754 4474 prorsus
792 4389 959 4453 insaniant
994 4391 1027 4452 et
1063 4411 1172 4452 secum
1213 4393 1246 4453 et
1282 4410 1355 4452 cum
1393 4387 1467 4452 aliis
