3212 5146
530 459 571 470 -
619 423 682 486 607
731 459 771 469 -

48 577 152 666 εἐόρα
181 578 252 667 γὰρ
276 579 327 646 ἐπὶ
355 587 360 662 Ι
388 582 457 646 τῶν
478 577 560 646 κατὰ
587 577 648 646 τὸν
670 581 804 666 apciton
828 577 1021 646 arietatos
1047 599 1222 667 τιτρωσκο·
1232 599 1290 654 olo

48 687 182 768 ιιένιον
210 682 348 772 borist
327 711 394 771 αμα
418 688 463 776 τῷ
494 688 706 771 διαιρεθῆναι
730 683 793 770 τὴν
815 683 960 772 μήνιγγα
984 681 1143 814 ιἰκινηφον
1166 684 1224 754 αὐ-

48 799 136 860 τίκα
164 791 208 860 τὸ
236 795 320 882 ζῷον
348 789 539 877 γινόμενον.
584 787 667 859 ἀλλὰ
696 787 738 858 οὐ
763 793 809 880 τῷ
837 789 939 858 πόθει
966 795 1025 878 τῆς
1051 791 1222 878 μήνιγγος,

49 896 149 966 ἀλλὰ
171 901 224 988 τῷ
244 899 459 985 γυμνοῦσθαι
477 895 541 983 τὴν
560 894 665 965 ὀπίσω
684 903 815 966 κοιλίαν
834 903 960 983 γίνεται
979 901 1088 966 τοῦτο.
1120 902 1225 986 δῆλον

51 1005 99 1071 δέ
125 965 229 1070 ἐστίν
252 1005 287 1070 ἐκ
308 1007 371 1071 τοῦ
393 1001 475 1070 κατὰ
503 1000 611 1070 πάντα
633 995 735 1071 τᾶλλα
758 1003 840 1090 μέρη
864 1002 927 1091 τὴν
949 1003 1094 1090 μήνιγγα
1116 1005 1250 1092 aptitus

51 1113 231 1178 τοιοῦτον
257 1111 524 1196 τιτρωσκομένηυ
548 1107 753 1196 ἐργάζεσθαι.
797 1111 870 1198 περὶ
894 1109 956 1197 μὲν
980 1101 1043 1178 οὖν
1066 1115 1123 1200 τῆς
1146 1109 1225 1200 ὅλης

54 1215 209 1302 φύσεως
233 1215 419 1302 ἐγκεφάλου
447 1213 503 1283 διὰ
527 1215 648 1302 ἑτέρων
675 1217 801 1301 λέγεται
825 1221 1072 1303 πραγματειῶν,
1098 1217 1138 1286 τὰ
1162 1219 1225 1306 μὲν

58 1325 96 1403 ἐξ
128 1319 306 1410 ἀνατομῆς
333 1321 522 1409 φαινόμενα
551 1325 632 1388 κατὰ
662 1319 725 1408 τὴν
754 1325 822 1390 τῶν
845 1319 1057 1410 ἆνατομικῶν
1080 1324 1223 1412 ἐγχειρή·

60 1449 176 1514 σεων,
207 1427 229 1516 ἡ
254 1429 291 1496 δέ
314 1435 407 1516 χρεία
429 1431 487 1516 τῆς
509 1431 712 1556 κατασκεφῆς
739 1427 879 1496 ἑκάστου
901 1432 970 1497 τῶν
991 1433 1102 1516 μελῶν
1125 1431 1222 1498 έν
1183 1457 1222 1518 τῃ

61 1535 144 1622 περὶ
171 1543 286 1623 χρείας
307 1541 436 1664 μορίων
459 1543 597 1622 εἴρηται,
620 1530 682 1602 οὐκ
705 1530 801 1620 ὀλίγα
825 1533 862 1602 ‹it
890 1531 954 1602 xciv
975 1549 1047 1614 τοῖς
1069 1536 1204 1623 περὶ
1165 1563 1223 1623 της
1238 1563 1263 1600 ιο

59 1638 356 1730 Ἰπποκρότους’
338 1644 505 1728 ανατομῆς
530 1637 781 1727 ὑπομνήμασιν·
814 1641 851 1708 έν
878 1639 915 1708 ‹it
942 1645 987 1732 τῷ
1015 1641 1156 1730 παρόντι
1183 1642 1223 1712 τὰ

68 1745 224 1835 χρήσιμα
246 1746 334 1835 μόνα
361 1745 444 1834 πρὸς
469 1745 509 1814 τὰ
537 1753 738 1833 προκείμενα
762 1747 942 1834 διεᾚρχομαι
986 1751 1055 1816 τῶν
1082 1748 1146 1836 γάρ
1171 1777 1223 1818 τοι

69 1852 212 1941 νεύρων
245 1851 479 1940 ίκπεφνκότων
516 1852 701 1940 ἐγκεφάλου
736 1879 770 1921 τε
802 1855 857 1921 καλ
888 1857 957 1922 τῶν
988 1855 1224 1943 περικειμένων

70 1957 166 2050 αὐτῷ
191 1966 366 2047 μηνίγγων
389 1959 445 2027 διὰ
468 1959 530 2047 μέν
551 1963 610 2046 τῆς
631 1959 714 2028 κατὰ
736 1959 796 2028 τὸν
820 1961 1004 2047 ἐγκέφαλον
1027 1959 1225 2048 ἀποφόσεως

73 2065 94 2151 ἦ
119 2091 155 2132 τε
181 2074 339 2152 αἴσθησις
362 2063 462 2133 ἅπασι
484 2081 555 2145 τοῖς
576 2067 686 2153 μέλεσι
710 2068 764 2134 καλ
789 2063 807 2152 ἡ
831 2072 961 2153 κίνησις
982 2082 1182 2154 χορηγεῖται,
1205 2065 1264 2137 διε

78 2171 116 2236 δὲ
152 2170 308 2258 ἑκατέρας
334 2174 402 2240 τῶν
429 2177 603 2258 μηνίγγων
636 2173 725 2240 torio
752 2169 1005 2261 όποβλόστημα,
1032 2175 1094 2261 τὴν
1121 2171 1226 2262 αὐτὴν

76 2282 195 2364 χρείαν
218 2278 351 2366 παρέχει
374 2291 443 2356 τοῖς
466 2275 611 2364 νεύροις,
640 2276 743 2366 ἤνπερ
772 2277 940 2370 ἐγκεφάλῳ
964 2294 1122 2368 παρεῖχον
1146 2283 1226 2350 ἐκεῖ·

116 2499 133 2546 4
152 2487 183 2546 τὸ
203 2491 383 2563 γυμνοῦσθαι
402 2490 438 2545 Μ.
459 2521 491 2530 -
514 2496 546 2545 10
565 2483 620 2545 κᾶν
638 2491 702 2562 περὶ
721 2491 770 2560 τῆς
783 2491 820 2546 M.
841 2521 873 2531 —
896 2500 925 2548 11
948 2488 1123 2562 λ’πιιοκρότου
1138 2495 1224 2550 11.-

83 2709 148 2773 mal
177 2709 271 2774 effici.
320 2707 462 2772 Videbat
492 2707 647 2778 nimirum
676 2708 710 2772 in
741 2708 845 2774 bobus
877 2711 911 2774 in
943 2711 1050 2796 prima
1076 2711 1226 2777 vertebra

85 2815 261 2880 vulneratis
281 2815 403 2890 statim,
422 2814 479 2879 ubi
498 2814 688 2880 membrana
706 2813 812 2880 divisa
831 2820 924 2900 esset,
943 2819 1068 2882 motum
1086 2817 1225 2882 interire.

85 2921 120 2984 Id
153 2925 261 2988 tamen
289 2943 355 2986 nou
383 2943 421 2986 ex
452 2921 596 2988 laesione
627 2920 848 3004 membranae,
881 2923 937 2986 sed
969 2945 1007 2988 ex
1036 2924 1225 3008 posterioris

88 3027 253 3092 ventriculi
280 3027 456 3094 nudatione
485 3027 616 3112 accidit,
646 3026 731 3112 quod
761 3027 811 3092 vel
834 3028 908 3093 inde
937 3030 1143 3113 perspicuum
1167 3035 1227 3114 cst,

90 3133 170 3218 quod
198 3134 401 3218 membrana,
428 3133 506 3199 licet
534 3133 608 3200 aliis
636 3134 787 3199 omnibus
819 3133 854 3200 in
880 3135 1029 3218 partibus
1057 3136 1226 3202 vulnerata

90 3241 139 3326 sit,
160 3239 240 3306 nihil
263 3241 330 3306 tale
349 3241 458 3306 efficit.
494 3239 616 3306 Verum
640 3240 678 3305 de
701 3244 773 3306 bota
791 3241 915 3306 cerebri
937 3245 1055 3308 natura
1072 3243 1226 3327 quoniam

90 3347 158 3412 aliis
181 3348 213 3411 in
235 3347 329 3412 libris
352 3346 537 3431 disputatur
559 3351 656 3432 atque
680 3347 875 3432 ecquidem,
897 3370 980 3433 quae
1004 3371 1042 3414 ex
1061 3350 1226 3416 anatomia

92 3453 255 3517 manifesta
278 3455 362 3536 sunt,
385 3453 419 3517 in
443 3475 549 3539 opere,
572 3454 656 3538 quod
676 3459 726 3518 est
744 3454 782 3519 de
806 3456 998 3519 anatomicis
1021 3455 1225 3522 administra·

93 3559 243 3644 tionibus,
270 3579 364 3643 quem
390 3581 482 3624 usum
507 3560 661 3645 cuiusque
685 3559 822 3625 membri
846 3563 1008 3626 structura
1031 3561 1164 3648 habeat,
1190 3562 1226 3629 in

94 3687 137 3748 eo,
158 3663 238 3750 quod
261 3664 299 3729 dc
323 3687 383 3730 usu
401 3647 543 3750 partium
563 3671 622 3752 est,
644 3688 710 3732 non
732 3687 836 3751 pauca
853 3666 990 3752 denique
1013 3669 1047 3732 in
1070 3669 1163 3734 libris
1186 3669 1225 3734 dc

95 3771 248 3837 anatomia
271 3769 482 3857 Hippocratis
506 3775 649 3839 tractata
672 3777 756 3858 sunt,
780 3772 813 3836 in
836 3774 1000 3856 praesenti
1023 3795 1062 3838 ca
1088 3777 1226 3860 tantum,

95 3899 169 3963 quoe
190 3877 228 3942 ad
250 3899 319 3943 rem
342 3879 546 3963 propositam
569 3880 665 3946 utilia
688 3884 771 3961 sunt,
794 3901 977 3965 persequor.
1019 3879 1100 3946 Cum
1122 3881 1226 3967 igitur

96 3986 178 4050 nervi
198 4007 217 4050 a
238 3986 368 4051 cerebro
393 3989 425 4050 et
453 3986 650 4052 membranis
674 3985 707 4051 id
734 3986 953 4051 ambientibus
981 3989 1140 4074 oriantur,
1167 4011 1225 4074 per

98 4097 209 4177 partem
237 4113 323 4174 eam,
354 4113 436 4176 quae
460 4113 497 4156 ex
530 4092 662 4158 cerebro
694 4093 817 4177 prodit,
851 4098 883 4157 et
911 4115 1022 4158 sensus
1052 4099 1085 4158 ct
1116 4099 1224 4162 motus

98 4199 231 4266 omuibus
254 4199 408 4264 membris
432 4197 671 4283 suppeditatur,
698 4220 780 4283 quac
804 4203 912 4264 autem
936 4200 1102 4284 utriusque
1125 4223 1223 4267 mem·
1297 4283 1304 4296 ⁹

99 4307 203 4372 branae
221 4325 366 4391 propago
386 4310 444 4388 est,
463 4304 598 4370 condem
618 4327 712 4372 usum
731 4307 838 4370 nervis
857 4305 1001 4390 praebet,
1019 4327 1114 4390 quem
1133 4307 1223 4392 ipsae

101 4413 287 4478 membranae
324 4412 456 4478 cerebro
492 4415 669 4496 praestant.
728 4412 847 4494 Quare,
884 4411 1014 4474 etiamsi
1050 4415 1222 4499 utramque
