3166 5192
545 457 789 522 —549-

87 641 146 682 ται
173 616 241 682 τόν
269 615 304 682 ἐκ
331 617 389 700 τῆς
415 611 561 700 κυούσης
589 609 697 696 ὑλῶν,
729 609 750 699 ή
779 611 816 680 δέ
839 609 922 699 ἀρχή
951 615 1019 680 τῶν
1045 612 1177 702 νεύρων
1201 611 1243 684 ού

91 725 209 789 δεῖται.
261 722 424 788 δέδεικται
454 718 490 786 δέ
518 716 581 787 κάν
608 733 678 798 τοῖς
705 723 897 806 ἔμπροσθεν
925 717 989 806 ήδη
1020 718 1132 806 λόγοις
1158 716 1241 808 ὑπὲρ

90 832 154 896 τοῦ
185 827 225 895 τδι
258 829 395 915 μέγιστα
427 829 495 894 τιδν
526 823 671 912 ἀγγείων
707 821 810 914 ἀρχὰς
842 823 929 895 εἶναι
958 841 1030 905 τοῖς
1062 825 1241 894 ἐλάττοσιν.

88 932 176 1002 ὥστε
199 934 254 1002 καί
277 931 298 1020 ἡ
323 935 359 1001 ἐκ
380 937 442 1003 τοῦ
465 931 588 1020 ήπατος
615 933 803 1020 ἐκφυομένη
832 932 921 1019 φλὲψ
948 930 1030 1022 ἀρχιΙ
1059 946 1131 1012 ταῖς
1157 931 1241 1001 κατδι

86 1040 126 1110 τὸ
158 1039 278 1128 χόριον
307 1037 449 1119 άπάσαις
480 1041 585 1124 ἐστίν,
618 1037 728 1126 ὥσπερ
760 1065 797 1126 γε
824 1040 879 1108 καί
907 1036 927 1126 ἡ
957 1041 992 1107 ἐκ
1017 1042 1077 1126 τής
1103 1044 1268 1127 καρδίαςσ

87 1145 241 1234 ἀρτηρία.
286 1147 341 1214 καί
369 1145 433 1235 γὰρ
461 1145 516 1214 καί
547 1143 631 1232 αὕτη
654 1159 726 1225 ταῖς
752 1145 834 1214 κατὰ
862 1145 899 1214 τὸ
932 1144 1049 1233 χόριον
1077 1143 1238 1236 άπάσαιςΙ

87 1267 227 1342 χορηγεῖ
252 1256 310 1340 τῆς
338 1257 461 1332 οἰκείας
493 1250 679 1340 δυνάμεως,
712 1247 773 1320 ούκ
801 1254 924 1321 ἐκεῖναι
951 1251 1064 1342 ταύτῃ.
1114 1253 1149 1320 ἐκ
1176 1251 1307 1342 γάρῡὸο

88 1365 152 1428 τοῦ
179 1361 365 1447 σπέρματος
391 1356 412 1446 ἡ
447 1355 531 1445 ἀρχὴ
560 1372 630 1438 τοῖς
661 1358 818 1446 ἐμβρύοις
846 1360 914 1428 ἐστὶ
943 1363 1012 1427 τῶν
1039 1363 1241 1428 διοικουσωυ

90 1464 176 1535 αὐτὰ
200 1465 388 1554 δυνάμεων,
412 1461 474 1534 ούκ
497 1465 532 1532 ἐκ
554 1468 612 1551 τής
634 1464 769 1552 μήτρας.
814 1462 925 1553 ἀμέλει
949 1461 1012 1534 κάν
1035 1465 1145 1558 βρόχῳ
1170 1470 1240 1534 δια-

89 1573 194 1663 λάβης
222 1569 243 1659 ἢ
272 1587 342 1653 τοῖς
368 1575 495 1640 σαυτοῦ
522 1570 698 1650 δακτύλοις
724 1573 839 1661 πιόσης
860 1570 920 1651 τδις
946 1571 1028 1641 κατὰ
1049 1571 1111 1641 τὸν
1134 1569 1239 1659 όμφα-
1254 1596 1280 1638 ιο

89 1680 153 1748 λδν
171 1676 341 1767 ἀρτηρίας,
365 1675 556 1766 ἀσφόκτους
575 1676 650 1758 ὄψει
669 1682 867 1767 παραχρῆμα
885 1677 944 1758 τάς
962 1679 1044 1747 κατὰ
1061 1677 1098 1748 τὸ
1122 1678 1240 1768 χόριον

89 1783 230 1870 ἁπάσας,
254 1776 296 1853 ού
319 1782 523 1853 τούναντίον
547 1786 701 1872 ἐφαίνετο
726 1782 780 1869 ἀν,
803 1790 834 1854 τί
854 1783 917 1872 τήν
940 1781 1047 1873 ἀρχὴν
1068 1789 1126 1874 τής
1147 1786 1240 1874 κινή-

89 1914 172 1973 σεως
204 1888 319 1971 αὐταῖς
351 1889 371 1980 ή
408 1891 516 1980 μήτρα
553 1905 718 1979 παρεῖχεν.
772 1896 863 1959 ἔοικα
897 1891 933 1958 δὲ
970 1895 1155 1980 διατρίβειν
1187 1893 1239 1960 ἐπὶ

89 2001 192 2068 πλέον
211 2000 248 2067 ἐν
267 1998 432 2086 πράγματι
451 2013 555 2086 σαφεῖ
573 2024 608 2066 τε
627 1995 693 2086 ἅμα
716 1999 771 2066 καὶ
794 2013 864 2078 τοῖς
882 1995 1095 2086 ἀνατομικοῖς
1117 1999 1239 2086 σχεδὸν

89 2104 216 2173 ἅπασιν
238 2102 493 2195 ὦμολογημίνῳ.
528 2106 583 2173 καὶ
607 2103 671 2190 γάρ
695 2101 785 2184 ὅπως
808 2109 952 2193 διαιρεῖν
973 2105 1036 2193 χρή
1059 2109 1117 2192 τῆς
1139 2105 1238 2174 κυού-
1252 2128 1279 2170 ιι

90 2234 151 2298 σης
173 2210 210 2279 τὸ
235 2209 448 2298 ἐπιγάστριον
470 2209 525 2277 καί
549 2208 638 2290 ὅπως
662 2211 793 2298 γυμνὸν
812 2211 1006 2298 ἐργάζεσθαι
1029 2209 1066 2280 τὸ
1092 2217 1239 2300 ἔμβρυον

91 2323 137 2386 ἔτι
169 2321 209 2406 τῇ
241 2315 348 2407 μήτρᾳ
384 2315 647 2405 προσεχόμενον,
684 2312 746 2404 οὐχ
784 2314 943 2405 ἡμέτερον
975 2316 1103 2406 εὕρημά
1136 2319 1237 2404 ἐστιν,

92 2481 303 2492 ...η-.-

125 2575 141 2624 3
168 2561 339 2622 ίλάττονοιν,
363 2573 433 2622 -6
456 2568 557 2635 χωρίον
580 2567 617 2621 Μ.
642 2599 675 2607 -
702 2573 735 2622 10
758 2572 816 2630 τοῖς
840 2563 943 2622 ἑαυτοῦ
963 2567 1000 2621 Μ.
1025 2598 1058 2608 -
1083 2561 1237 2638 ὀφθαλμόν

11 2667 12 2672 ’
90 2657 141 2710 pro
159 2633 290 2709 ὀμφαλὸν
308 2639 341 2694 Α.
366 2668 399 2722 7
425 2643 457 2692 12
477 2630 550 2707 ἀνή
574 2633 626 2706 τὴν
644 2638 681 2692 Μ.
705 2667 739 2678 -·
761 2645 802 2722 '13
826 2632 927 2700 αύταῐς
946 2632 1084 2708 ἡμετέρας
1102 2646 1237 2708 παρεῖχεν

89 2712 122 2766 Δ.
141 2741 177 2752 -
198 2716 229 2766 17
249 2727 475 2780 κροσερχομενον
493 2709 628 2765 Macen
647 2727 857 2780 προσεχομενον
876 2708 957 2765 Corn.
976 2709 1010 2764 Κ.
1031 2741 1063 2750 -

91 2961 252 3048 coniungi.
297 2961 369 3028 Hae
393 2960 479 3026 enim
503 2960 641 3027 materia
664 2983 703 3027 ex
730 2965 834 3027 matre
857 2965 1058 3046 praegnante
1079 2962 1236 3048 indigent,

11 3051 12 3058 ἐ
91 3091 263 3137 nervorum
298 3071 406 3134 sutem
437 3069 529 3154 origo
556 3091 623 3134 non
654 3067 742 3134 item.
792 3067 837 3134 Et
863 3068 1017 3152 quoniam
1045 3090 1143 3152 supra
1170 3068 1236 3134 iam

90 3179 350 3244 demonstratum
384 3179 434 3240 est
469 3176 612 3242 maxima
649 3199 728 3242 vasa
763 3174 926 3241 minorum
959 3195 1028 3239 ease
1067 3175 1237 3261 principia,

92 3285 200 3369 etiam,
222 3307 304 3370 quae
323 3305 360 3348 ex
384 3281 489 3348 iecore
509 3283 662 3367 exoritur,
685 3305 766 3348 vena
785 3282 939 3366 omnium,
962 3303 1044 3367 quae
1067 3282 1102 3346 in
1125 3304 1235 3347 secun-

11 3463 12 3476 *
91 3392 138 3456 dis
153 3395 239 3474 sunt,
254 3391 347 3476 origo
362 3393 421 3474 est,
436 3389 520 3454 siout
535 3391 727 3455 arteriarum
741 3389 809 3473 illa,
822 3411 905 3474 qnae
920 3411 936 3454 e
952 3389 1046 3454 corde
1061 3389 1236 3473 proficisci·

11 3565 12 3572 χ
92 3501 150 3560 tur.
196 3497 329 3594 Etenim
351 3495 432 3561 haec
460 3518 587 3580 quoque
611 3497 775 3581 omnibus,
802 3517 884 3580 quae
912 3495 947 3560 in
975 3495 1122 3560 secundi·
1150 3499 1235 3580 sunt,

91 3601 255 3686 propriam
274 3602 428 3667 virtutem
448 3602 645 3686 suppeditat,
663 3625 728 3668 non
747 3602 809 3668 hae
832 3603 891 3667 illi.
927 3601 978 3667 Ex
997 3602 1119 3666 semine
1139 3601 1234 3682 onim,

90 3731 154 3774 non
182 3729 220 3772 ex
242 3707 340 3772 vulva
362 3707 484 3772 fetibus
507 3707 699 3774 facultatum
728 3731 783 3775 eos
812 3708 1108 3774 administrantium
1141 3709 1233 3794 origo

91 3819 147 3880 est
201 3811 297 3878 Certe
336 3813 363 3878 si
402 3814 537 3878 arterias
575 3815 720 3880 umbilici
753 3815 804 3880 vel
845 3815 960 3899 laqueo
1003 3815 1232 3881 constrinxeris

90 3923 140 3986 vel
164 3920 277 4007 digitis
301 3921 546 4005 compresseris,
573 3943 686 3987 omnes
710 3921 879 4006 continuo,
907 3943 989 4006 quaa
1016 3921 1051 3986 in
1084 3922 1232 3986 secundis

91 4032 172 4114 sunt,
196 4027 292 4112 pulsu
311 4049 426 4092 vacare
445 4026 634 4113 conspicies,
652 4029 738 4113 quod
758 4032 871 4094 contra
890 4027 1042 4112 eveniret,
1066 4028 1095 4092 si
1117 4028 1232 4094 motio·

90 4137 138 4202 nis
162 4135 292 4202 initium
315 4133 356 4198 iis
379 4137 491 4198 uterus
515 4135 694 4218 praeberet.
740 4131 802 4199 Sed
829 4135 942 4200 videor
968 4134 1089 4199 diutius
1118 4133 1232 4200 immo·

91 4243 152 4307 rari
176 4243 268 4306 inre
292 4243 405 4324 aperta
424 4241 597 4325 eademque
621 4241 662 4306 ab
682 4241 875 4306 anatomicis
899 4239 1050 4305 omnibus
1069 4261 1231 4306 concessa.

90 4349 174 4416 Nam
198 4369 261 4433 quo
285 4347 381 4414 modo
400 4347 589 4412 dividendos
613 4349 699 4412 esset
721 4349 834 4412 venter
855 4347 1067 4431 praegnantis
1091 4350 1124 4412 et
1145 4347 1230 4413 fatus

93 4459 180 4520 utero
209 4453 312 4520 adhuc
340 4453 512 4520 inhaerens
540 4453 760 4537 denudandus,
791 4476 858 4520 non
886 4474 905 4517 a
931 4453 1026 4519 nobis
1054 4453 1231 4538 inventum,
