3376 5144
807 361 1047 425 -792-

354 516 371 586 ὁ
412 516 555 585 Πλάτων
591 518 649 596 τὰς
687 515 852 604 διαφορὰς
893 515 1021 598 ἁπάσας
1061 513 1173 585 αὐτῶν
1210 515 1386 586 διδάσκων.
1442 517 1497 585 διὰ

354 627 452 690 τοῦτο
487 613 549 690 οὖν
581 628 667 710 ἔφην
699 633 921 709 παρακεῖσθαι
954 625 1009 691 καὶ
1041 639 1219 692 κοινωνεῖν
1250 621 1290 692 τὰ
1321 623 1404 692 κατὰ
1435 624 1498 711 τήν

308 775 313 784 -
356 727 559 815 διαιρετικήν
584 726 666 796 ὁδὸν
691 727 908 818 εὑρισκόμενα
931 745 1000 810 τοῖς
1023 731 1104 798 κατὰ
1132 731 1195 817 τήν
1217 727 1337 819 ὁμοίου
1360 733 1497 817 γνῶσιν·

355 833 511 923 ὁμοιότης
534 835 595 923 μὲν
618 837 681 923 γάρ
706 839 773 904 ἐστι
798 852 869 916 ταῖς
888 835 1026 924 ἡδοναῖς
1045 837 1128 925 πρὸς
1150 835 1303 923 ἀλλήλας,
1327 834 1346 924 ή
1372 836 1408 906 δὲ
1431 863 1498 904 κοι-

307 935 455 1029 ἐνότης
483 942 564 1010 κατὰ
592 941 628 1010 τὸ
658 946 765 1028 γένος·
802 947 838 1010 ’ἐν
872 943 934 1029 γάρ
969 971 1020 1012 τοι
1048 942 1165 1011 κοινόν
1193 945 1283 1010 ἐστιν
1307 945 1343 1011 ἐν
1373 940 1498 1028 αὐταῖς,

356 1046 435 1117 καθ’
466 1046 483 1118 ὃ
513 1048 575 1135 τήν
599 1058 826 1137 προσηγορίαν
851 1049 1030 1136 ἐκτήσαντο
1054 1049 1188 1137 κοινήν,
1216 1051 1322 1138 ἕτεραι
1354 1049 1389 1118 δὲ
1418 1050 1499 1118 κατὰ

355 1155 417 1244 τήν
451 1157 487 1224 ἐν
519 1171 590 1235 ταῖς
622 1160 723 1235 ἰδίαις
760 1160 939 1241 διαφοραῖς
976 1157 1079 1224 ἰδίαν.
1134 1160 1172 1224 αί
1207 1157 1268 1244 μὲν
1300 1157 1364 1245 γὰρ
1397 1154 1503 1226 ἁπλαῖ

356 1278 427 1342 ταῖς
451 1261 569 1342 ἁπλαῖς
600 1263 682 1349 πρὸς
704 1267 749 1354 τῷ
783 1266 884 1352 κοινῷ
914 1265 970 1348 τῆς
994 1259 1117 1350 ν’δονής
1150 1267 1230 1332 εἴδει
1262 1265 1316 1332 καὶ
1348 1263 1386 1332 τὸ
1419 1263 1500 1332 κατὰ

356 1369 418 1457 τήν
451 1367 616 1456 ἁπλότητα
656 1373 905 1454 προσλαβοῦσαι
939 1374 1073 1456 μείζονα
1105 1368 1166 1458 τήν
1194 1367 1372 1458 ὁμοιότητα
1399 1392 1497 1459 προσ·

318 1507 343 1546 ιο
357 1476 602 1564 λαμβάνουσιν,
635 1475 744 1564 ὥσπερ
769 1503 804 1562 με
828 1477 881 1543 καί
905 1490 976 1554 ταῖς
999 1477 1176 1556 συνθέτοις
1199 1481 1238 1544 αί
1263 1476 1423 1546 σύνθετοι
1446 1479 1501 1547 καὶ

359 1588 396 1650 αι’
421 1584 602 1669 σωματικαὶ
630 1597 702 1661 ταῖς
729 1598 930 1670 σωματικαῖς
958 1587 995 1650 αΐ
1019 1608 1054 1649 τε
1084 1584 1220 1669 ψυχικοί
1247 1599 1318 1663 ταῖς
1350 1599 1504 1672 ψυχικαῖς

359 1695 396 1758 αῖ
415 1717 450 1757 τε
474 1687 633 1777 ὠφέλιμοι
658 1704 729 1768 ταῖς
748 1687 927 1776 ὠφελίμοις
946 1693 1030 1756 αἵτε
1051 1690 1209 1776 βλαβεραὶ
1227 1704 1299 1769 ταῖς
1316 1697 1504 1779 βλαβεραῖς,

359 1794 469 1882 ὥσπερ
498 1823 534 1882 γε
558 1797 612 1863 καὶ
641 1801 678 1864 αί
705 1795 786 1862 κατὰ
817 1794 874 1875 τὰς
904 1793 1005 1874 κοιλὰς
1032 1795 1166 1883 πράξεις
1192 1797 1246 1864 καὶ
1275 1802 1313 1865 αί
1337 1797 1419 1866 κατὰ
1447 1801 1505 1878 τὰς

359 1902 461 1982 κακὰς
490 1900 646 1990 ἀλλήλαις
675 1901 837 1989 ἑκάτεραι·
865 1909 1102 1989 παραπλησίως
1130 1902 1166 1972 δὲ
1193 1905 1247 1971 καὶ
1272 1909 1309 1972 αι’
1333 1905 1395 1992 μὲν
1422 1905 1504 1973 κατὰ

322 2039 345 2079 ιι
360 2010 396 2078 τὸ
435 2011 625 2096 λογιστικὸν
663 2007 752 2089 εἶδος
782 2014 840 2096 τῆς
877 2012 981 2096 ψυχῆς
1013 2007 1184 2096 ἀλλήλαις,
1222 2014 1259 2078 αί
1286 2009 1323 2078 δὲ
1357 2009 1503 2080 κατὰτὸ

360 2116 538 2204 θυμοειδὲς
580 2112 598 2203 ἢ
645 2116 903 2203 ἐπιθυμητικόν,
951 2113 1074 2203 δμοίως
1113 2117 1168 2184 καὶ
1210 2121 1283 2185 αἵδε
1324 2117 1405 2185 κατὰ
1446 2117 1506 2186 τὸν

398 2357 409 2402 1
431 2348 479 2402 καλ
499 2343 546 2402 διὰ
572 2348 629 2430 lJP.
650 2379 682 2388 -
708 2355 723 2402 'l
749 2345 782 2402 τὰ
807 2345 879 2401 κατὰ
899 2348 921 2402 P
941 2348 1001 2414 (Pl)
1026 2345 1059 2400 τὰ
1084 2365 1137 2402 orn.
1162 2349 1335 2414 MABChK;
1362 2350 1396 2404 ολ.
1421 2349 1504 2405 Proll.

362 2427 469 2545 in¹⁰⁶ss
490 2450 521 2544 'i
542 2427 558 2542 i
579 2420 1017 2544 ⁰ii‘iiia‘iiiwfbiziiiii
1032 2420 1410 2547 doiiiiriiiffi‘plixiffli
1426 2422 1505 2545 {tlt

362 2534 429 2616 οωτο
446 2511 596 2638 ΜΑΒί-Ῐι
613 2569 643 2614 10
663 2563 711 2614 καλ
722 2534 761 2615 ’ἓν
782 2511 936 2622 τοίςηοοδδ.
952 2533 1017 2615 εδδ.ς
1033 2532 1081 2614 nal
1100 2569 1161 2623 ταῖς
1176 2509 1237 2616 niis
1253 2529 1337 2616 -1111
1360 2563 1408 2630 τῆς
1422 2515 1505 2631 ψυχί-

363 2636 413 2702 κής
430 2635 464 2686 ll.
542 2639 572 2683 12
592 2639 650 2694 τοῖς
664 2629 815 2702 ὠφελίμοις
831 2631 867 2685 Μ.
889 2664 920 2672 -·
942 2639 974 2686 13
994 2653 1023 2701 γε
1044 2650 1098 2688 om.
1113 2632 1196 2698 ChK;
1216 2633 1249 2687 cl.
1265 2633 1348 2689 Proll.
1368 2652 1394 2703 p.
1415 2640 1456 2688 52.
1473 2665 1504 2674 -

364 2867 453 2931 mina
476 2887 587 2930 carum
613 2864 722 2930 omnia
745 2865 871 2930 doeens.
917 2865 1023 2949 Atque
1047 2865 1167 2932 idcirco
1190 2866 1257 2931 dixi
1281 2889 1333 2952 oa,
1355 2891 1437 2953 quac
1461 2869 1506 2934 di-

364 2974 493 3039 videndi
517 2973 570 3037 via
586 2972 801 3051 invcniuntur,
826 2973 978 3037 adiuncta
1001 2996 1071 3038 caso
1096 2976 1129 3037 et
1152 2973 1264 3038 affinia
1288 2974 1337 3058 iis,
1361 2995 1442 3060 quac
1467 2977 1506 3041 ad

365 3081 481 3146 similis
511 3080 730 3166 cognitionem
760 3084 923 3166 spoctkant3
948 3079 1125 3146 similitudo
1150 3081 1236 3145 enim
1261 3085 1310 3145 cst
1334 3083 1507 3168 voluptati·

365 3191 424 3254 bus
449 3188 532 3253 inter
556 3211 598 3271 se,
623 3187 837 3251 communitas
858 3191 965 3252 autem
990 3188 1163 3252 sccimdum
1187 3209 1303 3274 genum
1328 3189 1356 3254 si
1379 3189 1507 3273 quidem

365 3318 463 3361 unum
488 3295 596 3359 estin
624 3294 664 3358 iis
689 3316 856 3358 commune
880 3316 995 3380 genua,
1024 3315 1040 3357 e
1067 3316 1129 3377 quo
1158 3317 1362 3361 communem
1393 3302 1508 3363 nactae

366 3407 442 3468 sunt
474 3401 740 3487 appellationem,
779 3401 925 3465 diversae
962 3404 1070 3466 autom
1104 3404 1179 3466 sunt
1216 3403 1390 3468 secundum
1428 3426 1509 3487 eam,

366 3533 447 3595 quac
470 3509 505 3572 in
528 3509 748 3593 singularibus
777 3507 967 3572 dill'crcntiis
992 3511 1054 3590 cst,
1082 3507 1230 3591 spccicm.
1276 3507 1361 3573 Nam
1385 3509 1509 3594 simpli·

365 3639 417 3682 cca
441 3618 569 3699 practer
593 3638 796 3681 communem
826 3613 1004 3697 voluptatis
1029 3615 1170 3698 spccicm
1194 3614 1293 3679 ctiam
1313 3637 1401 3698 cam,
1425 3639 1508 3701 quae

366 3722 577 3806 simplicitate
602 3727 743 3804 constat,
772 3724 937 3786 assccntao
967 3722 1122 3786 maiorem
1151 3721 1235 3785 inter
1263 3744 1297 3786 se
1325 3721 1509 3788 similitudi-

366 3852 439 3894 nem
478 3831 661 3913 acquirunt,
698 3829 781 3894 sicut
827 3828 1026 3911 compositae
1064 3827 1149 3891 intcr
1180 3850 1213 3890 se
1247 3832 1279 3892 et
1315 3851 1385 3912 cac,
1426 3851 1509 3914 quae

367 3937 513 4021 corporis
537 3959 681 4021 quaeque
710 3935 810 3999 animi
835 3939 923 4019 sunt,
950 3935 1030 3998 itcm
1052 3934 1149 3998 utilas
1174 3939 1205 3998 ct
1228 3935 1344 4000 noxiae
1368 3957 1427 4000 neo
1451 3937 1509 4000 mi-

365 4067 441 4126 nua,
473 4066 554 4127 quac
596 4065 613 4106 a
650 4043 743 4106 bonis
777 4042 959 4107 actionibus
1001 4045 1033 4104 et
1070 4063 1152 4126 quae
1181 4041 1320 4106 amalis
1349 4042 1511 4126 oriuntur3

368 4151 467 4214 ctiam
491 4172 557 4234 eac,
580 4173 662 4233 quac
686 4151 719 4214 in
742 4149 956 4213 ratiocinante
979 4151 1071 4232 parte
1095 4148 1196 4213 animi
1215 4148 1301 4213 inter
1323 4171 1356 4213 aa
1372 4150 1404 4213 et
1427 4171 1510 4234 quac.

368 4257 402 4321 in
426 4257 583 4323 irascente
611 4257 662 4320 vol
691 4255 936 4341 concupiscente
961 4255 1128 4340 exsistunt,
1152 4256 1193 4320 ad
1216 4255 1351 4320 cundem
1380 4255 1510 4322 modum

368 4365 453 4427 inter
481 4385 514 4427 aa
543 4364 666 4428 similos
695 4367 779 4429 sunt.
825 4361 888 4440 Qui
913 4365 1021 4426 autem
1045 4363 1114 4426 sinc
1141 4361 1215 4426 ulla·
1232 4361 1432 4447 singulorum
1457 4381 1510 4447 ge·
