3298 5136
585 353 895 468 5179-

202 508 314 580 αὐτῶν
337 512 455 598 ἐφεξῆς
476 509 605 580 ἅπαντα
632 510 672 579 τά
694 511 846 600 λήμματα
869 513 924 580 καὶ
946 512 1104 593 πολλάκις
1126 510 1252 601 ἡγεῖται
1275 515 1348 602 μέν,

203 623 234 687 εί
257 617 363 698 οὕτως
386 623 493 705 ἔτυχε,
523 617 702 705 ῥητορικὸν
725 620 932 708 ἐπιχείρημα,
954 619 1061 712 τούτῳ
1089 621 1126 688 δὲ
1154 622 1264 689 ἕπεται
1292 649 1349 708 γυ-

200 724 384 814 μναστικόν
406 751 440 792 τε
463 725 518 792 καί
542 723 760 810 διαλεκτικόν,
785 722 850 793 εἷθ’
877 726 949 812 ἑξῆς
972 727 1244 815 ἐπιστημονικόν,
1268 725 1348 813 εἶθ’,

202 831 308 912 οὕτως
331 837 362 900 εί
383 837 491 918 ἔτυχε,
515 831 712 918 σοφιστικὸν
736 828 796 899 οὐκ
820 830 975 918 εἰδότων,
1002 831 1048 913 ῶς
1069 833 1110 901 τὰ
1134 833 1195 920 μὲν
1219 834 1348 921 ἐπιστη-

201 937 321 1028 μονικά
345 937 497 1026 λήμματα
520 937 604 1026 πρὸς
624 937 687 1025 τὴν
706 935 826 1006 οὐσίαν
844 935 1043 1026 ἀναφέρεται
1066 943 1128 1009 τοῦ
1147 941 1375 1026 ζητουμένουῡ

202 1045 257 1112 καὶ
279 1048 402 1113 τοῦτον
425 1049 491 1131 ἔχει
513 1044 574 1112 τὸν
597 1044 735 1113 σκοπόν·
759 1048 827 1113 τῶν
852 1045 887 1113 δὲ
912 1043 1024 1114 άλλων
1042 1043 1200 1114 ἁπάντων
1223 1049 1349 1128 ἔξωθεν

201 1149 326 1235 ὄντων,
354 1149 446 1230 ὅσοις
469 1151 530 1238 μὲν
553 1149 571 1220 ὁ
601 1150 804 1230 διαλεκτικὸς
827 1156 874 1230 είς
900 1150 937 1220 τὸ
961 1151 1199 1240 γυμνάσασθαι
1232 1156 1347 1241 χρῆται

200 1258 255 1326 καί
283 1255 444 1344 σοφιστὰς
471 1259 631 1343 ἐξελέγξαι
659 1258 714 1325 καί
744 1273 863 1346 πεῖραν
891 1263 1007 1344 λαβεῖν
1034 1257 1216 1347 μαιεύσεως
1238 1286 1349 1348 μειρα-

201 1371 277 1432 κίον
307 1365 374 1448 [καί
402 1363 641 1451 μαιεύσασθαι]
675 1365 729 1432 καὶ
757 1378 982 1452 προσαγαγεῖν
1014 1365 1070 1433 ἐπί
1099 1391 1191 1446 τινος
1217 1363 1349 1455 εὕρεσιν

201 1468 371 1558 άπορῆσαί
389 1497 425 1538 τε
447 1473 595 1557 ποιῆσαι,
618 1470 711 1538 ταυτὶ
735 1470 796 1557 μὲν
820 1469 950 1540 άπαντα
974 1471 1161 1540 διαλεκτικά
1187 1497 1222 1539 τε
1245 1472 1348 1558 κάλει,
1363 1495 1389 1533 10

203 1582 234 1644 εί
254 1576 409 1664 βούλοιο,
440 1577 494 1644 καί
519 1574 725 1663 γυμναστικοὶ
752 1577 806 1644 καὶ
830 1577 963 1662 τοπικά,
990 1581 1058 1646 τῶν
1085 1577 1149 1664 γὰρ
1173 1575 1350 1665 ὀνομάτων

205 1679 247 1750 οὐ
269 1689 450 1771 φροντίζω,
478 1688 637 1770 διορίζειν
661 1682 697 1750 δέ
720 1687 823 1752 ταῦτα
849 1687 951 1772 πειρῶ
980 1688 1048 1752 τῶν
1071 1685 1348 1772 ἐπιστημονικῶν·

203 1787 266 1857 ὅσα
295 1789 330 1857 δέ
360 1794 406 1858 ἐτι
434 1783 565 1857 τούτων
593 1787 844 1876 ἀποκεχώρηκεν
872 1791 1017 1877 ἐξωτέρω
1045 1791 1099 1858 καὶ
1127 1790 1269 1878 μάλιστα
1293 1796 1349 1860 δια

201 1895 479 1984 παραδειγμάτων
498 1895 647 1976 ἐνδόξων
665 1921 699 1963 τε
717 1896 772 1963 καὶ
791 1900 971 1964 πολιτικῶν
990 1897 1172 1983 ἐπαγωγῶν
1193 1898 1232 1965 τέ
1246 1924 1350 1966 τινων

199 2001 364 2072 τοιούτων
386 1998 605 2091 ἢμαρτύρων
627 2007 675 2082 είς
693 2000 855 2070 σύστασιν
873 1998 1072 2090 ἀφικνεῖται,
1095 2007 1199 2072 ταῦτα
1218 2008 1249 2072 εί
1269 2005 1348 2091 βού-
1364 2024 1389 2064 1⁵

238 2187 254 2234 2
275 2179 332 2250 ἔχει
350 2177 515 2235 MABChK
533 2177 613 2265 ἔτορε
634 2180 664 2236 G.
684 2211 718 2220 -
741 2187 758 2235 8
777 2174 905 2249 μυήσεως
924 2179 1009 2235 ΟΜΔ
1027 2183 1093 2236 cett.
1113 2177 1270 2252 potestesse
1288 2200 1347 2239 noe.

202 2281 238 2292 -
256 2259 272 2307 9
291 2247 486 2322 μαιεάσθαιΟ
510 2253 706 2321 μαιενσασθαι
724 2251 783 2305 MA
804 2250 854 2304 καὶ
872 2247 1066 2320 μαιεάσαοδαι
1090 2268 1140 2306 noe
1163 2254 1242 2308 unois
1260 2253 1347 2308 inelu-

203 2323 296 2378 simus.
321 2355 354 2362 -
381 2328 555 2392 προαγαγεῖν
579 2321 599 2377 C
630 2341 729 2391 προσα,
752 2320 824 2377 ΜΔ.
849 2353 881 2362 -
913 2329 943 2376 11
970 2322 1019 2376 καὶ
1045 2317 1149 2377 τοπικά
1177 2340 1231 2378 om.
1260 2323 1288 2378 Ο.
1314 2356 1347 2364 -

203 2401 235 2448 13
259 2389 508 2520 άιοκεχωρηιὸἐναι
530 2393 551 2447 C
574 2388 775 2463 άποκεχῶρηιιε
799 2393 870 2446 MA.
895 2425 928 2434 -
963 2399 996 2449 14
1022 2388 1178 2463 ἐπαγωγῶν
1204 2393 1235 2450 τέ
1263 2414 1348 2449 τινων

202 2484 338 2519 τοιοντων
355 2481 410 2520 om.
453 2496 514 2520 .—

202 2646 297 2730 sippo
327 2645 449 2710 tradita
477 2647 539 2730 est3
571 2645 654 2710 unde
681 2645 715 2710 iu
747 2666 858 2710 eorum
886 2645 980 2710 libris
1009 2647 1187 2712 sumtiones
1216 2647 1347 2712 confirse

202 2756 279 2816 sunt
302 2752 497 2816 commixtae
526 2773 684 2837 saepeque
707 2752 886 2836 praeeedit,
914 2753 942 2817 si
965 2753 1032 2818 fors
1056 2754 1104 2818 ita
1126 2733 1251 2838 tulerit]
1279 2776 1348 2820 ora-

203 2859 288 2924 toria
321 2858 576 2943 argumentatio,
613 2859 759 2943 sequitur
795 2858 980 2944 dialectiea,
1016 2860 1121 2945 qualis
1157 2860 1347 2945 proludendi

141 2967 149 2978 '
202 2987 300 3030 eausa
327 2965 398 3029 fieri
421 2963 518 3048 solet,
540 2964 691 3048 deinceps
715 2964 846 3030 subtilis
870 2965 1040 3050 quaedam,
1069 2966 1220 3050 denique,
1247 2966 1275 3030 si
1298 2967 1347 3030 ita

202 3071 326 3154 tulerit,
355 3069 550 3154 sophistica,
577 3070 697 3155 quippe
725 3093 797 3135 oum
825 3072 977 3157 ignorent
1003 3071 1140 3136 subtiles
1168 3074 1345 3137 sumtiones

202 3177 242 3241 ad
274 3177 335 3260 rei,
368 3177 406 3241 de
439 3199 503 3260 qua
535 3176 658 3261 agitur,
690 3177 908 3242 substantiam
939 3177 1052 3242 referri
1086 3200 1221 3264 eumque
1248 3179 1346 3242 finem

199 3283 330 3348 habere.
374 3283 403 3348 Ε
435 3282 568 3368 reliquis
597 3287 721 3365 autem,
749 3304 830 3367 quae
862 3283 1059 3347 extrinsecus
1086 3288 1254 3367 petuntur,
1282 3307 1346 3368 eae,

200 3390 317 3474 quibus
348 3391 452 3454 utitur
483 3389 671 3453 dialecticus
704 3393 774 3453 turn
811 3388 852 3453 ad
890 3389 1168 3474 exercitationem,
1200 3398 1270 3454 tum
1306 3391 1345 3453 ad

201 3495 366 3580 sophistas
390 3495 625 3580 coarguendos,
653 3495 847 3560 tumetium
870 3497 907 3559 ut
929 3493 1143 3559 adulescentis
1166 3495 1346 3579 perieulum

199 3601 310 3686 faeiat,
334 3603 362 3668 si
386 3623 480 3688 quem
504 3623 543 3665 ex
566 3601 634 3665 eius
659 3601 766 3665 animo
790 3601 915 3666 foetum
938 3600 1066 3684 educat,
1090 3604 1185 3686 atque
1209 3622 1282 3664 eum
1306 3601 1346 3664 ad

200 3707 421 3773 inventionem
445 3707 581 3772 alicuius
604 3707 652 3770 rei
678 3709 870 3790 promoveat
892 3707 986 3778 etin
1010 3708 1177 3792 augustias
1200 3706 1346 3791 deducat,

201 3835 270 3898 eas,
296 3814 445 3900 inquam,
474 3837 586 3880 omnes
616 3815 683 3878 sive
714 3811 901 3878 dialecticae
928 3813 996 3878 sive
1026 3815 1250 3898 gymnasticae
1277 3814 1345 3878 sive

199 3921 327 4004 topices
345 3923 403 3986 tuo
422 3921 583 3985 arbitratu
597 3919 741 4003 appelles
761 3919 847 4003 lieet,
871 3918 909 3981 de
928 3919 1115 3985 nominibus
1130 3921 1215 3984 euim
1230 3942 1345 4005 parum

199 4027 324 4111 laboro,
346 4027 444 4092 modo
467 4027 667 4112 distinguere
696 4025 825 4090 studeas
850 4025 890 4089 ab
915 4025 970 4110 iis,
998 4048 1079 4109 quae
1106 4027 1141 4091 in
1168 4025 1345 4090 disserendi

200 4133 364 4218 elegantia
388 4137 567 4198 versantur.
613 4133 702 4208 Quae
727 4135 835 4196 autem
860 4132 901 4197 ab
929 4133 996 4196 illis
1024 4133 1123 4195 etiam
1152 4131 1344 4196 remotiores

200 4243 276 4304 sunt
304 4239 506 4325 maximeque
534 4240 690 4324 exemplis
719 4239 972 4304 verisimilibus
1001 4259 1038 4302 ao
1062 4237 1211 4301 civilibus
1234 4237 1344 4302 induo·

199 4347 407 4431 tionibusque
435 4347 622 4412 huiusmodi
649 4345 843 4430 quibusdam
876 4345 928 4408 vel
959 4343 1156 4408 testimoniis
1187 4344 1345 4430 nituntur,

1078 4451 1131 4502 12*
