3246 5148
627 378 845 442 ..15-

163 541 333 604 contracta
362 561 381 603 a
408 538 550 604 librariis
579 538 750 621 vocabula,
778 559 860 621 quae
888 535 1097 600 distrahenda
1120 540 1226 620 erant,
1254 541 1310 602 aut

163 645 336 728 distracta,
363 667 445 730 quae
468 645 701 728 contrahenda,
728 645 853 709 intacta
875 643 1087 728 reliquerunt,
1117 666 1190 708 cum
1214 645 1310 727 δηλο-

164 747 237 816 νότι
257 775 316 836 pro
335 752 440 835 δῆλον
460 747 526 834 ὅτι,
545 747 684 818 terrore
703 773 762 835 pro
781 747 833 815 ἐπὶ
847 746 949 832 πολύ,
968 773 1034 815 τινι
1053 750 1158 814 ναῦτα
1172 747 1250 836 (763
1266 749 1310 837 K)

163 880 225 942 pro
247 857 442 942 τηνικαῦτα,
465 855 510 943 μὴ
533 857 574 924 δέ
594 882 652 944 pro
676 855 774 943 μηδέ,
797 852 879 921 κατὰ
901 857 1039 940 θνητῶν
1061 879 1120 941 pro
1144 863 1310 940 καταθνη-

163 963 232 1028 τῶν
256 962 334 1050 (596
354 962 412 1050 K),
440 965 561 1031 διοικεῖ
581 963 619 1032 τὸ
647 987 705 1050 pro
731 965 903 1044 διοικεῖτο,
931 964 951 1028 i.
975 987 1001 1027 e.
1024 964 1184 1028 ὃιοικοῖτο
1209 963 1312 1028 edide-

164 1075 252 1136 runt.
295 1070 431 1136 Accedit
458 1071 556 1154 quod,
586 1072 642 1137 ubi
672 1071 825 1136 librarius
856 1071 976 1137 codicis
1004 1070 1147 1154 spatium
1175 1093 1312 1135 vacuum

164 1177 353 1261 reliquerat,
377 1178 444 1241 sire
468 1176 553 1260 quod
572 1176 755 1242 litterarum
774 1176 889 1242 ductus
908 1177 943 1242 in
961 1176 1140 1260 archetypo
1158 1177 1312 1243 obscuros

162 1303 230 1347 non
263 1286 440 1368 agnoverat
470 1285 537 1347 sire
567 1285 653 1366 quod
682 1285 811 1349 litterae
845 1289 937 1349 erant
969 1282 1136 1365 evanidas,
1168 1283 1215 1348 ibi
1247 1285 1311 1368 ipsi

163 1411 291 1474 quoque
315 1390 464 1455 lacunam
487 1390 676 1474 plerumque
698 1395 877 1475 posuerunt
900 1411 959 1454 nec
982 1389 1109 1472 explere
1132 1391 1203 1454 ausi
1228 1395 1312 1475 sunt,

162 1497 197 1560 id
221 1496 306 1580 quod
328 1497 408 1561 locis
431 1496 498 1561 tere
522 1497 639 1582 viginti
663 1497 787 1562 fectum
811 1501 868 1562 cst.
914 1497 1051 1578 Exque
1076 1495 1224 1581 efficitur,
1248 1519 1315 1581 eos,

163 1625 238 1667 eum
266 1603 300 1667 in
326 1603 379 1668 his
402 1604 582 1687 scripturae
610 1604 782 1688 generibus
810 1627 830 1668 a
857 1604 1003 1670 codicum
1032 1627 1120 1670 more
1147 1626 1222 1669 raro
1250 1605 1312 1670 dis-

163 1709 335 1792 cesserint,
362 1730 402 1773 ne
431 1709 464 1773 in
492 1709 565 1773 aliis
593 1709 723 1792 quidem
751 1710 852 1774 videri
879 1711 1018 1775 multum
1046 1710 1247 1794 discessisse,
1274 1715 1312 1776 ut

164 1815 266 1880 editio
289 1814 409 1880 Aldina
436 1816 618 1900 exemplum
648 1815 767 1880 codicis
795 1838 916 1902 magna
942 1817 1004 1882 fide
1032 1817 1122 1902 typis
1151 1817 1312 1883 effinxerit
1402 1873 1409 1884 .

164 1921 300 2005 ideoque
323 1922 396 2005 ipsc
419 1922 539 1986 codicis
562 1921 666 1986 instar
685 1922 899 1988 existimanda
922 1925 974 1988 sit.
1002 1924 1109 2009 Magis
1132 1927 1241 1988 autem
1260 1947 1310 1989 res

164 2032 251 2092 essct
274 2027 458 2112 perspicuo,
486 2027 514 2090 si
543 2026 656 2110 codex,
683 2027 723 2092 ad
751 2029 842 2093 cuius
870 2030 1052 2113 exemplum
1080 2029 1219 2095 editores
1245 2035 1312 2096 tex-

164 2139 234 2198 tum
258 2133 416 2198 librorum
439 2133 478 2197 de
501 2133 635 2198 Placitis
659 2138 899 2220 expresserunt,
926 2136 967 2200 ed
995 2139 1137 2202 aetutem
1164 2143 1311 2204 nostrum

165 2241 374 2324 pervenisset.
396 2239 492 2305 Nunc
506 2239 708 2324 deperditum
720 2262 790 2304 esse
800 2240 1007 2306 vehementer
1020 2243 1194 2311 dolendum
1208 2241 1311 2330 est³³).

164 2345 201 2410 Id
224 2351 335 2411 tamen
363 2369 422 2430 pro
450 2351 538 2412 certo
566 2346 722 2411 affirmari
751 2350 861 2430 potest
888 2370 961 2412 eum
985 2372 1023 2413 ex
1052 2351 1163 2414 eadem
1185 2351 1312 2414 familis

165 2453 324 2538 originem
348 2452 490 2535 duxisse,
513 2475 578 2536 qua
599 2452 642 2534 is,
669 2453 723 2536 qui
748 2451 843 2516 hodie
867 2454 901 2517 in
923 2455 1123 2522 bibliotheca
1145 2455 1312 2520 Marciana

164 2559 312 2624 Venetiis
342 2563 527 2624 asservatur
553 2581 605 2623 nc.
632 2559 697 2623 284
726 2558 873 2642 signatus
901 2557 973 2646 (M).
1018 2561 1105 2628 Nam
1133 2562 1253 2627 Aldina
1280 2567 1312 2626 et

164 2665 349 2730 Marcianus
372 2663 533 2748 incipiunt
556 2687 576 2728 a
595 2663 733 2728 secundo
752 2663 851 2750 libro,
875 2672 1042 2750 praeterea
1060 2670 1208 2754 lacunae,
1231 2691 1310 2752 quas

164 2772 198 2836 in
221 2770 343 2836 Aldina
365 2792 434 2834 esse
458 2769 553 2834 modo
577 2769 730 2854 diximus,
758 2770 888 2836 eaedem
917 2775 1050 2840 suntin
1073 2775 1238 2841 Marciano
1263 2797 1311 2839 cx-

165 2883 261 2962 cepta
283 2869 371 2960 una,
384 2897 465 2960 quae
488 2876 522 2940 in
540 2876 595 2941 fol.
617 2877 695 2941 163·
721 2876 859 2942 Aldinae
878 2879 1054 2964 invenitur,
1078 2882 1134 2947 ubi
1153 2883 1312 2966 scriptum

185 3043 195 3048 -
205 3041 270 3048 --
282 3041 327 3046 ...-
338 3041 375 3046 -.-

237 3141 271 3212 ³³)
294 3142 423 3196 Fortesse
441 3137 517 3193 idem
541 3139 628 3194 codex
650 3137 718 3207 ruit,
736 3159 820 3212 quem
843 3143 983 3212 superiore
1007 3145 1116 3200 soeculo
1135 3146 1261 3202 Venetiis
1283 3147 1313 3202 in

165 3231 338 3285 bibliotheca
355 3229 516 3285 monasterii
535 3230 562 3284 S.
581 3229 726 3289 Michaelis
748 3247 834 3301 prope
852 3231 1010 3286 hluriannm
1034 3234 1171 3290 exstitisse
1194 3235 1312 3304 legimus

163 3321 193 3374 in
212 3319 348 3388 catalogo
370 3317 514 3373 Benedicti
533 3317 692 3391 Mitterelli,
715 3322 764 3392 qui
785 3318 945 3374 inscribitur
969 3320 1157 3377 ‘Bibliotheca
1179 3321 1311 3377 Codicum

164 3407 417 3476 Mannscriptorum
436 3407 597 3462 Monasterii
620 3409 647 3464 S.
666 3408 812 3464 Michaelis
830 3407 1012 3464 venetiarum
1035 3426 1121 3479 prope
1145 3409 1312 3464 Mnriauum.

166 3495 241 3566 Opus
263 3495 442 3566 posthumum
465 3496 528 3551 Joh.
552 3495 653 3552 Bened.
675 3497 821 3554 Mittarelli
843 3497 945 3553 Veneti
968 3497 1085 3552 Abbatis
1108 3497 1313 3554 htx-Generalis

165 3583 556 3640 Benedicta-ecmaldulensis.
589 3585 714 3662 Venetiis
732 3585 954 3642 MDCCLXXIX.
986 3584 1030 3640 Ibi
1047 3604 1075 3656 p.
1095 3591 1159 3641 424:
1180 3586 1314 3644 ‘Galenus

165 3672 200 3728 de
218 3672 397 3744 Hippocratis
416 3675 445 3728 et
462 3673 589 3729 Platonis
607 3672 786 3742 dogmatibus
804 3673 870 3729 libn·
886 3674 947 3730 VII.
976 3673 1067 3729 Codex
1082 3674 1203 3731 Graecus
1220 3675 1250 3731 in
1264 3677 1313 3733 fol.

165 3780 192 3818 n.
213 3768 277 3830 132,
301 3761 350 3817 sed
373 3761 455 3817 initio
479 3763 508 3818 et
529 3763 583 3818 fine
605 3763 720 3818 mutilus
743 3765 827 3832 atque
846 3763 946 3818 desunt
963 3763 1069 3834 primus
1094 3766 1124 3820 et
1140 3764 1252 3820 initium
1271 3783 1311 3820 ee·

166 3850 248 3906 cundi
266 3849 353 3904 libri'
383 3851 573 3907 Bibliothecae
592 3853 656 3922 post
669 3851 818 3906 diremtum
836 3851 907 3907 illud
922 3851 1070 3922 collegium
1085 3853 1236 3907 maximam
1251 3869 1312 3923 pcr-

165 3941 222 3993 tem
241 3937 425 3994 valentinelli
448 3957 473 3995 r.
497 3939 532 3994 cl.
555 3939 657 3995 Iltteris
681 3940 716 3996 ed
735 3941 772 3994 Μ.
793 3939 930 3995 Thomam
953 3940 1198 3996 bibliothecarium
1216 3941 1312 3995 Mona·

167 4042 276 4082 censem
299 4025 372 4081 dstis
398 4029 427 4082 et
450 4045 560 4084 mecum
585 4028 784 4084 humanissime
810 4029 1021 4084 communicatis
1044 4030 1163 4085 Remum
1187 4029 1312 4084 ablatam

166 4115 260 4184 ibique
278 4132 296 4169 a
309 4113 443 4186 Gregorio
462 4115 527 4171 XIII
545 4117 574 4172 in
587 4118 758 4188 S.·Gregorii
771 4118 940 4173 monasterio
953 4119 1120 4174 collocatum
1135 4134 1192 4172 esse
1206 4117 1311 4172 scribit.

166 4203 277 4273 Rogatu
295 4221 359 4259 meo
377 4205 408 4260 A.
429 4205 554 4261 Schoene
577 4205 686 4276 collega
708 4224 772 4261 cum
795 4207 848 4261 hoc
870 4223 943 4260 anno
961 4205 1067 4260 Itomae
1091 4208 1173 4273 esset,
1196 4223 1312 4275 percon-

166 4295 241 4346 tatus
264 4291 299 4348 de
319 4292 414 4348 codice
436 4309 548 4363 prorsus
570 4293 641 4349 nihil
665 4295 851 4364 compariter
869 4295 1029 4350 hominibus
1051 4294 1127 4349 illius
1152 4295 1312 4349 monasterii
1354 4327 1357 4334 ,

166 4397 201 4434 ne
218 4381 326 4436 aditum
340 4381 453 4450 quidem
467 4381 655 4438 bibliothecae
669 4401 748 4452 suas,
767 4383 887 4440 simodo
902 4401 974 4439 nunc
989 4386 1091 4452 exstat,
1106 4381 1312 4452 praebentibus.
