3210 5148
592 380 836 446 -487-

8 601 10 604 .
140 531 233 624 αὐτῇ.
277 534 409 614 πάντως
432 534 496 624 γὰρ
519 532 562 603 ἀν
584 561 616 602 τι
640 537 694 604 καὶ
722 533 824 616 αὐτὸς
846 535 955 625 ὤνητο
979 539 1115 626 μαθοίν,
1143 538 1286 629 ὁπηνίκα

138 669 173 710 τε
196 641 355 730 προσήκει
378 649 493 709 καλεῖν
507 639 654 730 ’Όμηρον
676 641 827 731 μάρτνρα
850 645 997 732 καὶπερὶ
1020 651 1120 715 τίνων
1138 649 1286 737 πραγμά-

138 777 213 818 των.
263 747 340 817 οὔτε
368 748 432 836 γὰρ
461 749 498 815 έν
520 744 605 838 ἀρχή
634 752 703 818 τῶν
736 749 862 837 λόγων,
889 749 974 820 ἀλλά
1001 751 1136 821 έπειθάν
1164 758 1286 835 ίκανοῑς

139 853 296 944 ἀποδείξῃ
329 881 378 934 τις
409 853 446 922 τὸ
480 860 712 943 προκείμενον,
744 853 979 944 ἀνεπίφθονον
1014 856 1080 947 ήδη
1117 861 1171 928 καὶ
1207 860 1286 942 τοὺς

138 963 382 1051 πρεσβυτέρους
401 961 628 1030 ἐπικαλεῖσθαι
647 963 920 1052 μαρτυρήσοντας
943 963 1018 1034 οὔτε
1043 967 1117 1054 περὶ
1136 967 1312 1056 πραμμά-5

8 1145 11 1152 ,
138 1097 208 1139 των
230 1067 367 1156 ἀδήλων
389 1067 615 1154 παυτάπασιν,
643 1066 727 1139 ἀλλά
750 1069 822 1158 ήτοι
852 1073 927 1160 περὶ
950 1075 1167 1161 φαινομένων
1191 1075 1285 1162 ἐναρ-

138 1181 204 1264 γῶς
228 1175 247 1265 ἢ
270 1176 516 1264 παρακειμένην
539 1175 694 1263 αἰσθήσει
717 1175 779 1264 τήν
807 1180 949 1259 ἔνδειξιν
976 1179 1137 1266 ἐχόντων,
1166 1175 1283 1269 οίάπερ

8 1279 10 1286 ²
139 1285 206 1352 ἐστὶ
228 1283 269 1352 τὰ
292 1283 385 1371 πάθη
409 1285 467 1370 τής
489 1285 607 1368 ψυχῆς,
631 1280 672 1350 οὐ
690 1288 826 1371 μακρῶν
849 1285 960 1371 λόγων
984 1285 1063 1354 οὐδὲ
1081 1285 1284 1370 ἀποδείξεων

138 1388 380 1478 ἀκριβεστέρων
412 1387 569 1475 δεόμενα,
601 1387 706 1476 μόνης
738 1389 775 1457 δὲ
807 1388 1024 1479 ἀναμνήσεως
1055 1385 1104 1462 ἀν
1132 1394 1284 1464 ἕκάστοτε

138 1497 319 1586 πάσχομεν,
341 1494 387 1576 uis
409 1497 463 1564 καὶ
488 1493 715 1575 Ποσειδώνιος
738 1494 838 1565 εἶπεν.
883 1496 931 1567 ὅτι
962 1499 1110 1587 μὲνγὰρ
1134 1503 1171 1569 έν
1195 1503 1282 1588 ἐγκε-
1298 1525 1323 1564 ιο

71 1645 73 1651 ,
138 1603 233 1695 φάλῳ
266 1602 303 1671 τὸ
336 1601 552 1690 λογιζόμενόν
585 1603 676 1670 ἐστιν
707 1598 727 1691 ἢ
760 1604 797 1671 έν
830 1609 950 1694 καρδίᾳ
981 1605 1019 1674 τὸ
1051 1607 1282 1696 θυμούμενον,
1340 1681 1352 1695 ,

139 1706 180 1779 οὐ
201 1709 351 1798 μεγάλην
374 1715 438 1796 ἔχει
461 1723 585 1796 μοῖραν
602 1713 686 1797 πρὸς
707 1716 820 1780 πίστιν
843 1712 877 1779 ἐκ
895 1715 963 1780 των
984 1713 1176 1802 μαρτύρων,
1199 1712 1282 1784 ἀλλά

137 1811 302 1896 ἀποδείξει
326 1815 388 1902 χρὴ
411 1814 448 1884 τὸ
473 1821 540 1884 πάν
559 1816 743 1903 ἐπιτρέπειν
762 1819 923 1887 ἐνταῦθα·
947 1817 984 1886 τὸ
1005 1818 1042 1887 dt
1061 1821 1176 1910 ἕτερον
1194 1819 1280 1890 εἶναι

136 1926 197 1990 τοῦ
233 1921 454 2010 θυμουμένου
489 1949 526 1990 το
568 1921 784 2010 λογιζόμενον
824 1923 900 1993 οὔτε
941 1921 1139 2008 ἀποδείξεως
1176 1930 1280 1996 δεῖται

137 2032 262 2116 μακρᾶς
289 2027 364 2096 οὔτε
393 2031 398 2118 Ι
427 2032 544 2115 σοφῶν
571 2033 640 2096 των
667 2031 965 2118 μαρτυρησάντων,
992 2029 1075 2102 ἀλλά
1103 2029 1200 2120 ἀρκεῖ
1219 2033 1347 2122 μὲνῠοθ

136 2134 191 2201 καὶ
201 2132 344 2222 ’Όμηρος
367 2136 419 2203 ἐπὶ
441 2149 511 2214 τοῖς
533 2131 653 2222 ἀρτίως
675 2137 808 2220 ῥηθεῖσι
832 2141 1025 2225 μαρτυρῶν,
1047 2135 1145 2226 ἀρκεῖ
1164 2140 1201 2209 dt
1224 2143 1279 2209 καὶ
1295 2173 1320 2213 ιο

139 2299 349 2310 ——-—.—

173 2393 188 2440 2
212 2379 243 2439 τὸ
267 2402 318 2455 pro
337 2403 365 2439 τε
385 2383 422 2438 Μ.
443 2414 474 2422 -
503 2384 571 2450 περί
585 2403 670 2438 τινων
688 2384 718 2438 L.
739 2415 771 2424 ·-
800 2385 882 2453 4qu
905 2402 956 2454 pro
975 2381 1031 2456 ήδη
1049 2387 1079 2442 L.
1104 2419 1137 2428 -
1165 2385 1280 2444 οοίτοι

136 2474 186 2526 pro
209 2451 274 2510 orire
301 2457 331 2511 L.
357 2487 389 2494 -
419 2461 434 2508 9
458 2449 588 2524 δεόμεθα
611 2455 648 2509 Μ.
672 2487 704 2494 -
732 2461 763 2508 12
787 2453 845 2525 ἔχει
869 2473 919 2510 uos
942 2457 1111 2526 addidimus;
1136 2459 1171 2515 of.
1194 2461 1278 2516 Ptoll.

9 2591 10 2596 ἵ
135 2546 162 2598 p.
184 2534 243 2583 127.
263 2559 294 2566 —
318 2535 349 2582 13
369 2521 506 2595 πρότερον
525 2525 604 2582 codd.
623 2525 684 2582 edd.
705 2525 801 2595 ἕτερον
815 2526 895 2582 Com.
911 2559 943 2568 -
966 2535 998 2582 16
1018 2524 1049 2583 ἐν
1067 2547 1119 2601 pro
1138 2526 1185 2585 ἐπὶ
1199 2531 1230 2586 L.
1245 2561 1278 2574 -

136 2781 259 2846 fructus
297 2783 329 2844 et
367 2779 440 2862 ipse
475 2778 688 2864 percepisset,
724 2778 852 2863 quando
889 2780 1069 2865 quibusque
1106 2781 1145 2847 de
1181 2783 1277 2848 rebus

136 2887 323 2954 conveniret
343 2885 521 2951 Homerum
548 2887 666 2950 testem
693 2885 833 2950 laudare.
878 2885 991 2970 Neque
1018 2887 1105 2952 enim
1133 2889 1168 2956 in
1189 2891 1277 2975 prin·

135 2995 221 3081 cipio
245 2989 490 3080 disputationis,
518 2993 573 3056 sed
601 2991 657 3056 ubi
686 2992 766 3056 satis
794 2993 966 3076 proposita
992 3015 1044 3057 res
1075 3001 1125 3060 est
1148 2996 1277 3062 demon-

135 3107 251 3188 strata,
278 3101 404 3167 licitum
432 3121 682 3183 concessumque
710 3101 760 3162 est
787 3101 932 3164 veterum
961 3099 1060 3164 etiem
1088 3103 1277 3168 testimonia

136 3213 249 3276 efferre
285 3230 389 3294 neque
426 3208 465 3273 de
496 3207 592 3272 rebus
625 3227 759 3292 prorsus
791 3205 936 3290 incertis,
969 3203 1025 3270 sed
1057 3207 1108 3271 vel
1140 3207 1179 3272 de
1211 3209 1276 3273 evi·

135 3317 285 3382 dentibus
322 3315 568 3399 manifestisque
605 3313 656 3378 vel
698 3311 926 3396 probationem
967 3312 1086 3378 iudicio
1125 3335 1306 3390 sensuum.

135 3424 306 3488 finitimam
333 3422 546 3504 habentibus,
578 3420 688 3506 quales
717 3421 794 3484 sunt
821 3417 921 3483 animi
944 3419 1091 3501 affectus,
1124 3419 1179 3504 qui
1210 3443 1277 3486 non

135 3529 241 3614 longis
273 3527 454 3594 rationibus
486 3526 809 3612 diligentioribusque
842 3525 1186 3608 demonstrationibus,
1221 3527 1276 3592 sed

135 3635 205 3701 solu
233 3657 357 3718 eorum,
384 3656 465 3718 quae
489 3655 617 3718 semper
639 3633 791 3716 patimur,
814 3631 1033 3698 admonitione
1056 3631 1217 3718 indigent,
1241 3639 1277 3698 ut

136 3767 155 3807 a
181 3741 356 3808 Posidonio
384 3762 510 3826 quoque
538 3741 659 3806 dictum
687 3743 746 3802 est.
795 3723 995 3803 Etenim'ad
1021 3738 1056 3802 id
1085 3739 1276 3806 confirman-

134 3851 220 3933 dum,
243 3849 278 3914 in
300 3847 431 3912 cerebro
455 3869 525 3911 esse
548 3847 709 3912 tutionem
731 3845 782 3910 vel
806 3845 841 3911 in
859 3845 954 3910 corde
978 3843 1189 3928 iracundiam,
1210 3868 1277 3911 non

134 3977 289 4043 magnum
317 3977 355 4018 ex
382 3953 520 4019 testibus
554 3954 686 4018 affertur
713 3955 926 4036 momentum,
960 3953 1015 4016 sed
1046 3953 1118 4016 tota
1145 3973 1195 4015 res
1224 3951 1276 4016 de-

134 4061 364 4142 monstrationi
387 4059 618 4126 committenda
642 4063 703 4144 est,
732 4063 766 4124 at
789 4082 845 4124 cur
867 4059 996 4125 diversa
1018 4059 1063 4124 sit
1085 4058 1126 4123 ab
1150 4058 1275 4122 iracun-

134 4171 188 4236 dia
223 4169 321 4251 ratio,
357 4189 460 4252 neque
495 4166 595 4252 longa
631 4166 905 4232 demonstratione
937 4187 1039 4250 neque
1077 4165 1274 4248 sapientium

133 4275 320 4342 testimonio
353 4297 435 4360 opus
467 4277 531 4357 est,
564 4273 620 4337 sed
652 4273 772 4338 sufficit
804 4274 925 4356 ωιλαμ,
957 4295 1038 4357 quae
1071 4270 1166 4337 modo
1195 4270 1274 4336 dixi·

134 4407 219 4469 mus,
256 4385 387 4452 auctore
424 4381 473 4450 uti
507 4380 650 4448 Homero
687 4381 739 4450 vet
770 4379 971 4468 Thucydide,
1008 4378 1064 4468 qui
1098 4379 1146 4443 ita
1173 4377 1274 4448 dicit:
