3300 5146
630 425 873 510 4323-

177 599 251 687 ‘airu
273 601 446 687 γενέσθαι,
475 606 506 668 εἰ
527 599 572 689 μή
595 627 683 681 τινες
710 603 965 689 διαστρέφοντες
992 596 1014 687 ἢ
1042 601 1324 690 παραλλάττοντες

176 706 249 775 (τὸν
276 707 379 794 λόγον
409 709 557 789 ἐξελθεῖν
588 707 690 796 ταάτη
723 709 906 795 γινομένην
934 705 1040 786 άλλως
1068 713 1212 796 ἔροιντο·
1240 707 1324 777 ὥστε

176 816 316 901 ςμάλλον
337 815 392 882 καὶ
415 819 514 884 τοῦτο
539 814 710 903 σύμβολον
728 815 812 904 πρὸς
829 814 890 883 τὸν
909 816 1024 903 ἕτερον
1042 813 1139 901 εἶναι,
1162 813 1207 895 ὥς
1229 821 1325 903 ἔφην.

177 919 228 988 ‘vu
267 920 331 1011 γὰρ
374 923 410 988 ἐν
442 919 556 1002 αὐτοῖς
592 923 753 1010 γινόμενα
788 922 920 1009 τεχνικὰ
957 920 1039 990 κατά
1076 921 1139 1010 τῆν
1175 920 1325 1010 κεφαλῆν

176 1028 318 1110 (ἐξιόντα
341 1029 482 1115 μάλιστα
501 1025 721 1118 ἀποσημαίνει
740 1029 800 1100 τὸν
818 1031 1062 1119 προειρημένον
1080 1029 1203 1117 λόγον’
1240 1029 1351 1118 αὕτηῡ

175 1134 238 1222 μὲν
260 1132 282 1222 ἡ
305 1140 367 1204 τοῦ
389 1143 589 1224 Χρυσίππου
612 1140 718 1224 ῥῆσις.
764 1138 832 1205 ἐπεὶ
862 1138 901 1204 δέ
926 1139 995 1204 έστι
1022 1135 1111 1206 πάνυ
1138 1136 1246 1227 μακρά
1269 1139 1324 1206 καὶ

177 1243 233 1310 διὰ
263 1246 363 1311 τοῦτο
392 1253 471 1322 ἴσως
497 1243 585 1323 τινές
613 1241 673 1312 οὐκ
701 1241 845 1332 ἀκριβῶς
872 1240 973 1330 αὐτῆς
1001 1241 1129 1312 ἅπαντα
1156 1243 1217 1313 τὸν
1239 1248 1326 1314 νοῦν

178 1349 513 1437 καταμανθάνουσιν,
547 1349 610 1437 ἐγὼ
644 1351 842 1439 πειράσομαι
875 1350 931 1418 διὰ
968 1352 1120 1439 βραχέων
1151 1356 1271 1438 εἰπεῖν,
1303 1348 1325 1420 ii

176 1455 331 1543 βούλεται
362 1461 498 1543 δηλοῦν.
547 1454 589 1525 οὐ
616 1457 756 1545 μάχεταί
775 1483 849 1544 μοι,
876 1464 996 1544 φησίν,
1031 1455 1049 1525 ὁ
1082 1461 1193 1546 μῦθος
1218 1461 1325 1545 λέγων

176 1564 212 1629 έκ
234 1565 293 1649 τῆς
315 1567 375 1631 τοῦ
400 1563 484 1643 Διὸς
506 1567 652 1650 κεφαλῆς
674 1567 897 1651 γεγεννῆσθαι
924 1564 986 1653 τὴν
1007 1560 1171 1658 Ἀθηνᾶν,
1199 1559 1324 1654 φρόνη-
1340 1585 1365 1624 1⁰

177 1689 233 1737 σιν
260 1667 487 1759 ὑπάρχουσαν.
533 1667 574 1738 οὐ
607 1671 671 1759 γάρ
703 1667 784 1740 αὐτὸ
817 1675 916 1740 τοῦτο
944 1670 1053 1760 μόνον
1085 1681 1211 1760 εἴρηται
1242 1673 1332 1742 κατὰ.

176 1772 296 1860 αὐτόν,
325 1773 408 1845 άλλέι
441 1775 491 1846 ὅτι
519 1777 689 1846 καταπιών
715 1777 777 1864 τὴν
803 1781 918 1864 Μῆτιν
943 1779 947 1868 Ι
975 1777 993 1848 ὁ
1023 1777 1106 1858 Ζεὺς
1133 1781 1187 1847 καὶ
1215 1777 1392 1869 άσπερθὸλ

178 1881 333 1969 ἐγκύμων
356 1885 389 1965 έξ
412 1881 515 1972 αὐτῆς
532 1885 712 1973 γενόμενος
733 1883 795 1972 τῆν
813 1893 1038 1971 γεννηθεῖσαν
1056 1887 1093 1954 έν
1112 1885 1201 1979 αὑτῷ
1220 1887 1326 1975 κόρην

177 1986 341 2078 άπεκύησε
366 1989 422 2058 διὰ
445 1996 503 2078 τῆς
525 1997 678 2080 κεφαλῆς.
724 1995 880 2081 εἰρῆσθαι
904 1991 941 2060 δέ
965 1990 1051 2060 οὕτω
1075 1993 1158 2080 φησὶ
1181 1993 1221 2061 τὰ
1244 1994 1326 2063 κατὰ

176 2095 237 2165 τὸν
267 2100 398 2184 μῦθον,
426 2100 538 2185 ἐπειδὴ
566 2097 625 2179 τὰς
651 2101 768 2186 τέχνας
795 2095 924 2178 ἁπάσας
951 2101 989 2166 έν
1015 2110 1055 2189 τῇ
1081 2105 1202 2191 καρδία
1235 2121 1366 2171 avve-1⁵

219 2337 232 2384 l
253 2328 468 2399 ὃιεστρέφοντες
486 2329 584 2396 ΜΑΒς
611 2331 646 2386 ef.
665 2331 748 2386 Proll.
772 2351 799 2401 p.
819 2338 862 2386 48.
881 2363 915 2370 -
940 2337 955 2384 2
979 2330 1131 2402 γινομένην
1156 2327 1217 2388 ἄλλ’
1242 2329 1279 2397 ὡς
1297 2335 1326 2389 M

177 2421 203 2470 γ.
223 2395 284 2454 ἄλλ’
305 2395 343 2463 ὦς
362 2403 414 2456 ΔΒ
433 2421 458 2471 γ.
477 2397 505 2456 θ’
526 2397 588 2458 ἀλλ’
609 2399 646 2465 ὡς
666 2401 705 2456 ch
725 2423 750 2472 γ.
769 2397 798 2457 θ’
819 2398 906 2464 άλλως
920 2401 999 2459 Corn.
1019 2403 1044 2457 Κ
1063 2423 1086 2472 γ.
1106 2400 1195 2466 ἄλλως
1214 2422 1272 2461 uus.
1291 2437 1326 2446 -

177 2469 287 2540 έροῖντο
302 2472 329 2525 Μ
350 2467 458 2540 έρείντο
473 2473 533 2528 ΑΒ.
550 2505 581 2513 -
602 2480 618 2528 3
634 2473 731 2528 malim
749 2469 819 2542 πρός
837 2495 864 2528 τι
883 2472 988 2540 ἕτερον.
1010 2506 1040 2514 -
1061 2482 1077 2528 4
1096 2471 1147 2538 τὰς
1160 2471 1214 2546 γάρ
1234 2475 1271 2530 Μ.
1291 2508 1326 2519 -

179 2549 212 2598 10
232 2539 263 2598 ἐκ
278 2545 327 2611 τῆς
340 2545 389 2598 τοῦ
406 2539 476 2607 Διὸς
490 2545 621 2599 MABCh
641 2545 690 2599 τοῦ
711 2563 765 2600 om.
784 2546 822 2611 R;
841 2545 875 2602 af.
890 2545 975 2600 Proll.
995 2565 1022 2616 p.
1037 2553 1079 2601 63.
1101 2578 1132 2586 -
1152 2548 1326 2617 γεγενῆσθαι

176 2615 244 2670 MA.
257 2647 297 2688 η-
319 2621 351 2669 13
372 2610 403 2669 έν
423 2610 500 2689 αὐτῷ
515 2615 654 2671 Massch
674 2611 706 2670 ἒν
725 2611 801 2690 αὐτῷ
816 2617 850 2671 Κ.
870 2647 903 2658 -
925 2624 958 2671 14
977 2617 1063 2687 φησὶν
1082 2613 1134 2687 τῆν
1152 2614 1225 2674 κατά
1239 2619 1276 2673 Μ.
1292 2651 1326 2660 -

178 2850 250 2916 hoe
286 2850 384 2934 ipso,
417 2850 514 2935 quod
546 2856 637 2916 nata
667 2873 684 2914 e
722 2851 849 2936 eapite
883 2853 954 2935 est,
986 2851 1132 2917 habeat
1164 2853 1326 2939 aliquia,

178 2979 278 3044 quae
308 2957 494 3022 similiter
521 2958 634 3022 dicat.
682 2957 767 3022 Non
800 2959 899 3023 enim
926 2957 966 3022 in
997 2958 1125 3041 eapite
1153 2960 1326 3044 genitam

179 3065 236 3130 ait
267 3068 398 3150 poeta,
435 3064 514 3128 nisi
550 3065 708 3130 inversa
745 3068 858 3150 atque
896 3065 1113 3130 immutata
1150 3065 1326 3131 oratione

178 3193 259 3237 eam
287 3171 358 3236 hae
388 3172 426 3236 in
460 3175 571 3254 parte
603 3175 733 3236 natam
766 3171 911 3236 exiisse
944 3171 1022 3237 alio
1056 3171 1165 3238 modo
1200 3171 1326 3236 dicere

178 3278 311 3343 velint.
356 3277 494 3362 Itaque
518 3277 641 3343 etiam
668 3278 739 3343 hoa
761 3278 897 3362 potius
925 3279 970 3342 ad
1003 3278 1124 3359 aliud,
1156 3281 1199 3343 ut
1231 3279 1326 3363 dixi,

179 3384 485 3470 significandum
509 3385 686 3450 refertur.
729 3384 831 3461 Quae
851 3385 951 3450 euim
974 3385 1012 3449 in
1035 3385 1148 3450 nobie
1171 3385 1326 3470 pariun-

178 3495 243 3556 tur
266 3491 466 3576 artificia,
490 3515 507 3556 e
531 3493 660 3577 eapite
684 3513 842 3578 egressa
864 3492 1052 3575 fabulam,
1075 3513 1187 3576 quam
1210 3514 1328 3576 supra

178 3599 488 3684 memoravimus,
506 3599 672 3665 maxime
692 3597 933 3683 exprimunt?
974 3597 1066 3662 Haec
1080 3597 1209 3682 quidem
1225 3597 1327 3683 Chry-

180 3706 268 3789 sippi
300 3707 406 3771 oratio
440 3709 498 3771 est.
553 3705 642 3782 Quae
679 3705 833 3790 quoniam
864 3705 964 3790 longa
996 3705 1169 3771 admodum
1203 3709 1254 3770 est
1285 3706 1326 3771 ob

183 3834 317 3896 eamque
350 3835 482 3877 eausam
518 3811 660 3878 fortasse
692 3817 799 3896 erunt,
831 3812 886 3896 qui
924 3813 992 3878 eius
1030 3813 1225 3876 sententiam
1261 3834 1328 3876 non

180 3940 313 4002 prorsus
336 3918 536 4004 percipiant,
563 3921 719 4004 breviter,
746 3919 821 4004 quid
847 3919 910 3984 sibi
939 3919 1034 4003 velit,
1062 3919 1204 3984 eouabor
1227 3917 1327 4002 expli·

180 4047 263 4091 aare.
312 4025 388 4092 Nou
419 4025 609 4091 adversatur
638 4027 733 4110 mihi,
766 4027 885 4110 iuquit,
912 4025 1040 4109 fabula,
1072 4049 1137 4110 qua
1169 4047 1207 4090 ex
1234 4025 1327 4092 Jovis

179 4133 287 4217 eapite
316 4133 477 4217 Minerva,
508 4132 571 4198 hoc
603 4137 653 4197 est
680 4133 865 4218 prudentia,
896 4135 976 4199 nata
1004 4131 1202 4217 perhibetur.
1251 4130 1328 4198 Non

179 4239 267 4305 euim
289 4239 353 4304 hou
375 4243 503 4306 tantum
527 4263 565 4304 ea
589 4240 785 4325 declaratur,
808 4239 864 4306 sed
887 4241 987 4304 etiam
1010 4239 1105 4321 illud,
1132 4238 1250 4305 Jovem
1277 4237 1328 4302 de-

178 4350 295 4412 vorata
317 4345 438 4412 Metide
462 4369 500 4412 ae
523 4347 616 4432 quasi
636 4347 807 4432 gravidum
830 4369 869 4412 ex
892 4369 930 4411 ea
953 4345 1103 4410 effectum
1125 4345 1270 4431 genitam
1293 4344 1328 4410 in

179 4475 213 4518 ee
236 4453 380 4538 puellam
405 4475 463 4538 per
486 4457 585 4538 eaput
607 4455 781 4539 peperisse.
826 4453 878 4518 Ita
901 4455 1010 4518 autem
1038 4451 1158 4516 dietam
1180 4451 1328 4516 fabulam

1055 4559 1110 4610 21*
