3444 5140
685 404 926 468 -727-

230 557 334 626 ποτὸν
366 556 471 643 ἅπαν,
504 556 626 639 αὐτοὺς
658 560 871 646 ἐγκαλεῖσθαι
903 563 1032 647 μᾶλλον
1055 557 1107 647 ἐφ’
1143 554 1194 640 οἷς
1216 561 1379 642 καταψεύ-

230 669 356 732 δονται.
392 666 467 754 περί
492 664 528 734 δὲ
551 668 612 733 τοῦ
634 666 803 755 φέρεσθαί
820 693 852 734 τι
874 671 936 735 τοῦ
957 667 1105 754 πόματος
1127 671 1174 747 είς
1195 667 1257 736 τὸν
1279 668 1379 737 πνεό-

232 798 319 860 μονα
347 773 539 860 παραρρέον
566 776 769 858 δροσοειδῶς
796 765 871 860 ίτερὶ
898 771 959 840 τὸν
987 777 1132 841 ἔνδοθεν
1164 777 1287 860 χιτῶνα
1316 777 1378 842 τοῦ

228 905 262 946 τε
298 879 465 967 λάρυγγος
504 879 559 945 καὶ
601 882 660 965 τῆς
695 886 847 968 τραχείας
888 875 1045 968 ἀρτηρίας
1086 879 1293 967 βουλόμενός
1327 907 1378 961 τις

228 981 328 1064 αὐτὸς
351 982 404 1072 ἐφ’
435 985 556 1052 ἑαυτοῦ
578 989 782 1073 πειραθῆναι
805 985 947 1055 δύναται
971 985 1085 1071 λαβὼν
1107 986 1169 1073 μὲν
1194 986 1294 1066 ἑστὼς
1315 991 1403 1056 τοῦτ

228 1089 350 1170 ὕδατος
380 1096 427 1170 είς
453 1090 489 1158 τὸ
520 1090 625 1178 στόμα
662 1095 812 1178 δαψιλές,
840 1091 909 1161 εἶτα
936 1094 1148 1171 κατακλιθείς
1174 1092 1290 1174 ὕπτιος
1315 1091 1377 1163 δπ-

228 1205 375 1284 ανοίγων
396 1224 432 1266 τε
450 1203 557 1286 βραχο
589 1197 626 1266 τὸ
650 1198 789 1286 στόμιον
811 1204 872 1268 τοῦ
900 1198 1078 1285 λάρυγγος·
1112 1198 1164 1287 ἐφ’
1200 1197 1280 1289 ἡμῖν
1311 1200 1376 1289 γάρ

228 1306 318 1373 ἐστιν
348 1303 549 1392 ἀνοιγνύναι
585 1331 620 1372 τε
660 1306 716 1372 καὶ
752 1313 874 1374 κλείειν
906 1303 997 1374 αὐτό.
1041 1309 1290 1396 παραρρέοντος
1312 1308 1376 1397 γάρ

227 1439 319 1491 τινος
342 1416 389 1491 είς
411 1408 517 1480 αὐτὸν
539 1412 575 1478 ἐκ
601 1415 663 1479 τοῦ
691 1410 852 1500 στόματος
879 1411 1076 1500 αἰσθήσεται
1103 1415 1258 1501 βραχέος,
1286 1413 1304 1482 ό
1333 1413 1375 1501 δὴ

228 1518 283 1585 καὶ
315 1523 503 1607 γαργαλίζει
536 1517 591 1585 καὶ
623 1518 802 1606 παροξύνει
834 1520 936 1588 πλέον
967 1518 1161 1608 γενόμενον.
1207 1518 1290 1588 ἀλλὰ
1319 1521 1374 1589 καὶ
1390 1544 1416 1582 10

227 1621 333 1710 αὐτὴν
371 1625 376 1712 Ι
413 1623 476 1711 τὴν
508 1626 744 1713 έρεθιζομένην
775 1631 860 1714 βίχα
901 1624 1103 1714 καρτερήσας
1142 1653 1193 1706 τις
1233 1627 1375 1696 δύναται
1387 1647 1442 1703 719

230 1744 420 1818 κατασχεῖν,
453 1729 498 1812 ἀς
523 1729 643 1800 αὐτίκα
669 1732 880 1818 παύσασθαι,
910 1733 1049 1820 βραχέος
1077 1737 1136 1802 τοί
1160 1740 1375 1823 γαργαλίζον-

226 1863 282 1916 τος
305 1835 411 1917 όντος.
457 1840 563 1907 ένίοτε
600 1838 637 1906 δὲ
669 1839 724 1907 καὶ
756 1845 876 1926 βηχίον
908 1839 1049 1927 σμικρὸν
1080 1839 1265 1929 γενόμενον
1288 1842 1375 1910 έσιιέ-

228 1949 308 2011 δασε
330 1942 368 2012 τὸ
392 1951 591 2032 γαργαλίζον
615 1942 772 2033 οὐδεμιᾶς
794 1942 1011 2025 ἀναπτύσεας
1032 1949 1226 2035 γενομένης·
1263 1938 1289 2040 pi
1320 1949 1375 2016 καί

137 2051 148 2072 ⁸
227 2049 333 2139 δῆλόν
356 2052 424 2118 ἐστι
451 2051 488 2120 τὸ
513 2049 645 2140 ἀθρόον
672 2054 761 2138 πόμα
784 2051 838 2118 καὶ
862 2051 1026 2120 πολὺκαὶ
1049 2057 1228 2139 τοσοῦτον,
1251 2051 1415 2134 ὦςιια-ιῡ

225 2157 450 2246 ταλαμβόνειν
471 2184 530 2238 τας
552 2155 656 2239 ὁδοὺς
678 2162 740 2227 τοῦ
762 2158 958 2246 πνεύματος,
983 2161 1135 2247 ἐρεθίζον
1156 2160 1194 2229 τὸ
1220 2165 1305 2253 ζῷον
1328 2167 1376 2241 είς

231 2269 332 2352 βῆχα,
364 2263 401 2334 τὸ
436 2264 473 2333 δέ
497 2263 603 2346 οὕτως
626 2262 756 2351 ὀλίγον,
788 2262 834 2344 ὥς
863 2267 937 2354 περὶ
960 2267 1021 2335 τὸν
1044 2271 1145 2336 ἔνδον
1165 2271 1290 2354 χιτῶνα
1313 2273 1374 2336 τοῦ

228 2415 439 2422 *0*—

265 2487 281 2534 2
301 2478 367 2550 περὶ
385 2478 417 2535 δὲ
437 2497 491 2535 om.
511 2481 568 2534 FP.
588 2511 621 2519 -
646 2486 662 2534 3
681 2477 842 2549 παραρρέον
860 2480 1029 2550 δροσοειδῶς
1045 2481 1096 2535 ΡΡ
1121 2497 1175 2538 om
1194 2479 1371 2548 Muscam

230 2551 263 2606 cf.
282 2551 367 2606 Proll.
387 2570 414 2621 p.
431 2558 473 2606 76.
494 2583 526 2590 —-
546 2557 563 2605 4
581 2545 724 2619 ἀρτηρίας,
743 2557 858 2621 σημεῖον
875 2551 925 2606 καί
942 2547 974 2606 τὸ
996 2549 1024 2606 εί
1041 2553 1111 2618 ζῶον
1129 2573 1154 2606 ιι.
1173 2573 1196 2608 τ.
1215 2555 1238 2608 λ.
1258 2555 1295 2622 (p.
1311 2559 1372 2620 ⁷28,

228 2625 255 2690 ³)
274 2622 333 2677 FP.
352 2654 388 2662 -
407 2629 423 2677 t
442 2617 499 2691 ἀφ’
521 2617 625 2677 laveno
647 2623 741 2676 MAB.
762 2653 795 2660 -
816 2627 831 2676 7
852 2617 905 2691 ἀφ’
926 2617 995 2693 ἡμῖν
1012 2623 1050 2678 Μ.
1069 2655 1105 2664 -
1124 2630 1157 2677 13
1178 2625 1267 2695 βιχίον
1285 2624 1322 2678 Μ.
1336 2656 1372 2665 -

229 2699 261 2748 16
283 2689 426 2762 ἐρεθίζειν
444 2694 524 2749 εοδδ.
544 2694 606 2749 εδδ.
627 2688 756 2762 ίρεθίζον
774 2710 839 2760 nos;
859 2693 894 2749 oi.
912 2695 997 2750 Proll.
1016 2713 1043 2766 p.
1064 2701 1124 2750 100.
1142 2726 1179 2736 -

225 2916 342 2996 potum
360 2913 549 2976 universum
567 2910 776 2995 existimaret,
799 2911 958 2977 mendacii
981 2912 1152 2980 incusandi
1171 2917 1256 2979 sunt.
1291 2913 1372 2979 Pars

225 2999 346 3083 autem'
362 3018 505 3102 potionis
535 3017 644 3104 aliqua
672 3018 798 3082 circaue
826 3017 1015 3082 interiorem
1040 3017 1191 3104 laryngis
1224 3023 1257 3084 et
1280 3042 1371 3104 aspe-

223 3147 278 3189 rae
308 3124 446 3189 arteriae
475 3125 621 3189 tunicam
647 3124 730 3189 roris
758 3123 854 3190 modo
882 3123 1096 3210 ingrediatur,
1127 3125 1155 3189 si
1182 3125 1255 3209 quis
1283 3125 1371 3209 velit,

223 3232 294 3316 ipse
321 3232 356 3296 in
384 3255 416 3296 se
446 3231 630 3316 perieulum
661 3231 768 3296 faeere
796 3233 913 3315 potest.
964 3229 1062 3296 Stans
1095 3231 1176 3297 satis
1204 3232 1371 3316 copiosam

225 3361 343 3425 aquam
374 3339 408 3403 in
436 3360 472 3404 os
502 3338 653 3423 resipiat,
683 3337 797 3401 deinde
823 3338 1016 3422 resupinans
1040 3338 1200 3404 orificium
1222 3339 1370 3426 laryugis

226 3447 395 3531 paululum
419 3445 555 3530 aperiat,
579 3445 607 3509 si
631 3444 761 3529 quidem
784 3444 818 3508 iu
840 3448 954 3511 nostra
981 3447 1144 3528 potestate
1168 3447 1273 3530 estid
1297 3469 1370 3531 ape-

224 3555 288 3618 rire
317 3555 350 3617 et
377 3553 533 3618 claudere.
589 3550 711 3627 Quodsi
743 3551 925 3634 pauxillum
959 3551 1111 3636 quiddam
1139 3552 1175 3617 in
1201 3553 1370 3639 laryngem

224 3682 261 3726 ex
285 3682 341 3725 ore
364 3659 581 3743 interlabitur,
604 3656 717 3722 statim
741 3658 912 3740 sentietur,
936 3657 1021 3742 quod
1044 3657 1189 3742 quidem,
1212 3658 1241 3722 si
1264 3659 1370 3742 copio-

225 3768 292 3831 sius
316 3766 364 3850 fit,
387 3765 503 3830 titillat
521 3769 554 3830 et
576 3764 694 3829 irritat.
732 3762 817 3840 Quin
840 3765 940 3828 etiam
962 3764 1080 3828 tussim
1103 3764 1268 3829 irritatam
1290 3765 1370 3830 tole·

224 3873 324 3938 raudo
349 3872 466 3958 aliquis
490 3871 642 3938 cohibere
665 3873 783 3955 potest,
806 3873 843 3934 ut
866 3870 981 3935 statim
1000 3873 1112 3954 cesset
1136 3871 1165 3935 si
1188 3871 1369 3954 pauxillum

224 3983 287 4063 est,
314 3979 397 4064 quod
431 3979 657 4044 titillationem
689 3978 791 4042 affert.
843 3975 1085 4063 Nonnunquam
1117 3977 1217 4042 etiam
1249 3978 1301 4060 fit,
1333 3981 1370 4041 ut

223 4087 360 4171 parvula
394 4086 493 4151 tussis
526 4085 668 4150 excitata
698 4084 923 4150 titillationem
952 4085 1044 4149 nulla
1075 4083 1250 4149 reiectione
1280 4083 1370 4148 faeta

224 4193 390 4279 discutiat3
419 4215 457 4258 ex
486 4214 549 4277 quo
577 4190 788 4256 manifestum
812 4193 863 4256 est
889 4191 1057 4276 potionem
1080 4191 1265 4258 universam
1287 4192 1369 4256 mul·
1451 4201 1456 4210 '

223 4305 354 4385 tamque
378 4322 416 4365 ao
438 4302 578 4382 tantam,
601 4300 639 4362 ut
662 4298 796 4382 spiritus
820 4298 890 4363 vias
914 4301 1064 4382 occupet,
1092 4297 1132 4362 ad
1159 4297 1276 4363 tussim
1300 4298 1368 4362 ani·

223 4408 290 4472 mal
313 4406 455 4491 irritare,
484 4407 524 4500 si
537 4409 646 4470 autem
670 4406 749 4470 adeo
780 4405 897 4491 exigua
920 4407 983 4489 est,
1010 4408 1048 4469 ut
1070 4404 1156 4470 eirea
1178 4404 1368 4470 interiorem
