3300 5146
638 447 880 514 -305—

184 600 203 672 δ
227 602 264 670 δὲ
288 601 483 690 Χρύσιππος
506 601 586 673 οὐδὲ
614 603 673 685 τὰς
695 605 854 693 δυνάμεις
876 603 979 685 αὐτὰς
1002 602 1210 672 διαλλάττειν
1232 599 1332 690 acarf-

184 717 254 778 λων
284 707 442 797 ὁμολογεῖ
470 707 549 778 οὐδὲ
581 711 674 803 ἑτέρα
706 713 768 799 μέν
799 739 866 780 τινι
900 711 1039 799 δυνάμει
1067 713 1266 799 θυμοῦσθαι
1294 707 1331 776 τὸ

186 820 281 907 ζῷον,
305 817 398 907 ἑτέρᾳ
422 817 459 886 δὲ
479 818 665 906 ἐπιθυμεῖν,
689 819 782 909 ἑτέρᾳ
806 819 842 886 δὲ
866 825 1066 906 λογίζεσθαι.
1102 816 1228 886 οὔκουν
1253 813 1333 884 οὐδὲ

184 920 270 1011 ἡμᾶς
293 922 380 992 οὕτω
403 922 465 1011 χρὴ
484 922 687 1010 προβάλλειν
705 922 804 1011 αὐτό,
827 925 980 1013 καθάπερ
1003 923 1119 1012 ὀλίγον
1142 930 1334 1014 ἔμπροσθεν

185 1039 333 1118 είπομεν,
364 1030 521 1112 ἐπιδεῖξαι
554 1036 843 1118 παρακαλοῦιπας,
875 1031 921 1114 ὥς
952 1035 990 1101 έν
1015 1030 1123 1125 ταύτῷ
1152 1030 1243 1122 τόπῳ
1272 1034 1359 1098 τοῦτ»

186 1137 271 1229 {pico
298 1139 354 1205 καὶ
383 1137 420 1206 τὸ
449 1139 628 1224 θυμοειδές
656 1141 723 1206 ἐστι
751 1140 806 1207 καὶ
833 1139 870 1207 τὸ
899 1139 1091 1229 λογιστικὸν
1117 1140 1173 1208 καὶ
1200 1135 1237 1206 τὸ
1267 1139 1334 1205 έπι-

186 1243 385 1331 θυμητικάυ.
429 1243 466 1312 τὸ
494 1250 614 1312 τοίνυν
640 1245 804 1334 πρότερόν
831 1274 865 1314 τε
887 1247 1010 1316 τούτου
1037 1248 1092 1315 καὶ
1115 1244 1334 1333 γενικώτερον

187 1350 310 1438 ζήτημα
332 1355 430 1419 τοῦτο
455 1353 728 1440 παρακαλέσομεν
751 1350 771 1441 ἦ
795 1352 994 1441 Χρύσιππον
1022 1351 1042 1440 ἦ
1069 1380 1144 1422 τινα
1174 1355 1243 1420 τῶν
1269 1348 1333 1420 ἀπὸ

186 1455 291 1526 αὐτοῦ
309 1455 585 1545 καταστήσασθαί
604 1485 639 1527 τε
662 1461 716 1528 καὶ
735 1457 921 1542 ἀποδεῖξαι·
944 1465 1043 1530 τοῦτο
1067 1462 1108 1530 δέ
1125 1462 1192 1528 ἐστι
1215 1459 1252 1528 τὸ
1276 1462 1335 1546 τῆς

186 1563 288 1653 αὐτῆς
301 1563 387 1633 εἶναι
402 1565 576 1654 δυνάμεως
594 1571 674 1652 ἔργα
692 1566 730 1636 τό
748 1593 782 1635 τε
802 1575 991 1653 λογίζεσθαι
1010 1568 1064 1636 καὶ
1084 1566 1120 1636 τὸ
1136 1569 1333 1654 θυμοῦσθαι
1349 1588 1374 1626 ¹⁰

186 1673 240 1740 καὶ
268 1670 305 1740 τὸ
334 1670 520 1761 βρωμάτων
542 1697 577 1740 τε
602 1677 607 1760 Ι
631 1673 685 1741 καὶ
713 1674 872 1760 πομάτων
899 1676 954 1743 καὶ
982 1673 1192 1763 ἀφροδισίων
1220 1675 1400 1746 ἐπιθυ-339

186 1793 269 1865 μεῖν.
314 1775 408 1866 ἡμεῖς
430 1777 579 1867 μὲνγὰρ
602 1781 658 1848 έπί
677 1785 801 1850 τετῶν
824 1779 958 1868 ἀλόγων
982 1779 1074 1873 ζῴων
1098 1783 1245 1870 ἐναργῶς
1268 1783 1332 1848 ἐπι-

187 1890 365 1974 δείκνυμεν
401 1882 485 1954 aaa
522 1890 747 1975 κεχωρισμένα
783 1889 838 1957 καὶ
870 1889 1004 1976 προσέτι
1035 1892 1103 1956 τῶν
1134 1893 1265 1956 παίδων
1303 1893 1339 1956 οἳ

186 1997 333 2085 λογισμῷ
352 1992 414 2080 μὲν
437 1991 552 2080 ἥκιστα
574 1999 728 2082 χρῶνται,
751 2005 876 2083 θυμοῖς
900 1995 936 2063 δὲ
956 1996 1011 2063 καὶ
1030 1996 1222 2081 ἐπιθυμίαις
1245 2000 1334 2082 ίσχυ-

187 2100 340 2187 ροτάταις
363 2097 473 2188 ὥσπερ
495 2099 535 2168 τὰ
565 2107 670 2188 θηρία
698 2102 909 2171 δουλεύουσι.
954 2103 1008 2170 καὶ
1037 2099 1131 2190 ἡμῶν
1158 2127 1195 2188 γε
1223 2098 1334 2170 αὐτῶν
1350 2123 1375 2160 ιῡ

187 2204 205 2274 δ
237 2207 300 2293 μὲν
327 2210 371 2297 τῷ
403 2211 548 2298 λογισμῷ
581 2207 724 2294 μάλιστα
750 2209 921 2298 χριόμενος
953 2207 1071 2296 ἥκιστα
1099 2206 1337 2295 ίπιθυμητικός

186 2314 224 2380 τέ
245 2314 314 2380 έστι
337 2313 391 2380 καὶ
408 2313 567 2402 θυμικός,
591 2313 609 2383 ὁ
634 2315 672 2384 δὲ
693 2313 760 2384 ὑπό
784 2342 875 2396 τινος
897 2319 966 2383 τῶν
988 2312 1122 2402 άλόγων
1144 2318 1203 2403 τῆς
1226 2318 1334 2402 ψυχῆς

157 2537 161 2546 ’
224 2549 413 2602 3λυπεῖσθαι
436 2546 493 2601 ΜΡ
516 2548 647 2616 λογίσθαι
670 2547 695 2602 A
718 2549 880 2617 λογίζεσθαι
899 2547 920 2602 p
939 2547 1018 2603 Corn.
1043 2545 1155 2611 BCbK3
1184 2547 1218 2600 cf.
1249 2545 1334 2600 Pron,

188 2637 214 2688 p.
235 2624 279 2673 41.
299 2649 330 2658 -
359 2625 390 2674 10
414 2613 445 2674 τό
465 2637 493 2673 τε
512 2621 666 2673 λυπεῖσθαι
686 2620 722 2673 Μ.
742 2651 774 2660 —-
803 2627 833 2674 la
852 2613 964 2688 άλόγων
982 2619 1010 2674 Μ
1034 2614 1126 2674 ἄλλων
1145 2617 1281 2672 ABCbK.
1300 2647 1336 2658 ·-

189 2854 323 2916 statuat.
373 2851 577 2938 Chrysippus
606 2876 682 2919 vero
710 2876 751 2918 ne
775 2855 948 2920 facultates
976 2855 1106 2940 quidem
1133 2853 1223 2937 ipsas
1252 2853 1337 2918 inter

190 2979 224 3020 se
248 2958 370 3023 distare
391 2960 538 3025 concedit
556 2983 660 3045 neque
684 2961 750 3025 alia
769 2961 999 3026 excandescere
1019 2961 1151 3043 animal,
1174 2960 1241 3024 alia
1264 2981 1336 3024 con-

189 3064 369 3148 cupiscere,
403 3065 469 3130 alia
503 3068 701 3133 ratiocinari.
761 3068 920 3144 Quocirca
954 3089 996 3132 nc
1029 3089 1048 3130 a
1078 3066 1174 3130 nobis
1207 3065 1337 3149 quidem

189 3173 338 3254 quaestio
368 3173 415 3237 ita
446 3174 659 3258 proponenda
685 3177 747 3258 est,
775 3179 813 3239 ut
840 3174 936 3239 modo
963 3173 1114 3258 fecimus,
1145 3177 1182 3236 ut
1210 3173 1251 3236 ab
1279 3171 1337 3236 illo

189 3279 418 3365 probationem
442 3281 585 3365 aliquam
609 3281 792 3366 exigamus,
820 3303 884 3366 qua
911 3281 945 3345 in
973 3282 1085 3346 eodem
1112 3280 1185 3345 loco
1214 3280 1337 3350 iracun-

189 3387 278 3452 diam
302 3387 518 3452 strationem
543 3391 576 3451 et
599 3387 811 3472 cupiditatem
834 3409 905 3452 esse
929 3389 1111 3470 confirmet,
1135 3387 1191 3450 sed
1214 3384 1294 3451 illud
1319 3408 1338 3449 a

190 3491 375 3579 Chrysippo
402 3494 497 3559 vela
527 3495 681 3578 quopiam
713 3495 778 3560 alio
806 3493 949 3558 eiusdem
972 3493 1117 3558 familiae
1140 3491 1338 3576 philosopho

190 3600 428 3685 requirendum,
451 3605 487 3664 ut
507 3601 549 3684 id,
572 3601 656 3684 quod
675 3601 765 3686 prius
785 3604 818 3664 et
836 3599 1040 3665 communius
1060 3604 1119 3684 est,
1137 3599 1339 3664 constituant

190 3729 227 3772 ao
251 3705 488 3791 demonstrent,
511 3707 543 3771 id
568 3711 627 3790 est,
650 3711 687 3771 nt
708 3706 1006 3790 ratiocinationem,
1034 3705 1250 3788 iracundiam,
1273 3704 1337 3769 cibi

190 3815 396 3900 potionisque
425 3837 462 3878 ac
492 3815 619 3879 veneris
648 3813 870 3897 appetentiam
899 3813 1042 3878 eiusdem
1070 3835 1140 3877 csse
1170 3811 1337 3877 facultatis

190 3920 372 3987 ostendant.
425 3919 495 3986 Nos
533 3921 619 3986 enim
651 3942 725 3985 cum
758 3921 792 3984 in
828 3919 934 3984 brutis
967 3921 1163 3985 animalibus
1192 3919 1339 3984 seiuncta

189 4027 271 4092 haec
295 4049 366 4092 esse
390 4029 557 4093 evidenter
580 4031 761 4092 monstrare
784 4048 957 4112 possumus
981 4033 1051 4092 tum
1075 4028 1109 4092 in
1132 4026 1251 4110 pueris,
1274 4024 1339 4109 qui,

189 4138 228 4198 ut
255 4135 381 4200 ratione
411 4135 544 4200 minimo
571 4137 720 4218 utuntur,
751 4134 798 4197 ita
826 4133 893 4197 irae
922 4139 954 4198 et
982 4133 1216 4218 cupiditatibus
1245 4131 1338 4194 vehe-

190 4241 404 4306 mentissimis
427 4245 595 4326 tamquam
618 4241 742 4306 bestiae
763 4241 915 4306 serviunt.
952 4241 1059 4325 Atque
1078 4263 1117 4304 ex
1140 4239 1234 4304 nobis
1259 4237 1339 4322 ipsis

190 4347 321 4433 quidem
344 4349 412 4428 ille,
436 4349 490 4433 qui
515 4349 641 4415 ratione
665 4348 843 4432 plurimum
861 4347 974 4430 utitur,
997 4348 1130 4412 minime
1154 4345 1339 4430 cupiditati·

190 4460 251 4526 bus
274 4455 387 4541 iraque
407 4455 558 4539 efficitur,
582 4458 697 4524 contra
719 4455 774 4540 qui
798 4455 981 4520 irrationali
1006 4455 1104 4520 alicui
1128 4452 1228 4518 animi
1251 4451 1339 4536 parti

244 4571 324 4612 (taleni
339 4570 366 4611 do
381 4571 440 4610 l’loc.
455 4569 513 4610 Plct
528 4572 549 4608 cl
564 4569 673 4618 Hlppoor.
689 4568 749 4608 llbrl.
1093 4565 1127 4612 20
