3210 5148
579 456 822 520 —423-

121 605 228 692 ὀξείας
255 609 310 678 καὶ
343 615 478 699 βαρείας
509 612 564 680 καὶ
593 611 737 698 μεγάλης
763 614 817 680 καὶ
850 618 990 700 σμικρᾶς
1016 615 1071 682 καὶ
1099 621 1189 694 λείας
1215 616 1271 684 καὶ

120 723 289 805 τραχείας,
316 713 359 786 οὐ
385 715 454 804 μὴν
475 718 515 786 τά
544 745 580 805 γε
607 718 709 807 μόρια
737 719 840 787 ταῦτά
869 721 959 788 ἐστιν
987 718 1063 788 οὔτε
1087 718 1171 801 ῶτὸς
1194 719 1269 790 οὔτε

121 821 312 911 ὀφθαλμοῦ.
357 821 441 892 ἀλλὰ
470 822 572 892 οἶσθα
600 823 710 911 δήπου
732 826 786 892 καί
815 825 858 894 σὺ
881 831 1010 914 σαφῶς,
1040 825 1085 908 ῶς
1107 844 1270 916 κερατοει-

121 930 182 1018 ὃής
203 932 241 999 τί
260 937 310 1010 τίς
333 931 401 999 ἐστι
429 929 530 1019 χιτῶν
552 931 607 999 καὶ
632 929 808 1019 ραγοειθὴς
830 935 940 1021 ἕτερος
962 935 1017 1001 καὶ
1041 940 1087 1004 ἔτι
1111 944 1271 1023 κρυσταλ-

120 1039 247 1118 λοειθές
269 1065 304 1106 τε
326 1037 381 1105 καὶ
410 1035 582 1117 ὑαλοειὸἓς
608 1035 716 1124 ὑγρὸν
740 1037 833 1127 ἕτεροί
856 1066 891 1108 τε
918 1044 1055 1108 τοιαῦτα
1078 1040 1179 1130 μόρια
1202 1046 1296 1110 τῶνο

120 1141 324 1234 ὀφθαλμῶν,
347 1143 456 1232 ῶσπερ
485 1170 521 1231 γε
549 1145 603 1212 καί
627 1142 712 1224 ῶτὸς
734 1142 815 1214 ὀστᾶ
842 1147 897 1213 καὶ
920 1146 1059 1234 χόνδροι
1083 1149 1138 1215 καὶ
1167 1152 1270 1236 νεῦρα

22 1329 23 1332 ¹
119 1251 174 1319 καὶ
201 1249 320 1340 ὑμένες
351 1249 413 1320 ὅσα
436 1277 470 1319 τε
498 1249 581 1319 ἄλλα
611 1255 757 1320 τοιαῦτα.
802 1251 847 1340 μὴ
873 1259 993 1321 τοίνυν
1019 1253 1103 1340 μηδὲ
1132 1255 1184 1322 ἐπὶ
1212 1258 1270 1342 τῆς

121 1362 229 1446 ψυχῆς
251 1357 365 1445 σύγχει
388 1356 428 1426 τὰ
451 1357 553 1446 μόρια
575 1373 647 1438 ταῖς
671 1359 859 1446 ἐνεργείαις.
905 1364 942 1426 αί
967 1359 1028 1446 μὲν
1051 1359 1115 1449 γὰρ
1140 1365 1268 1430 ἔννοιαι

21 1551 23 1556 Α
119 1465 173 1531 καὶ
192 1463 374 1552 προλήψεις
392 1465 554 1552 ἐνέργειαι
572 1469 631 1553 τῆς
649 1469 768 1554 ψυχῆς,
790 1465 890 1554 μόρια
914 1463 949 1532 dl
969 1463 1081 1554 αὐτῆς,
1105 1465 1150 1548 ῶς
1168 1464 1269 1548 αὐτὸς
1389 1513 1395 1522 ·

121 1567 163 1638 σὺ
188 1569 244 1637 διὰ
269 1571 391 1658 ε’τίρῶν
414 1571 633 1655 ἐκθιθόσκεις,
656 1572 693 1640 τό
717 1598 752 1639 τε
774 1569 975 1641 ἀκουστικὸν
996 1577 1127 1661 πνεῦμα
1150 1575 1204 1642 καὶ
1227 1573 1265 1642 τὸ
1283 1595 1308 1636 10

120 1673 258 1745 ὀπτικὸν
282 1681 328 1745 ἐτι
351 1704 386 1745 τε
404 1677 486 1765 πρὸς
507 1678 639 1758 τούτοις
657 1677 849 1766 φωνητικόν
871 1705 905 1745 τε
924 1679 978 1746 καὶ
997 1679 1194 1767 γεννητικὸν
1210 1682 1266 1748 καὶ

118 1783 182 1870 πρὸ
196 1787 209 1871 Ι
228 1783 364 1854 πάντων
386 1781 500 1852 αὐτῶν
517 1782 554 1853 τὸ
575 1783 786 1873 ἡγεμονικόν,
810 1785 847 1852 ἐν
865 1777 891 1876 ᾧ
910 1785 965 1853 καὶ
983 1785 1044 1854 τὸν
1062 1787 1166 1873 λόγον
1184 1793 1330 1875 tonsu?

118 1897 351 1976 συνίστασθαι,
375 1889 454 1960 καθ’
480 1888 498 1960 ὃ
518 1891 559 1979 δὴ
579 1893 634 1960 καί
654 1891 793 1979 μάλιστα
813 1891 934 1980 μόριον
951 1896 1009 1980 τῆς
1027 1897 1134 1980 ψυχῆς
1152 1891 1266 1980 αἶσχος

118 1998 173 2064 καὶ
203 1997 324 2077 κάλλος
352 1999 545 2084 ἐγγίνεσθαι
573 2001 679 2085 λέγεις
705 1995 798 2088 αὐτῇ.
846 2003 946 2067 τοῦτο
976 1993 1040 2068 οὖν
1070 1999 1107 2068 τὸ
1135 2005 1264 2088 πνεῦμα

118 2103 180 2172 δύο
209 2103 270 2193 μὲν
299 2107 449 2192 κέκτηται
481 2105 582 2194 μόριοί
614 2132 648 2173 τε
678 2105 733 2172 καὶ
765 2120 908 2193 στοιχεῖα
942 2107 1010 2190 [καὶ
1038 2105 1262 2192 καταστάσεις]
1280 2129 1304 2170 1⁵

19 2399 21 2430 ι
153 2377 168 2424 1
193 2369 410 2442 κρυοταλοειδὴς
437 2373 503 2426 ΜΔ.
534 2403 565 2412 -
596 2375 610 2422 7
635 2369 658 2423 A
683 2367 775 2422 vorbis
802 2367 840 2442 μὴ
869 2373 965 2426 τοίνυν
993 2371 1093 2444 incipit
1116 2374 1263 2458 quaternio

19 2447 20 2452 ’
119 2441 250 2498 XXVIIII
270 2443 372 2500 codicis
392 2443 427 2510 L;
446 2443 480 2498 cf.
500 2442 583 2498 Proll.
603 2459 630 2510 p.
651 2445 692 2495 73.
713 2471 744 2480 ·-
766 2445 781 2492 9
800 2439 834 2495 ori
849 2438 1005 2512 προλήψεις
1023 2445 1205 2512 (προσληφεις
1223 2446 1263 2514 Μ)

117 2515 196 2570 codd.
217 2515 278 2570 edd.
294 2513 328 2570 αί
339 2515 505 2572 delevimus·
525 2513 559 2570 of.
575 2512 659 2568 Proll.
678 2531 705 2582 p.
727 2517 786 2566 113.
806 2545 838 2552 -
859 2513 908 2582 τῆς
921 2514 1015 2584 ψυχῆς
1029 2509 1067 2577 ῶς
1082 2509 1169 2576 αὐτὸς
1183 2516 1261 2570 codd.

116 2585 177 2640 edd.
202 2587 250 2654 τῆς
273 2587 367 2657 ψυχῆς
390 2585 453 2655 sior,
477 2557 511 2640 tul
535 2583 567 2640 dl
587 2579 686 2656 μόρια,
710 2576 748 2645 ῶς
766 2578 828 2640 αὐτ.
852 2583 931 2640 Corn.
956 2585 1104 2655 ταραχῆς,
1124 2582 1209 2655 μόρια
1229 2585 1259 2643 dl

116 2651 212 2724 αὐτῆς,
233 2652 270 2720 ῶς
288 2677 312 2712 α.
333 2678 355 2712 τ.
375 2660 398 2712 λ.
417 2673 479 2724 n0s3
499 2655 534 2711 oi.
549 2656 633 2711 Proll.
653 2673 681 2724 p.
698 2661 756 2709 12⁷.
776 2687 808 2695 -
831 2663 862 2711 13
882 2652 959 2710 καθὸ
974 2657 1038 2712 LM.
1053 2687 1088 2696 —
1106 2653 1206 2726 μόριον
1225 2655 1260 2726 δὴ

115 2728 164 2796 τῆς
183 2727 253 2794 Lll;
272 2727 306 2782 cf.
325 2728 409 2782 Proll.
428 2747 456 2798 p.
477 2735 536 2782 113.
555 2759 590 2768 -
614 2719 684 2796 ῶχος
704 2742 754 2796 pro
773 2723 868 2798 αλσχος
887 2727 923 2784 M.
942 2759 977 2768 -
1003 2735 1034 2782 lt
1054 2729 1102 2782 καλ
1121 2726 1260 2784 καταστά-

18 2873 24 2886 μ
115 2817 172 2860 σεις
190 2799 269 2854 uncis
287 2799 460 2868 inclusimus3
480 2799 515 2854 oi.
534 2799 618 2854 Proll.
638 2815 664 2869 p.
686 2803 744 2852 128.
765 2829 797 2838 —

18 3113 23 3118 -
113 3072 228 3158 tiones,
251 3071 377 3138 aurium
402 3074 658 3154 sutem-vocum,
682 3073 796 3134 noutne
819 3069 944 3154 gravis,
968 3090 1105 3156 magnae
1129 3093 1259 3154 parvae,

113 3181 194 3246 levis
222 3201 368 3264 usperse3
401 3201 466 3244 non
501 3181 610 3242 tumen
642 3179 752 3262 portes
784 3175 846 3240 hoe
876 3199 978 3260 neque
1002 3176 1127 3240 aurium
1155 3199 1258 3261 neque
1349 3241 1350 3244 ,

18 3305 25 3336 2
113 3285 279 3353 oculorum
303 3291 379 3352 srmt
398 3284 640 3351 existimandae.
678 3283 723 3348 At
746 3283 874 3367 tuipse
896 3283 999 3366 probe
1023 3283 1086 3348 sois
1105 3305 1257 3348 corneum

112 3393 293 3458 folliculum
318 3399 350 3458 et
373 3394 550 3476 animosum,
573 3389 745 3476 glnoIolem
769 3389 847 3453 item
872 3394 904 3452 et
926 3389 1065 3454 vitreum
1088 3389 1256 3456 humorem

22 3527 26 3538 ·
114 3497 240 3582 alisque
259 3499 292 3564 id
311 3521 412 3586 genus
432 3499 598 3566 oculorum
613 3520 683 3562 esse
702 3501 822 3583 portes,
841 3497 1110 3580 quemadmodum
1130 3498 1257 3564 surium

18 3641 19 3646 κ
113 3626 196 3686 osso,
215 3605 433 3692 cartilagines,
451 3627 579 3688 nervos,
597 3605 804 3671 membranas
819 3603 1006 3688 reliquoque
1025 3603 1257 3671 huiuscemodi.

112 3710 188 3776 Noli
207 3710 309 3796 igitur
327 3715 435 3795 partes
455 3734 527 3776 eum
546 3711 769 3777 functionibus
789 3711 889 3776 animi
909 3709 1110 3776 confundere.
1143 3710 1256 3778 Notio-

18 3841 24 3882 :
111 3841 167 3883 nes
200 3817 286 3884 enim
318 3821 351 3882 et
382 3819 633 3904 anticipationes
669 3817 853 3884 fimetiones
886 3817 986 3883 animi
1020 3821 1108 3900 sunt,
1145 3821 1254 3900 partes

112 3927 229 4010 nutem,
252 3929 289 3989 ut
311 3925 439 4009 tuipse
463 3925 543 3990 olibi
567 3925 672 4008 doces,
695 3925 830 4008 spiritus
855 3924 1034 3990 auditorius
1059 3928 1092 3988 et
1114 3924 1254 3990 visibilis

18 4055 24 4096 :·
111 4033 252 4117 itemque
280 4031 404 4098 voculis
433 4036 465 4096 et
492 4031 646 4117 genitalis
675 4036 708 4096 et
738 4034 868 4115 praeter
896 4034 1021 4120 eeteros
1052 4029 1254 4116 principalis,

18 4178 23 4194 ι
110 4140 145 4204 in
172 4139 359 4226 quostiam
385 4139 546 4204 rationem
571 4139 746 4205 consistere
774 4138 900 4222 dixisti,
928 4160 991 4222 qua
1018 4137 1053 4202 in
1080 4140 1173 4222 parte
1201 4137 1251 4201 vel

110 4247 249 4312 maxime
279 4244 520 4312 deformitatem
549 4250 582 4311 et
608 4245 881 4329 pulohn'tudinem
914 4244 1014 4310 animi
1042 4244 1167 4308 innasci
1195 4244 1252 4308 ais.

18 4395 20 4418 s
108 4353 171 4420 Hic
198 4354 300 4440 igitur
323 4353 458 4438 spiritus
481 4352 561 4417 duos
583 4352 684 4418 habet
710 4355 820 4437 portes
844 4352 1065 4436 elementaque
1092 4352 1253 4436 permixto
1335 4387 1342 4402 ·

108 4461 194 4526 inter
216 4483 250 4526 se
269 4463 301 4528 et
324 4463 514 4548 temperata,
536 4459 744 4548 lrIgidumet
762 4459 912 4546 calidum,
935 4459 984 4523 sin
1003 4457 1078 4526 aliis
1098 4481 1117 4522 ο
1134 4463 1252 4528 natura
