<?xml version="1.0" encoding="UTF-8"?>
<!DOCTYPE html PUBLIC "-//W3C//DTD XHTML 1.0 Transitional//EN"
    "http://www.w3.org/TR/xhtml1/DTD/xhtml1-transitional.dtd">
<html xmlns="http://www.w3.org/1999/xhtml" xml:lang="en" lang="en">
 <head>
  <title>
</title>
<meta http-equiv="Content-Type" content="text/html;charset=utf-8" />
  <meta name='ocr-system' content='tesseract 3.04.00' />
  <meta name='ocr-capabilities' content='ocr_page ocr_carea ocr_par ocr_line ocrx_word'/>
</head>
<body>
  <div class='ocr_page' id='page_1' title='image "./claudiigalenide02mlgoog/claudiigalenide02mlgoog_0498.png"; bbox 0 0 3210 5148; ppageno 0'>
   <div class='ocr_carea' id='block_1_1' title="bbox 582 417 824 482">
    <p class='ocr_par' dir='ltr' id='par_1_1' title="bbox 582 417 824 482">
     <span class='ocr_line' id='line_1_1' title="bbox 582 417 824 482; baseline 0 -1"><span class='ocrx_word' id='word_1_1' title='bbox 582 417 824 482; x_wconf 84' lang='lat'>-483-</span> 
     </span>
    </p>
   </div>
   <div class='ocr_carea' id='block_1_2' title="bbox 129 569 1371 2265">
    <p class='ocr_par' dir='ltr' id='par_1_2' title="bbox 129 569 1371 2262">
     <span class='ocr_line' id='line_1_2' title="bbox 132 569 1272 662; baseline 0 -20"><span class='ocrx_word' id='word_1_2' title='bbox 132 599 233 662; x_wconf 92' lang='grc' dir='ltr'><em>μενον</em></span> <span class='ocrx_word' id='word_1_3' title='bbox 254 573 292 644; x_wconf 87' lang='grc' dir='ltr'><strong>τὸ</strong></span> <span class='ocrx_word' id='word_1_4' title='bbox 315 577 373 662; x_wconf 79' lang='grc' dir='ltr'><strong>τῆς</strong></span> <span class='ocrx_word' id='word_1_5' title='bbox 397 578 503 661; x_wconf 74' lang='grc' dir='ltr'><em>ψυχῆς</em></span> <span class='ocrx_word' id='word_1_6' title='bbox 521 571 763 662; x_wconf 74' lang='grc' dir='ltr'><em>ἐπιθυμητικὸν</em></span> <span class='ocrx_word' id='word_1_7' title='bbox 785 569 908 640; x_wconf 79' lang='grc' dir='ltr'><em>ἄκοντα</em></span> <span class='ocrx_word' id='word_1_8' title='bbox 927 571 987 640; x_wconf 90' lang='grc' dir='ltr'><em>τὸν</em></span> <span class='ocrx_word' id='word_1_9' title='bbox 1010 572 1172 660; x_wconf 92' lang='grc' dir='ltr'><em>λογισμὸν</em></span> <span class='ocrx_word' id='word_1_10' title='bbox 1195 574 1272 662; x_wconf 77' lang='grc' dir='ltr'><em>ἕλκη</em></span> 
     </span>
     <span class='ocr_line' id='line_1_3' title="bbox 132 675 1274 770; baseline -0.002 -20"><span class='ocrx_word' id='word_1_11' title='bbox 132 685 261 767; x_wconf 83' lang='grc' dir='ltr'><em>βιαίως,</em></span> <span class='ocrx_word' id='word_1_12' title='bbox 288 681 370 750; x_wconf 85' lang='grc' dir='ltr'><em>κατὰ</em></span> <span class='ocrx_word' id='word_1_13' title='bbox 395 681 524 749; x_wconf 79' lang='grc' dir='ltr'><em>ἐκείνου</em></span> <span class='ocrx_word' id='word_1_14' title='bbox 552 679 727 768; x_wconf 82' lang='grc' dir='ltr'><em>σύμμαχον</em></span> <span class='ocrx_word' id='word_1_15' title='bbox 754 682 799 770; x_wconf 88' lang='grc' dir='ltr'><strong>τῷ</strong></span> <span class='ocrx_word' id='word_1_16' title='bbox 823 682 997 770; x_wconf 75' lang='grc' dir='ltr'><strong><em>λογιστικῷ</em></strong></span> <span class='ocrx_word' id='word_1_17' title='bbox 1029 675 1066 746; x_wconf 87' lang='grc' dir='ltr'><strong>τὸ</strong></span> <span class='ocrx_word' id='word_1_18' title='bbox 1095 679 1274 766; x_wconf 72' lang='grc' dir='ltr'><em>θυμοειδὲς</em></span> 
     </span>
     <span class='ocr_line' id='line_1_4' title="bbox 132 777 1273 876; baseline -0.002 -20"><span class='ocrx_word' id='word_1_19' title='bbox 132 793 267 874; x_wconf 88' lang='grc' dir='ltr'><em>γίνεται·</em></span> <span class='ocrx_word' id='word_1_20' title='bbox 287 785 369 857; x_wconf 85' lang='grc' dir='ltr'><em>όταν</em></span> <span class='ocrx_word' id='word_1_21' title='bbox 383 785 420 855; x_wconf 66' lang='grc' dir='ltr'><strong>δὲ</strong></span> <span class='ocrx_word' id='word_1_22' title='bbox 435 789 561 870; x_wconf 75' lang='grc' dir='ltr'><em>ἔξωθεν</em></span> <span class='ocrx_word' id='word_1_23' title='bbox 578 777 599 876; x_wconf 76' lang='grc' dir='ltr'><strong><em>ᾖ</em></strong></span> <span class='ocrx_word' id='word_1_24' title='bbox 612 813 662 867; x_wconf 84' lang='grc' dir='ltr'><strong>τις</strong></span> <span class='ocrx_word' id='word_1_25' title='bbox 676 783 814 872; x_wconf 84' lang='grc' dir='ltr'><em>ἀδικῷν,</em></span> <span class='ocrx_word' id='word_1_26' title='bbox 834 787 963 856; x_wconf 79' lang='grc' dir='ltr'><em>ἐκεῖνον</em></span> <span class='ocrx_word' id='word_1_27' title='bbox 981 783 1273 874; x_wconf 76' lang='grc' dir='ltr'><em>ἀντιτιμωρεῖσθαι</em></span> 
     </span>
     <span class='ocr_line' id='line_1_5' title="bbox 131 889 1273 982; baseline -0.002 -20"><span class='ocrx_word' id='word_1_28' title='bbox 131 893 272 962; x_wconf 87' lang='grc' dir='ltr'><em>σπεύδει.</em></span> <span class='ocrx_word' id='word_1_29' title='bbox 309 892 444 962; x_wconf 78' lang='grc' dir='ltr'><em>ἐπειδὰν</em></span> <span class='ocrx_word' id='word_1_30' title='bbox 468 892 504 960; x_wconf 73' lang='grc' dir='ltr'><strong>δὲ</strong></span> <span class='ocrx_word' id='word_1_31' title='bbox 523 889 587 962; x_wconf 83' lang='grc' dir='ltr'><strong>ὑπὸ</strong></span> <span class='ocrx_word' id='word_1_32' title='bbox 607 893 751 982; x_wconf 82' lang='grc' dir='ltr'><em>μηδενὸς</em></span> <span class='ocrx_word' id='word_1_33' title='bbox 768 889 959 961; x_wconf 80' lang='grc' dir='ltr'><em>ἀδικεῖσθαι</em></span> <span class='ocrx_word' id='word_1_34' title='bbox 983 891 1101 981; x_wconf 75' lang='grc' dir='ltr'><em>δοξάζη</em></span> <span class='ocrx_word' id='word_1_35' title='bbox 1124 893 1162 960; x_wconf 90' lang='grc' dir='ltr'><strong>τὸ</strong></span> <span class='ocrx_word' id='word_1_36' title='bbox 1186 900 1273 980; x_wconf 93' lang='grc' dir='ltr'><em>λογι-</em></span> 
     </span>
     <span class='ocr_line' id='line_1_6' title="bbox 131 993 1301 1088; baseline 0.001 -21"><span class='ocrx_word' id='word_1_37' title='bbox 131 999 258 1085; x_wconf 88' lang='grc' dir='ltr'><em>στικόν,</em></span> <span class='ocrx_word' id='word_1_38' title='bbox 291 997 369 1070; x_wconf 73' lang='grc' dir='ltr'><em>οὐδὲ</em></span> <span class='ocrx_word' id='word_1_39' title='bbox 399 997 416 1068; x_wconf 86' lang='grc' dir='ltr'><em>δ</em></span> <span class='ocrx_word' id='word_1_40' title='bbox 445 999 556 1088; x_wconf 86' lang='grc' dir='ltr'><em>θυμὸς</em></span> <span class='ocrx_word' id='word_1_41' title='bbox 588 997 702 1082; x_wconf 78' lang='grc' dir='ltr'><em>ἀναζεῑ</em></span> <span class='ocrx_word' id='word_1_42' title='bbox 730 1001 926 1088; x_wconf 85' lang='grc' dir='ltr'><em>τηνικαῦτα,</em></span> <span class='ocrx_word' id='word_1_43' title='bbox 956 993 1019 1066; x_wconf 83' lang='grc' dir='ltr'><em>κάν</em></span> <span class='ocrx_word' id='word_1_44' title='bbox 1051 995 1102 1066; x_wconf 83' lang='grc' dir='ltr'><strong>ὅτι</strong></span> <span class='ocrx_word' id='word_1_45' title='bbox 1133 997 1301 1086; x_wconf 81' lang='grc' dir='ltr'><em>μάλισταε</em></span> 
     </span>
     <span class='ocr_line' id='line_1_7' title="bbox 130 1100 1371 1195; baseline 0 -21"><span class='ocrx_word' id='word_1_46' title='bbox 130 1107 302 1195; x_wconf 76' lang='grc' dir='ltr'><em>κολάζηται</em></span> <span class='ocrx_word' id='word_1_47' title='bbox 325 1106 362 1176; x_wconf 89' lang='grc' dir='ltr'><strong>τὸ</strong></span> <span class='ocrx_word' id='word_1_48' title='bbox 391 1111 485 1194; x_wconf 76' lang='grc' dir='ltr'><em>σῶμα</em></span> <span class='ocrx_word' id='word_1_49' title='bbox 510 1109 646 1188; x_wconf 76' lang='grc' dir='ltr'><em>δικαίως</em></span> <span class='ocrx_word' id='word_1_50' title='bbox 669 1105 734 1176; x_wconf 85' lang='grc' dir='ltr'><strong>ὑπό</strong></span> <span class='ocrx_word' id='word_1_51' title='bbox 764 1131 855 1185; x_wconf 85' lang='grc' dir='ltr'><em>τινος</em></span> <span class='ocrx_word' id='word_1_52' title='bbox 879 1100 898 1191; x_wconf 83' lang='grc' dir='ltr'>ἢ</span> <span class='ocrx_word' id='word_1_53' title='bbox 927 1106 1048 1192; x_wconf 77' lang='grc' dir='ltr'><em>ῥιγοῦν</em></span> <span class='ocrx_word' id='word_1_54' title='bbox 1071 1101 1090 1192; x_wconf 78' lang='grc' dir='ltr'>ἢ</span> <span class='ocrx_word' id='word_1_55' title='bbox 1113 1109 1232 1192; x_wconf 78' lang='grc' dir='ltr'><em>πεινῆν</em></span> <span class='ocrx_word' id='word_1_56' title='bbox 1254 1101 1274 1192; x_wconf 81' lang='grc' dir='ltr'>ἢ</span> <span class='ocrx_word' id='word_1_57' title='bbox 1366 1127 1371 1136; x_wconf 88' lang='grc'><em>“</em></span> 
     </span>
     <span class='ocr_line' id='line_1_8' title="bbox 132 1205 1275 1306; baseline 0 -26"><span class='ocrx_word' id='word_1_58' title='bbox 132 1217 234 1300; x_wconf 81' lang='grc' dir='ltr'><em>διψῆν</em></span> <span class='ocrx_word' id='word_1_59' title='bbox 257 1211 536 1302; x_wconf 79' lang='grc' dir='ltr'><em>ἀναγκαζόμενον.</em></span> <span class='ocrx_word' id='word_1_60' title='bbox 579 1205 606 1306; x_wconf 88' lang='grc' dir='ltr'><em>ῷ</em></span> <span class='ocrx_word' id='word_1_61' title='bbox 630 1216 751 1302; x_wconf 79' lang='grc' dir='ltr'><em>δῆλον,</em></span> <span class='ocrx_word' id='word_1_62' title='bbox 780 1211 825 1293; x_wconf 82' lang='grc' dir='ltr'><strong>ὡς</strong></span> <span class='ocrx_word' id='word_1_63' title='bbox 847 1225 919 1292; x_wconf 83' lang='grc' dir='ltr'><em>ταῖς</em></span> <span class='ocrx_word' id='word_1_64' title='bbox 946 1213 1059 1292; x_wconf 83' lang='grc' dir='ltr'><em>δόξαις</em></span> <span class='ocrx_word' id='word_1_65' title='bbox 1081 1213 1191 1280; x_wconf 81' lang='grc' dir='ltr'><em>ἕπεται</em></span> <span class='ocrx_word' id='word_1_66' title='bbox 1214 1216 1275 1281; x_wconf 84' lang='grc' dir='ltr'><strong>τοῦ</strong></span> 
     </span>
     <span class='ocr_line' id='line_1_9' title="bbox 131 1319 1276 1408; baseline 0 -20"><span class='ocrx_word' id='word_1_67' title='bbox 131 1324 321 1406; x_wconf 74' lang='grc' dir='ltr'><em>λογιστικοῦ</em></span> <span class='ocrx_word' id='word_1_68' title='bbox 352 1320 434 1390; x_wconf 83' lang='grc' dir='ltr'><em>κατὰ</em></span> <span class='ocrx_word' id='word_1_69' title='bbox 462 1321 567 1408; x_wconf 84' lang='grc' dir='ltr'><em>φύσιν</em></span> <span class='ocrx_word' id='word_1_70' title='bbox 598 1327 675 1408; x_wconf 76' lang='grc' dir='ltr'><em>ἕχον</em></span> <span class='ocrx_word' id='word_1_71' title='bbox 706 1319 744 1388; x_wconf 88' lang='grc' dir='ltr'><strong>τὸ</strong></span> <span class='ocrx_word' id='word_1_72' title='bbox 773 1319 960 1407; x_wconf 78' lang='grc' dir='ltr'><em>θυμοειδές.</em></span> <span class='ocrx_word' id='word_1_73' title='bbox 1015 1319 1180 1406; x_wconf 78' lang='grc' dir='ltr'><em>ἐνδέχεται</em></span> <span class='ocrx_word' id='word_1_74' title='bbox 1211 1319 1276 1408; x_wconf 89' lang='grc' dir='ltr'><strong>γάρ</strong></span> 
     </span>
     <span class='ocr_line' id='line_1_10' title="bbox 131 1422 1342 1516; baseline 0 -22"><span class='ocrx_word' id='word_1_75' title='bbox 131 1453 207 1494; x_wconf 87' lang='grc' dir='ltr'><em>ποτε</em></span> <span class='ocrx_word' id='word_1_76' title='bbox 236 1425 241 1516; x_wconf 77' lang='lat' dir='ltr'><strong>l</strong></span> <span class='ocrx_word' id='word_1_77' title='bbox 270 1427 324 1494; x_wconf 80' lang='grc' dir='ltr'><em>καὶ</em></span> <span class='ocrx_word' id='word_1_78' title='bbox 352 1430 451 1496; x_wconf 85' lang='grc' dir='ltr'><em>τοῦτο</em></span> <span class='ocrx_word' id='word_1_79' title='bbox 483 1431 662 1515; x_wconf 75' lang='grc' dir='ltr'><em>μοχθηρῶς</em></span> <span class='ocrx_word' id='word_1_80' title='bbox 689 1431 901 1514; x_wconf 84' lang='grc' dir='ltr'><em>διακείμενον</em></span> <span class='ocrx_word' id='word_1_81' title='bbox 929 1422 1076 1506; x_wconf 76' lang='grc' dir='ltr'><em>ἀπειθῶς</em></span> <span class='ocrx_word' id='word_1_82' title='bbox 1107 1435 1274 1495; x_wconf 76' lang='grc' dir='ltr'><em>κινεῖσθαι</em></span> <span class='ocrx_word' id='word_1_83' title='bbox 1285 1455 1342 1512; x_wconf 75' lang='lat'><strong>499</strong></span> 
     </span>
     <span class='ocr_line' id='line_1_11' title="bbox 131 1529 1316 1625; baseline 0.006 -26"><span class='ocrx_word' id='word_1_84' title='bbox 131 1537 175 1625; x_wconf 89' lang='grc' dir='ltr'><strong>τῷ</strong></span> <span class='ocrx_word' id='word_1_85' title='bbox 194 1537 350 1624; x_wconf 89' lang='grc' dir='ltr'><em>λογισμῷ.</em></span> <span class='ocrx_word' id='word_1_86' title='bbox 385 1532 465 1622; x_wconf 88' lang='grc' dir='ltr'><em>μετδι</em></span> <span class='ocrx_word' id='word_1_87' title='bbox 485 1531 581 1620; x_wconf 84' lang='grc' dir='ltr'><em>ὀλίγα</em></span> <span class='ocrx_word' id='word_1_88' title='bbox 601 1537 684 1622; x_wconf 87' lang='grc' dir='ltr'><em>γοῦν</em></span> <span class='ocrx_word' id='word_1_89' title='bbox 708 1533 762 1600; x_wconf 80' lang='grc' dir='ltr'><em>καὶ</em></span> <span class='ocrx_word' id='word_1_90' title='bbox 786 1529 886 1612; x_wconf 84' lang='grc' dir='ltr'><em>αὐτὸς</em></span> <span class='ocrx_word' id='word_1_91' title='bbox 909 1529 926 1600; x_wconf 87' lang='grc' dir='ltr'>ὁ</span> <span class='ocrx_word' id='word_1_92' title='bbox 946 1531 1091 1601; x_wconf 87' lang='grc' dir='ltr'><em>Πλάτων</em></span> <span class='ocrx_word' id='word_1_93' title='bbox 1109 1533 1316 1606; x_wconf 65' lang='lat' dir='ltr'><strong>toteravit-10</strong></span> 
     </span>
     <span class='ocr_line' id='line_1_12' title="bbox 133 1635 1277 1728; baseline 0.001 -20"><span class='ocrx_word' id='word_1_94' title='bbox 133 1665 231 1727; x_wconf 86' lang='grc' dir='ltr'><em>μενος</em></span> <span class='ocrx_word' id='word_1_95' title='bbox 257 1640 356 1709; x_wconf 87' lang='grc' dir='ltr'><em>τοῦτό</em></span> <span class='ocrx_word' id='word_1_96' title='bbox 384 1661 489 1728; x_wconf 88' lang='grc' dir='ltr'><em>φησιν</em></span> <span class='ocrx_word' id='word_1_97' title='bbox 517 1635 553 1728; x_wconf 67' lang='grc' dir='ltr'><strong>’ἢ</strong></span> <span class='ocrx_word' id='word_1_98' title='bbox 577 1639 728 1728; x_wconf 79' lang='grc' dir='ltr'><em>καθάπερ</em></span> <span class='ocrx_word' id='word_1_99' title='bbox 751 1641 788 1707; x_wconf 78' lang='grc' dir='ltr'><em>ἐν</em></span> <span class='ocrx_word' id='word_1_100' title='bbox 814 1642 854 1728; x_wconf 79' lang='grc' dir='ltr'><strong>τῇ</strong></span> <span class='ocrx_word' id='word_1_101' title='bbox 881 1638 975 1708; x_wconf 85' lang='grc' dir='ltr'><em>πόλει</em></span> <span class='ocrx_word' id='word_1_102' title='bbox 999 1640 1147 1726; x_wconf 82' lang='grc' dir='ltr'><em>ξυνεῖχεν</em></span> <span class='ocrx_word' id='word_1_103' title='bbox 1171 1637 1277 1728; x_wconf 80' lang='grc' dir='ltr'><em>αὐτὴν</em></span> 
     </span>
     <span class='ocr_line' id='line_1_13' title="bbox 133 1743 1277 1837; baseline 0.003 -25"><span class='ocrx_word' id='word_1_104' title='bbox 133 1747 217 1833; x_wconf 67' lang='grc' dir='ltr'><em>’τρία</em></span> <span class='ocrx_word' id='word_1_105' title='bbox 242 1743 322 1814; x_wconf 83' lang='grc' dir='ltr'><em>ὄντα</em></span> <span class='ocrx_word' id='word_1_106' title='bbox 345 1747 438 1835; x_wconf 76' lang='grc' dir='ltr'><em>γένη,</em></span> <span class='ocrx_word' id='word_1_107' title='bbox 460 1745 734 1837; x_wconf 81' lang='grc' dir='ltr'><em>χρηματιστικόν,</em></span> <span class='ocrx_word' id='word_1_108' title='bbox 759 1745 1025 1834; x_wconf 78' lang='grc' dir='ltr'><em>ἐπικουρητικόν,</em></span> <span class='ocrx_word' id='word_1_109' title='bbox 1049 1747 1277 1832; x_wconf 84' lang='grc' dir='ltr'><em>βουλευτικόν,</em></span> 
     </span>
     <span class='ocr_line' id='line_1_14' title="bbox 130 1850 1276 1944; baseline 0.001 -23"><span class='ocrx_word' id='word_1_110' title='bbox 130 1850 228 1922; x_wconf 68' lang='grc' dir='ltr'><em>ὀὕτω</em></span> <span class='ocrx_word' id='word_1_111' title='bbox 251 1855 306 1922; x_wconf 81' lang='grc' dir='ltr'><em>καὶ</em></span> <span class='ocrx_word' id='word_1_112' title='bbox 330 1855 367 1923; x_wconf 80' lang='grc' dir='ltr'><em>ἐν</em></span> <span class='ocrx_word' id='word_1_113' title='bbox 397 1858 484 1944; x_wconf 72' lang='grc' dir='ltr'><strong>ψυχῇ</strong></span> <span class='ocrx_word' id='word_1_114' title='bbox 511 1860 610 1925; x_wconf 79' lang='grc' dir='ltr'><em>τοῦτο</em></span> <span class='ocrx_word' id='word_1_115' title='bbox 633 1859 748 1942; x_wconf 89' lang='grc' dir='ltr'><em>τρίτον</em></span> <span class='ocrx_word' id='word_1_116' title='bbox 776 1853 843 1921; x_wconf 79' lang='grc' dir='ltr'><em>ἐστὶ</em></span> <span class='ocrx_word' id='word_1_117' title='bbox 866 1851 904 1920; x_wconf 88' lang='grc' dir='ltr'><strong>τὸ</strong></span> <span class='ocrx_word' id='word_1_118' title='bbox 928 1855 1119 1941; x_wconf 78' lang='grc' dir='ltr'><em>θυμοειδές,</em></span> <span class='ocrx_word' id='word_1_119' title='bbox 1147 1854 1276 1922; x_wconf 80' lang='grc' dir='ltr'><em>ἐπίκου-</em></span> 
     </span>
     <span class='ocr_line' id='line_1_15' title="bbox 129 1955 1277 2052; baseline 0.002 -25"><span class='ocrx_word' id='word_1_120' title='bbox 129 1961 203 2046; x_wconf 62' lang='grc' dir='ltr'><strong>ερον</strong></span> <span class='ocrx_word' id='word_1_121' title='bbox 235 1955 277 2028; x_wconf 88' lang='grc' dir='ltr'><em>δν</em></span> <span class='ocrx_word' id='word_1_122' title='bbox 311 1965 355 2052; x_wconf 90' lang='grc' dir='ltr'><strong>τῷ</strong></span> <span class='ocrx_word' id='word_1_123' title='bbox 389 1965 564 2052; x_wconf 76' lang='grc' dir='ltr'><em>λογιστικῷ</em></span> <span class='ocrx_word' id='word_1_124' title='bbox 597 1961 713 2048; x_wconf 85' lang='grc' dir='ltr'><em>φύσει,</em></span> <span class='ocrx_word' id='word_1_125' title='bbox 746 1959 804 2029; x_wconf 84' lang='grc' dir='ltr'><em>ίάν</em></span> <span class='ocrx_word' id='word_1_126' title='bbox 842 1959 887 2048; x_wconf 83' lang='grc' dir='ltr'><strong>μὴ</strong></span> <span class='ocrx_word' id='word_1_127' title='bbox 919 1956 985 2028; x_wconf 85' lang='grc' dir='ltr'><strong>ὑπὸ</strong></span> <span class='ocrx_word' id='word_1_128' title='bbox 1018 1963 1119 2047; x_wconf 82' lang='grc' dir='ltr'><em>κακῆς</em></span> <span class='ocrx_word' id='word_1_129' title='bbox 1151 1965 1277 2048; x_wconf 78' lang='grc' dir='ltr'><em>τροφῆς</em></span> 
     </span>
     <span class='ocr_line' id='line_1_16' title="bbox 130 2059 1316 2156; baseline 0.005 -24"><span class='ocrx_word' id='word_1_130' title='bbox 130 2067 409 2154; x_wconf 59' lang='grc' dir='ltr'><em>*διαφθείρηταιί</em></span> <span class='ocrx_word' id='word_1_131' title='bbox 428 2073 515 2147; x_wconf 84' lang='grc' dir='ltr'><em>τίνες</em></span> <span class='ocrx_word' id='word_1_132' title='bbox 533 2067 595 2155; x_wconf 71' lang='grc' dir='ltr'><em>μὲν</em></span> <span class='ocrx_word' id='word_1_133' title='bbox 615 2059 678 2136; x_wconf 86' lang='grc' dir='ltr'><em>οὖν</em></span> <span class='ocrx_word' id='word_1_134' title='bbox 697 2071 783 2134; x_wconf 91' lang='grc' dir='ltr'><em>είσιν</em></span> <span class='ocrx_word' id='word_1_135' title='bbox 802 2071 839 2134; x_wconf 79' lang='lat' dir='ltr'><strong>ai</strong></span> <span class='ocrx_word' id='word_1_136' title='bbox 856 2067 1041 2153; x_wconf 79' lang='grc' dir='ltr'><em>διαφθοραί</em></span> <span class='ocrx_word' id='word_1_137' title='bbox 1061 2070 1122 2136; x_wconf 87' lang='grc' dir='ltr'><strong>τοῦ</strong></span> <span class='ocrx_word' id='word_1_138' title='bbox 1139 2077 1276 2156; x_wconf 86' lang='grc' dir='ltr'><em>θνμοει-</em></span> <span class='ocrx_word' id='word_1_139' title='bbox 1292 2100 1316 2140; x_wconf 86' lang='grc' dir='ltr'><strong>ιι</strong></span> 
     </span>
     <span class='ocr_line' id='line_1_17' title="bbox 130 2169 1276 2265; baseline 0.003 -28"><span class='ocrx_word' id='word_1_140' title='bbox 130 2175 227 2256; x_wconf 66' lang='lat' dir='ltr'><strong>doris,</strong></span> <span class='ocrx_word' id='word_1_141' title='bbox 256 2169 318 2238; x_wconf 85' lang='grc' dir='ltr'><em>οὐκ</em></span> <span class='ocrx_word' id='word_1_142' title='bbox 351 2175 388 2240; x_wconf 85' lang='grc' dir='ltr'><em>ίν</em></span> <span class='ocrx_word' id='word_1_143' title='bbox 415 2179 518 2265; x_wconf 88' lang='grc' dir='ltr'><em>καιρῷ</em></span> <span class='ocrx_word' id='word_1_144' title='bbox 543 2179 608 2242; x_wconf 87' lang='grc' dir='ltr'><strong>νῦν</strong></span> <span class='ocrx_word' id='word_1_145' title='bbox 640 2175 758 2260; x_wconf 77' lang='grc' dir='ltr'><em>λέγειν.</em></span> <span class='ocrx_word' id='word_1_146' title='bbox 812 2175 849 2240; x_wconf 76' lang='grc' dir='ltr'><em>ἐν</em></span> <span class='ocrx_word' id='word_1_147' title='bbox 880 2172 945 2260; x_wconf 82' lang='grc' dir='ltr'><strong>γὰρ</strong></span> <span class='ocrx_word' id='word_1_148' title='bbox 975 2176 1020 2264; x_wconf 90' lang='grc' dir='ltr'><strong>τῷ</strong></span> <span class='ocrx_word' id='word_1_149' title='bbox 1044 2171 1124 2260; x_wconf 90' lang='grc' dir='ltr'><em>μετδι</em></span> <span class='ocrx_word' id='word_1_150' title='bbox 1155 2177 1276 2242; x_wconf 82' lang='grc' dir='ltr'><em>τοῦτον</em></span> 
     </span>
    </p>
   </div>
   <div class='ocr_carea' id='block_1_3' title="bbox 129 2379 1277 2674">
    <p class='ocr_par' dir='ltr' id='par_1_3' title="bbox 129 2379 1277 2657">
     <span class='ocr_line' id='line_1_18' title="bbox 165 2379 1276 2456; baseline -0.002 -14"><span class='ocrx_word' id='word_1_151' title='bbox 165 2382 417 2442; x_wconf 64' lang='lat' dir='ltr'><strong>tischcah-</strong></span> <span class='ocrx_word' id='word_1_152' title='bbox 438 2383 583 2456; x_wconf 79' lang='grc' dir='ltr'><em>4σκεόδη</em></span> <span class='ocrx_word' id='word_1_153' title='bbox 598 2387 682 2441; x_wconf 92' lang='lat' dir='ltr'><strong>L.</strong></span> <span class='ocrx_word' id='word_1_154' title='bbox 701 2379 790 2451; x_wconf 74' lang='grc' dir='ltr'><em>δοξιίζ</em></span> <span class='ocrx_word' id='word_1_155' title='bbox 790 2385 915 2440; x_wconf 86' lang='grc' dir='ltr'><em>ειΜ.-</em></span> <span class='ocrx_word' id='word_1_156' title='bbox 938 2393 968 2438; x_wconf 92' lang='lat' dir='ltr'><strong>ll</strong></span> <span class='ocrx_word' id='word_1_157' title='bbox 989 2379 1007 2454; x_wconf 78' lang='grc' dir='ltr'>ἦ</span> <span class='ocrx_word' id='word_1_158' title='bbox 1026 2380 1161 2454; x_wconf 85' lang='grc' dir='ltr'><em>καθάκερ</em></span> <span class='ocrx_word' id='word_1_159' title='bbox 1175 2405 1201 2440; x_wconf 86' lang='grc' dir='ltr'><em>ιι.</em></span> <span class='ocrx_word' id='word_1_160' title='bbox 1215 2390 1276 2440; x_wconf 88' lang='grc' dir='ltr'><em>τ..λ</em></span> 
     </span>
     <span class='ocr_line' id='line_1_19' title="bbox 129 2451 1276 2550; baseline -0.002 -38"><span class='ocrx_word' id='word_1_161' title='bbox 129 2459 198 2550; x_wconf 83' lang='lat' dir='ltr'><strong>ltep</strong></span> <span class='ocrx_word' id='word_1_162' title='bbox 219 2459 300 2528; x_wconf 76' lang='lat' dir='ltr'><strong>le,</strong></span> <span class='ocrx_word' id='word_1_163' title='bbox 321 2461 476 2514; x_wconf 76' lang='grc' dir='ltr'><em>441Α.-</em></span> <span class='ocrx_word' id='word_1_164' title='bbox 503 2457 530 2513; x_wconf 90' lang='grc' dir='ltr'><em>εί</em></span> <span class='ocrx_word' id='word_1_165' title='bbox 546 2475 597 2528; x_wconf 90' lang='lat' dir='ltr'><strong>pro</strong></span> <span class='ocrx_word' id='word_1_166' title='bbox 616 2451 728 2526; x_wconf 61' lang='lat' dir='ltr'><strong>alne)</strong></span> <span class='ocrx_word' id='word_1_167' title='bbox 748 2455 881 2510; x_wconf 85' lang='lat' dir='ltr'>OhK-</span> <span class='ocrx_word' id='word_1_168' title='bbox 848 2463 997 2526; x_wconf 80' lang='grc' dir='ltr'><em>-συνειχ</em></span> <span class='ocrx_word' id='word_1_169' title='bbox 1000 2475 1031 2510; x_wconf 86' lang='grc' dir='ltr'><strong>εν</strong></span> <span class='ocrx_word' id='word_1_170' title='bbox 1049 2455 1129 2510; x_wconf 83' lang='grc' dir='ltr'><em>οοδδ</em></span> <span class='ocrx_word' id='word_1_171' title='bbox 1149 2457 1210 2511; x_wconf 91' lang='lat' dir='ltr'><strong>edd.</strong></span> <span class='ocrx_word' id='word_1_172' title='bbox 1231 2459 1276 2522; x_wconf 78' lang='grc' dir='ltr'><em>ξν·</em></span> 
     </span>
     <span class='ocr_line' id='line_1_20' title="bbox 129 2475 1277 2600; baseline -0.002 -16"><span class='ocrx_word' id='word_1_173' title='bbox 129 2537 224 2600; x_wconf 74' lang='grc' dir='ltr'><em>νειγεν</em></span> <span class='ocrx_word' id='word_1_174' title='bbox 243 2546 360 2585; x_wconf 79' lang='lat' dir='ltr'><strong>nos-</strong></span> <span class='ocrx_word' id='word_1_175' title='bbox 385 2537 417 2584; x_wconf 79' lang='grc'><strong>16</strong></span> <span class='ocrx_word' id='word_1_176' title='bbox 436 2531 587 2600; x_wconf 84' lang='grc' dir='ltr'><em>διαφθαρῇ</em></span> <span class='ocrx_word' id='word_1_177' title='bbox 608 2527 739 2584; x_wconf 84' lang='lat' dir='ltr'><strong>CbK.-</strong></span> <span class='ocrx_word' id='word_1_178' title='bbox 763 2527 900 2597; x_wconf 78' lang='grc' dir='ltr'><em>διαφοραί</em></span> <span class='ocrx_word' id='word_1_179' title='bbox 925 2475 1004 2582; x_wconf 84' lang='lat' dir='ltr'><strong>codd.</strong></span> <span class='ocrx_word' id='word_1_180' title='bbox 1029 2527 1091 2582; x_wconf 87' lang='lat' dir='ltr'><strong>edd.</strong></span> <span class='ocrx_word' id='word_1_181' title='bbox 1116 2528 1277 2598; x_wconf 75' lang='grc' dir='ltr'><em>διαφθοραὶ</em></span> 
     </span>
     <span class='ocr_line' id='line_1_21' title="bbox 129 2601 591 2674; baseline -0.004 -18"><span class='ocrx_word' id='word_1_182' title='bbox 129 2601 262 2656; x_wconf 86' lang='lat' dir='ltr'><strong>Corn.—</strong></span> <span class='ocrx_word' id='word_1_183' title='bbox 283 2595 425 2674; x_wconf 74' lang='grc' dir='ltr'><em>Ιστοότιμ</em></span> <span class='ocrx_word' id='word_1_184' title='bbox 443 2601 539 2656; x_wconf 75' lang='lat' dir='ltr'><strong>Mna.</strong></span> <span class='ocrx_word' id='word_1_185' title='bbox 560 2633 591 2640; x_wconf 84' lang='lat'><em>-</em></span> 
     </span>
    </p>
   </div>
   <div class='ocr_carea' id='block_1_4' title="bbox 129 2816 1278 4397">
    <p class='ocr_par' dir='ltr' id='par_1_4' title="bbox 129 2816 1278 4397">
     <span class='ocr_line' id='line_1_22' title="bbox 130 2816 1275 2904; baseline 0.002 -24"><span class='ocrx_word' id='word_1_186' title='bbox 130 2818 255 2884; x_wconf 88' lang='lat' dir='ltr'><strong>tionem</strong></span> <span class='ocrx_word' id='word_1_187' title='bbox 278 2817 415 2882; x_wconf 80' lang='lat' dir='ltr'><strong>invitam</strong></span> <span class='ocrx_word' id='word_1_188' title='bbox 439 2818 470 2883; x_wconf 80' lang='lat' dir='ltr'><strong>vi</strong></span> <span class='ocrx_word' id='word_1_189' title='bbox 494 2817 607 2904; x_wconf 85' lang='lat' dir='ltr'><strong>trabit,</strong></span> <span class='ocrx_word' id='word_1_190' title='bbox 630 2817 796 2882; x_wconf 75' lang='lat' dir='ltr'><strong>iracundia</strong></span> <span class='ocrx_word' id='word_1_191' title='bbox 817 2817 936 2882; x_wconf 90' lang='lat' dir='ltr'><strong>rationi</strong></span> <span class='ocrx_word' id='word_1_192' title='bbox 957 2821 1070 2882; x_wconf 82' lang='lat' dir='ltr'><strong>eontra</strong></span> <span class='ocrx_word' id='word_1_193' title='bbox 1092 2816 1184 2882; x_wconf 90' lang='lat' dir='ltr'><strong>illam</strong></span> <span class='ocrx_word' id='word_1_194' title='bbox 1208 2817 1275 2902; x_wconf 93' lang='lat' dir='ltr'><strong>opi·</strong></span> 
     </span>
     <span class='ocr_line' id='line_1_23' title="bbox 131 2923 1277 3018; baseline 0.001 -29"><span class='ocrx_word' id='word_1_195' title='bbox 131 2925 272 3000; x_wconf 89' lang='lat' dir='ltr'><strong>tulatur;</strong></span> <span class='ocrx_word' id='word_1_196' title='bbox 306 2925 433 3008; x_wconf 85' lang='lat' dir='ltr'><strong>quando</strong></span> <span class='ocrx_word' id='word_1_197' title='bbox 467 2929 576 2990; x_wconf 89' lang='lat' dir='ltr'><strong>autem</strong></span> <span class='ocrx_word' id='word_1_198' title='bbox 611 2925 809 2989; x_wconf 87' lang='lat' dir='ltr'><strong>extrinsecus</strong></span> <span class='ocrx_word' id='word_1_199' title='bbox 843 2924 960 3008; x_wconf 90' lang='lat' dir='ltr'><strong>aliquis</strong></span> <span class='ocrx_word' id='word_1_200' title='bbox 994 2923 1145 2988; x_wconf 90' lang='lat' dir='ltr'><strong>iniuriam</strong></span> <span class='ocrx_word' id='word_1_201' title='bbox 1174 2925 1277 3018; x_wconf 70' lang='lat' dir='ltr'><strong>affert,</strong></span> 
     </span>
     <span class='ocr_line' id='line_1_24' title="bbox 130 3030 1278 3098; baseline 0.001 -3"><span class='ocrx_word' id='word_1_202' title='bbox 130 3031 244 3096; x_wconf 89' lang='lat' dir='ltr'><strong>ulcisci</strong></span> <span class='ocrx_word' id='word_1_203' title='bbox 277 3031 363 3096; x_wconf 89' lang='lat' dir='ltr'><strong>hunc</strong></span> <span class='ocrx_word' id='word_1_204' title='bbox 392 3032 509 3097; x_wconf 80' lang='lat' dir='ltr'>studet.</span> <span class='ocrx_word' id='word_1_205' title='bbox 558 3032 624 3098; x_wconf 89' lang='lat' dir='ltr'><strong>Ubi</strong></span> <span class='ocrx_word' id='word_1_206' title='bbox 657 3053 768 3096; x_wconf 88' lang='lat' dir='ltr'><strong>rursus</strong></span> <span class='ocrx_word' id='word_1_207' title='bbox 800 3030 885 3096; x_wconf 89' lang='lat' dir='ltr'><strong>ratio</strong></span> <span class='ocrx_word' id='word_1_208' title='bbox 918 3055 937 3096; x_wconf 89' lang='lat' dir='ltr'><strong>a</strong></span> <span class='ocrx_word' id='word_1_209' title='bbox 969 3030 1059 3094; x_wconf 90' lang='lat' dir='ltr'><strong>nullo</strong></span> <span class='ocrx_word' id='word_1_210' title='bbox 1093 3053 1127 3094; x_wconf 88' lang='lat' dir='ltr'><strong>se</strong></span> <span class='ocrx_word' id='word_1_211' title='bbox 1159 3030 1278 3096; x_wconf 90' lang='lat' dir='ltr'><strong>iniuria</strong></span> 
     </span>
     <span class='ocr_line' id='line_1_25' title="bbox 129 3136 1276 3224; baseline 0.001 -21"><span class='ocrx_word' id='word_1_212' title='bbox 129 3137 218 3204; x_wconf 88' lang='lat' dir='ltr'><strong>affici</strong></span> <span class='ocrx_word' id='word_1_213' title='bbox 238 3139 400 3224; x_wconf 78' lang='lat' dir='ltr'><strong>opinatur,</strong></span> <span class='ocrx_word' id='word_1_214' title='bbox 422 3142 492 3203; x_wconf 90' lang='lat' dir='ltr'><strong>tum</strong></span> <span class='ocrx_word' id='word_1_215' title='bbox 511 3161 551 3204; x_wconf 90' lang='lat' dir='ltr'><strong>ne</strong></span> <span class='ocrx_word' id='word_1_216' title='bbox 575 3138 745 3204; x_wconf 79' lang='lat' dir='ltr'><strong>iracundia</strong></span> <span class='ocrx_word' id='word_1_217' title='bbox 766 3137 896 3222; x_wconf 89' lang='lat' dir='ltr'><strong>quidem</strong></span> <span class='ocrx_word' id='word_1_218' title='bbox 915 3136 1105 3220; x_wconf 88' lang='lat' dir='ltr'><strong>effervescit,</strong></span> <span class='ocrx_word' id='word_1_219' title='bbox 1128 3139 1276 3221; x_wconf 82' lang='lat' dir='ltr'><strong>quamvis</strong></span> 
     </span>
     <span class='ocr_line' id='line_1_26' title="bbox 130 3243 1275 3331; baseline -0.001 -20"><span class='ocrx_word' id='word_1_220' title='bbox 130 3245 336 3331; x_wconf 82' lang='lat' dir='ltr'><strong>gravissimis</strong></span> <span class='ocrx_word' id='word_1_221' title='bbox 359 3245 473 3329; x_wconf 86' lang='lat' dir='ltr'><strong>poenis</strong></span> <span class='ocrx_word' id='word_1_222' title='bbox 498 3245 660 3310; x_wconf 81' lang='lat' dir='ltr'><strong>afficiatur</strong></span> <span class='ocrx_word' id='word_1_223' title='bbox 684 3267 801 3329; x_wconf 90' lang='lat' dir='ltr'><strong>eorpus</strong></span> <span class='ocrx_word' id='word_1_224' title='bbox 830 3245 897 3308; x_wconf 91' lang='lat' dir='ltr'><strong>iure</strong></span> <span class='ocrx_word' id='word_1_225' title='bbox 926 3244 975 3308; x_wconf 86' lang='lat' dir='ltr'><strong>vel</strong></span> <span class='ocrx_word' id='word_1_226' title='bbox 1000 3244 1109 3329; x_wconf 77' lang='lat' dir='ltr'>algere</span> <span class='ocrx_word' id='word_1_227' title='bbox 1132 3243 1183 3308; x_wconf 82' lang='lat' dir='ltr'><strong>rel</strong></span> <span class='ocrx_word' id='word_1_228' title='bbox 1207 3267 1275 3310; x_wconf 91' lang='lat' dir='ltr'><strong>esu·</strong></span> 
     </span>
     <span class='ocr_line' id='line_1_27' title="bbox 129 3349 1277 3436; baseline 0 -20"><span class='ocrx_word' id='word_1_229' title='bbox 129 3353 195 3416; x_wconf 89' lang='lat' dir='ltr'><strong>rire</strong></span> <span class='ocrx_word' id='word_1_230' title='bbox 233 3353 284 3418; x_wconf 87' lang='lat' dir='ltr'><strong>vel</strong></span> <span class='ocrx_word' id='word_1_231' title='bbox 323 3351 414 3416; x_wconf 88' lang='lat' dir='ltr'><strong>sitire</strong></span> <span class='ocrx_word' id='word_1_232' title='bbox 453 3353 610 3418; x_wconf 87' lang='lat' dir='ltr'><strong>coactum.</strong></span> <span class='ocrx_word' id='word_1_233' title='bbox 669 3351 762 3417; x_wconf 85' lang='lat' dir='ltr'><strong>Unde</strong></span> <span class='ocrx_word' id='word_1_234' title='bbox 793 3353 886 3436; x_wconf 90' lang='lat' dir='ltr'><strong>patet</strong></span> <span class='ocrx_word' id='word_1_235' title='bbox 920 3349 1134 3434; x_wconf 76' lang='lat' dir='ltr'><strong>iracundiam,</strong></span> <span class='ocrx_word' id='word_1_236' title='bbox 1171 3351 1277 3435; x_wconf 88' lang='lat' dir='ltr'><strong>quoad</strong></span> 
     </span>
     <span class='ocr_line' id='line_1_28' title="bbox 129 3457 1277 3543; baseline 0 -21"><span class='ocrx_word' id='word_1_237' title='bbox 129 3459 313 3524; x_wconf 81' lang='lat' dir='ltr'><strong>naturalem</strong></span> <span class='ocrx_word' id='word_1_238' title='bbox 348 3463 472 3524; x_wconf 89' lang='lat' dir='ltr'><strong>statum</strong></span> <span class='ocrx_word' id='word_1_239' title='bbox 503 3463 623 3542; x_wconf 84' lang='lat' dir='ltr'><strong>servet,</strong></span> <span class='ocrx_word' id='word_1_240' title='bbox 660 3458 830 3543; x_wconf 86' lang='lat' dir='ltr'><strong>opiniones</strong></span> <span class='ocrx_word' id='word_1_241' title='bbox 861 3457 999 3522; x_wconf 90' lang='lat' dir='ltr'><strong>rationis</strong></span> <span class='ocrx_word' id='word_1_242' title='bbox 1036 3457 1136 3541; x_wconf 86' lang='lat' dir='ltr'><strong>sequi.</strong></span> <span class='ocrx_word' id='word_1_243' title='bbox 1190 3457 1277 3522; x_wconf 78' lang='lat' dir='ltr'><strong>Fieri</strong></span> 
     </span>
     <span class='ocr_line' id='line_1_29' title="bbox 132 3563 1278 3650; baseline 0 -22"><span class='ocrx_word' id='word_1_244' title='bbox 132 3564 220 3629; x_wconf 93' lang='lat' dir='ltr'><strong>enim</strong></span> <span class='ocrx_word' id='word_1_245' title='bbox 244 3567 362 3649; x_wconf 78' lang='lat' dir='ltr'><strong>potest,</strong></span> <span class='ocrx_word' id='word_1_246' title='bbox 385 3570 422 3629; x_wconf 92' lang='lat' dir='ltr'><strong>ut</strong></span> <span class='ocrx_word' id='word_1_247' title='bbox 445 3565 621 3650; x_wconf 86' lang='lat' dir='ltr'><strong>aliquando</strong></span> <span class='ocrx_word' id='word_1_248' title='bbox 641 3564 741 3631; x_wconf 87' lang='lat' dir='ltr'><strong>etiam</strong></span> <span class='ocrx_word' id='word_1_249' title='bbox 764 3565 823 3630; x_wconf 89' lang='lat' dir='ltr'><strong>illa</strong></span> <span class='ocrx_word' id='word_1_250' title='bbox 845 3563 1021 3648; x_wconf 86' lang='lat' dir='ltr'><strong>depravata</strong></span> <span class='ocrx_word' id='word_1_251' title='bbox 1044 3565 1278 3628; x_wconf 76' lang='lat' dir='ltr'><strong>contumaciter</strong></span> 
     </span>
     <span class='ocr_line' id='line_1_30' title="bbox 131 3669 1276 3757; baseline -0.002 -19"><span class='ocrx_word' id='word_1_252' title='bbox 131 3675 247 3738; x_wconf 87' lang='lat' dir='ltr'><strong>eontra</strong></span> <span class='ocrx_word' id='word_1_253' title='bbox 275 3672 434 3736; x_wconf 89' lang='lat' dir='ltr'><strong>rationem</strong></span> <span class='ocrx_word' id='word_1_254' title='bbox 468 3695 502 3736; x_wconf 89' lang='lat' dir='ltr'><strong>sc</strong></span> <span class='ocrx_word' id='word_1_255' title='bbox 535 3676 642 3757; x_wconf 83' lang='lat' dir='ltr'><strong>gerat,</strong></span> <span class='ocrx_word' id='word_1_256' title='bbox 674 3671 708 3736; x_wconf 91' lang='lat' dir='ltr'><strong>id</strong></span> <span class='ocrx_word' id='word_1_257' title='bbox 740 3671 825 3756; x_wconf 90' lang='lat' dir='ltr'><strong>quod</strong></span> <span class='ocrx_word' id='word_1_258' title='bbox 853 3693 920 3738; x_wconf 93' lang='lat' dir='ltr'><strong>non</strong></span> <span class='ocrx_word' id='word_1_259' title='bbox 946 3670 1050 3736; x_wconf 88' lang='lat' dir='ltr'><strong>multo</strong></span> <span class='ocrx_word' id='word_1_260' title='bbox 1079 3673 1155 3753; x_wconf 90' lang='lat' dir='ltr'><strong>post</strong></span> <span class='ocrx_word' id='word_1_261' title='bbox 1182 3669 1276 3736; x_wconf 90' lang='lat' dir='ltr'><strong>Plato</strong></span> 
     </span>
     <span class='ocr_line' id='line_1_31' title="bbox 129 3775 1276 3864; baseline -0.002 -20"><span class='ocrx_word' id='word_1_262' title='bbox 129 3779 202 3864; x_wconf 90' lang='lat' dir='ltr'><strong>ipse</strong></span> <span class='ocrx_word' id='word_1_263' title='bbox 225 3777 369 3842; x_wconf 85' lang='lat' dir='ltr'><strong>declarat</strong></span> <span class='ocrx_word' id='word_1_264' title='bbox 391 3779 452 3843; x_wconf 89' lang='lat' dir='ltr'><strong>ita:</strong></span> <span class='ocrx_word' id='word_1_265' title='bbox 499 3777 572 3844; x_wconf 78' lang='lat' dir='ltr'><strong>‘An</strong></span> <span class='ocrx_word' id='word_1_266' title='bbox 600 3777 916 3863; x_wconf 87' lang='lat' dir='ltr'><strong>quemadmodum</strong></span> <span class='ocrx_word' id='word_1_267' title='bbox 944 3777 983 3842; x_wconf 92' lang='lat' dir='ltr'><strong>in</strong></span> <span class='ocrx_word' id='word_1_268' title='bbox 1006 3775 1171 3842; x_wconf 87' lang='lat' dir='ltr'><strong>civitate</strong></span> <span class='ocrx_word' id='word_1_269' title='bbox 1199 3778 1276 3842; x_wconf 90' lang='lat' dir='ltr'><strong>tria</strong></span> 
     </span>
     <span class='ocr_line' id='line_1_32' title="bbox 130 3883 1276 3971; baseline -0.002 -21"><span class='ocrx_word' id='word_1_270' title='bbox 130 3907 275 3971; x_wconf 84' lang='lat' dir='ltr'><strong>genera</strong></span> <span class='ocrx_word' id='word_1_271' title='bbox 294 3907 373 3950; x_wconf 86' lang='lat' dir='ltr'><strong>earn</strong></span> <span class='ocrx_word' id='word_1_272' title='bbox 392 3885 663 3969; x_wconf 84' lang='lat' dir='ltr'><strong>continebant,</strong></span> <span class='ocrx_word' id='word_1_273' title='bbox 685 3883 991 3970; x_wconf 80' lang='lat' dir='ltr'><strong>quaestuariam,</strong></span> <span class='ocrx_word' id='word_1_274' title='bbox 1011 3883 1276 3968; x_wconf 83' lang='lat' dir='ltr'><strong>auxiliarium,</strong></span> 
     </span>
     <span class='ocr_line' id='line_1_33' title="bbox 131 3989 1277 4074; baseline -0.003 -16"><span class='ocrx_word' id='word_1_275' title='bbox 131 3990 417 4074; x_wconf 84' lang='lat' dir='ltr'><strong>consiliarium,</strong></span> <span class='ocrx_word' id='word_1_276' title='bbox 453 3990 511 4055; x_wconf 91' lang='lat' dir='ltr'><strong>ita</strong></span> <span class='ocrx_word' id='word_1_277' title='bbox 544 3991 661 4056; x_wconf 90' lang='lat' dir='ltr'><strong>etiam</strong></span> <span class='ocrx_word' id='word_1_278' title='bbox 693 3993 732 4056; x_wconf 93' lang='lat' dir='ltr'><strong>in</strong></span> <span class='ocrx_word' id='word_1_279' title='bbox 764 3991 890 4056; x_wconf 90' lang='lat' dir='ltr'><strong>animo</strong></span> <span class='ocrx_word' id='word_1_280' title='bbox 923 3989 1082 4054; x_wconf 91' lang='lat' dir='ltr'><strong>tertium</strong></span> <span class='ocrx_word' id='word_1_281' title='bbox 1116 3989 1187 4055; x_wconf 88' lang='lat' dir='ltr'><strong>hoo</strong></span> <span class='ocrx_word' id='word_1_282' title='bbox 1218 3995 1277 4054; x_wconf 89' lang='lat' dir='ltr'><strong>est</strong></span> 
     </span>
     <span class='ocr_line' id='line_1_34' title="bbox 131 4097 1277 4182; baseline -0.002 -18"><span class='ocrx_word' id='word_1_283' title='bbox 131 4099 373 4182; x_wconf 88' lang='lat' dir='ltr'><strong>iracundum,</strong></span> <span class='ocrx_word' id='word_1_284' title='bbox 406 4119 515 4182; x_wconf 90' lang='lat' dir='ltr'><strong>opem</strong></span> <span class='ocrx_word' id='word_1_285' title='bbox 548 4097 679 4162; x_wconf 85' lang='lat' dir='ltr'><strong>ferens</strong></span> <span class='ocrx_word' id='word_1_286' title='bbox 711 4098 858 4164; x_wconf 89' lang='lat' dir='ltr'><strong>rationi</strong></span> <span class='ocrx_word' id='word_1_287' title='bbox 890 4101 1045 4178; x_wconf 88' lang='lat' dir='ltr'><strong>natura,</strong></span> <span class='ocrx_word' id='word_1_288' title='bbox 1072 4097 1148 4161; x_wconf 92' lang='lat' dir='ltr'><strong>nisi</strong></span> <span class='ocrx_word' id='word_1_289' title='bbox 1177 4097 1277 4162; x_wconf 87' lang='lat' dir='ltr'><strong>mala</strong></span> 
     </span>
     <span class='ocr_line' id='line_1_35' title="bbox 132 4204 1277 4289; baseline 0.001 -19"><span class='ocrx_word' id='word_1_290' title='bbox 132 4206 364 4272; x_wconf 87' lang='lat' dir='ltr'><strong>educatione</strong></span> <span class='ocrx_word' id='word_1_291' title='bbox 388 4204 662 4289; x_wconf 77' lang='lat' dir='ltr'><strong>depravatur&#39;l&#39;</strong></span> <span class='ocrx_word' id='word_1_292' title='bbox 704 4204 869 4281; x_wconf 82' lang='lat' dir='ltr'><strong>Quaenam</strong></span> <span class='ocrx_word' id='word_1_293' title='bbox 892 4204 1038 4270; x_wconf 89' lang='lat' dir='ltr'><strong>iracundi</strong></span> <span class='ocrx_word' id='word_1_294' title='bbox 1060 4204 1188 4289; x_wconf 84' lang='lat' dir='ltr'><strong>generis</strong></span> <span class='ocrx_word' id='word_1_295' title='bbox 1211 4205 1277 4270; x_wconf 91' lang='lat' dir='ltr'><strong>sint</strong></span> 
     </span>
     <span class='ocr_line' id='line_1_36' title="bbox 131 4311 1276 4397; baseline -0.002 -19"><span class='ocrx_word' id='word_1_296' title='bbox 131 4311 395 4397; x_wconf 86' lang='lat' dir='ltr'><strong>depravationes,</strong></span> <span class='ocrx_word' id='word_1_297' title='bbox 431 4311 612 4396; x_wconf 81' lang='lat' dir='ltr'><strong>explicandi</strong></span> <span class='ocrx_word' id='word_1_298' title='bbox 648 4334 733 4376; x_wconf 91' lang='lat' dir='ltr'><strong>nunc</strong></span> <span class='ocrx_word' id='word_1_299' title='bbox 767 4334 834 4378; x_wconf 95' lang='lat' dir='ltr'><strong>non</strong></span> <span class='ocrx_word' id='word_1_300' title='bbox 865 4315 915 4376; x_wconf 92' lang='lat' dir='ltr'><strong>est</strong></span> <span class='ocrx_word' id='word_1_301' title='bbox 946 4315 1088 4394; x_wconf 90' lang='lat' dir='ltr'><strong>tempus,</strong></span> <span class='ocrx_word' id='word_1_302' title='bbox 1124 4312 1276 4396; x_wconf 89' lang='lat' dir='ltr'><strong>quoniam</strong></span> 
     </span>
    </p>
   </div>
   <div class='ocr_carea' id='block_1_5' title="bbox 130 4417 1276 4576">
    <p class='ocr_par' dir='ltr' id='par_1_5' title="bbox 130 4417 1276 4576">
     <span class='ocr_line' id='line_1_37' title="bbox 130 4417 1276 4503; baseline 0 -19"><span class='ocrx_word' id='word_1_303' title='bbox 130 4420 282 4503; x_wconf 80' lang='lat' dir='ltr'><strong>proximo</strong></span> <span class='ocrx_word' id='word_1_304' title='bbox 305 4418 390 4484; x_wconf 90' lang='lat' dir='ltr'><strong>libro</strong></span> <span class='ocrx_word' id='word_1_305' title='bbox 413 4418 452 4482; x_wconf 92' lang='lat' dir='ltr'><strong>de</strong></span> <span class='ocrx_word' id='word_1_306' title='bbox 476 4418 774 4502; x_wconf 89' lang='lat' dir='ltr'><strong>perturbationibus</strong></span> <span class='ocrx_word' id='word_1_307' title='bbox 799 4418 900 4483; x_wconf 86' lang='lat' dir='ltr'><strong>animi</strong></span> <span class='ocrx_word' id='word_1_308' title='bbox 923 4441 961 4482; x_wconf 86' lang='lat' dir='ltr'><strong>ex</strong></span> <span class='ocrx_word' id='word_1_309' title='bbox 979 4417 1126 4484; x_wconf 90' lang='lat' dir='ltr'><strong>Platonis</strong></span> <span class='ocrx_word' id='word_1_310' title='bbox 1150 4422 1276 4484; x_wconf 87' lang='lat' dir='ltr'><strong>senten·</strong></span> 
     </span>
     <span class='ocr_line' id='line_1_38' title="bbox 1010 4523 1065 4576; baseline 0.018 -1"><span class='ocrx_word' id='word_1_311' title='bbox 1010 4523 1065 4576; x_wconf 75' lang='lat'><strong>31⁸</strong></span> 
     </span>
    </p>
   </div>
   <div class='ocr_carea' id='block_1_6' title="bbox 0 0 1610 5148">
    <p class='ocr_par' dir='ltr' id='par_1_6' title="bbox 0 0 1610 5148">
     <span class='ocr_line' id='line_1_39' title="bbox 0 0 1610 5148; baseline 0 0"><span class='ocrx_word' id='word_1_312' title='bbox 0 0 1610 5148; x_wconf 95' lang='lat' dir='ltr'><strong> </strong></span> 
     </span>
    </p>
   </div>
  </div>
 </body>
</html>
