3300 5146
637 415 881 480 —329-

185 571 309 661 εἰρήκει
336 571 527 660 Χρύσιππος
560 574 596 640 ἐν
628 576 673 664 τῷ
707 572 782 660 περὶ
813 576 875 641 τοῦ
906 576 964 659 τῆς
996 577 1102 661 ψυχῆς
1128 572 1330 662 ἡγεμονικοῦ

185 679 284 771 λόγῳ,
303 685 460 765 νομίζων,
479 683 510 747 εί
526 676 678 759 κάκεῖνος
696 676 757 746 οὐκ
775 676 905 768 ᾐδέσθη
923 678 1116 762 πλεονάζειν
1134 683 1171 749 ἐν
1190 679 1313 766 αὐτοῖς,
1325 683 1328 772 λ
1340 700 1397 756 859

185 788 258 876 ἐμοὶ
285 790 370 876 γοῦν
402 785 583 874 προσήκειν
610 783 824 874 ἀποχωρῆσαι
856 789 914 874 τῆς
946 786 1102 874 τοιαύτης
1128 784 1331 876 ἀδολεσχίας.

186 895 255 963 ἐπεὶ
279 895 330 978 δέ,
354 890 399 974 ὡς
421 898 523 980 ἔφην,
547 895 638 975 ἔδοξε
665 897 734 962 τῶν
764 893 905 982 ἑταίρων
931 894 1021 962 τισὶν
1047 891 1112 963 ὑπὸ
1141 902 1331 984 φιλοτιμίας

184 1011 375 1088 κινηθεϊσιν
403 1001 654 1088 ἐπιμνησθῆναί
677 1026 718 1088 με
740 1000 795 1068 καὶ
817 1004 885 1068 τῶν
908 1000 1071 1070 τοιούτων
1098 999 1223 1088 λόγων,
1251 1004 1357 1071 ἐκεί-5

186 1135 258 1189 νοις
281 1106 494 1197 χαριζόμενος
516 1112 644 1195 ἔγραψα
668 1107 723 1175 καὶ
745 1108 837 1176 τοντὶ
860 1106 897 1188 τὸ
922 1113 1069 1194 βιβλίον,
1094 1106 1176 1177 ὅσον
1198 1103 1273 1178 οἷόν
1296 1136 1330 1178 τε

186 1208 229 1303 ἦν
253 1217 338 1302 ἐμοί,
360 1212 440 1301 μετὰ
464 1216 525 1282 τοῦ
548 1212 604 1281 διὰ
628 1215 754 1302 ταχέων
776 1216 1000 1302 παρέρχεσθαι
1023 1214 1063 1282 τὰ
1086 1219 1243 1304 περιττῶς
1264 1213 1330 1285 ὑπὸ

184 1326 246 1391 τοῦ
264 1327 462 1411 Χρυσίππου
485 1322 694 1409 γεγραμμένα
717 1322 772 1390 καὶ
790 1325 858 1390 τῶν
875 1327 1048 1410 χρησίμων
1070 1326 1109 1410 τῇ
1132 1323 1330 1414 προκειμένη

185 1433 389 1518 πραγματείᾳ
412 1429 604 1516 προστιθεὶς
627 1425 689 1496 οὐκ
712 1425 817 1515 ὀλίγα.

224 1621 370 1692 λάδέσθη
390 1624 426 1678 Μ.
447 1657 478 1664 -
500 1630 515 1678 3
536 1621 599 1694 ἔμοι
617 1625 687 1694 γοῦν
706 1624 772 1678 MA.
792 1655 827 1664 -
846 1632 862 1680 6
881 1625 931 1680 τοῦ
950 1625 976 1680 τὶ
994 1642 1044 1696 pro
1063 1625 1140 1682 τοντλ
1159 1627 1195 1682 M.
1216 1659 1248 1668 -
1268 1622 1330 1682 οἷόν

188 1692 214 1752 τ’
235 1691 287 1752 οὖν
306 1697 385 1750 codd.
405 1695 467 1750 edd.
486 1691 548 1750 οίόν
571 1689 599 1749 τ’
619 1687 660 1749 ὦν
684 1696 745 1764 (εἰσ)
770 1695 851 1752 Corn.
876 1692 938 1752 οἷόν
961 1715 990 1752 τε
1010 1688 1047 1766 ἢν
1065 1715 1123 1752 noe.
1143 1731 1175 1739 -
1201 1705 1330 1766 θπροτι-

187 1768 252 1831 θεὶς
270 1767 349 1823 eodd.
369 1767 430 1822 edd.
450 1765 612 1838 προστιθεὶς
632 1783 693 1833 n0s3
712 1767 745 1822 ef.
765 1767 849 1824 Proll.
868 1785 896 1838 p.
917 1775 975 1824 10³.
995 1799 1028 1810 -

189 1889 400 1900 ..—---·--·

186 1950 483 2035 praetermiseram,
510 1949 588 2034 quie
609 1945 807 2033 iudicabam,
837 1949 865 2014 si
895 1948 950 2013 ille
978 1949 1099 2015 nimius
1123 1973 1193 2015 esse
1215 1951 1250 2016 in
1279 1951 1331 2016 his

185 2079 253 2122 non
280 2057 401 2121 veritus
425 2057 524 2141 esset,
551 2059 586 2122 at
613 2054 695 2120 mihi
722 2059 809 2120 certe
837 2056 1008 2122 convenire
1039 2058 1080 2121 ab
1109 2058 1331 2124 huiuscemodi

186 2163 282 2250 nugis
307 2163 479 2228 abstinere.
525 2162 686 2241 Quoniam
715 2184 805 2247 vero,
833 2166 869 2227 ut
891 2163 971 2248 dixi,
1001 2164 1194 2250 quibusdam
1218 2165 1331 2230 amieis

186 2270 320 2336 honoris
353 2269 460 2336 studio
487 2269 632 2336 incitatis
661 2269 766 2334 visum
793 2273 843 2333 esi
869 2269 985 2334 harum
1013 2291 1140 2355 quoqne
1166 2271 1331 2336 rationum
1363 2297 1367 2304 ·
1394 2289 1403 2296 ·

188 2399 207 2440 a
226 2397 277 2440 me
295 2376 494 2442 mentionem
513 2377 592 2461 fieri,
614 2377 649 2442 in
668 2399 779 2442 eorum
798 2377 940 2463 gratiam
958 2376 1044 2442 hune
1062 2397 1189 2462 quoque
1211 2376 1331 2442 librum

186 2484 235 2550 ita
254 2483 442 2568 conscripsi,
460 2487 506 2568 ut,
529 2487 686 2570 quantum
705 2484 834 2568 quidem
852 2505 991 2568 possem,
1010 2505 1092 2570 quae
1112 2481 1331 2570 eChrysippo

187 2589 348 2656 inutiliter
379 2589 546 2676 disputata
573 2593 694 2674 essent,
728 2591 871 2655 breviter
903 2612 1123 2676 percurrerem
1150 2593 1183 2656 et
1212 2593 1332 2675 temen,

188 2718 270 2782 quae
293 2697 368 2762 huie
392 2697 482 2782 operi
505 2697 600 2762 utilia
622 2697 817 2783 viderentur,
839 2719 905 2764 non
927 2719 1033 2786 panea
1054 2697 1213 2764 adderem.
