3212 5146
559 423 801 486 -595-

113 577 252 648 Πλάτων
280 579 329 646 ἕνλ
353 578 441 669 λόγῳ
469 584 588 666 βραχεῖ
611 579 804 666 περιέλαβεν
834 580 1075 670 έπιστημονικῴ
1109 578 1190 646 κατὰ
1219 579 1255 647 τὸ

27 745 29 776 ³
110 685 264 772 τέταρτον
290 688 348 772 τῆς
376 691 567 770 Πολιτείας,
600 683 687 753 οὕτω
719 685 773 752 καλ
802 687 876 772 περλ
905 689 972 753 τῶν
1000 681 1127 770 ἀρετῶν
1155 682 1257 772 αὐτῆς

27 851 30 884 1
112 792 225 878 ἐφεξῆς
248 791 377 872 ἐδίδαξε
401 789 457 859 nt
479 792 641 878 βραχέων.
686 793 724 860 έν
751 793 791 859 δέ
815 819 852 878 γε
876 795 920 883 τῷ
946 791 1071 878 Λάχητι
1095 790 1257 877 παρέγρα-

27 959 31 992 .-
112 911 173 976 νιν
196 899 245 964 ‘et'
263 923 313 976 τις
336 897 514 984 ἐπιστήμας
543 896 629 966 εἶναι
658 905 785 986 νομίζοι
813 897 871 978 τὰς
898 894 1031 985 ἀρετάς,
1064 893 1106 964 οὐ
1138 897 1257 964 πολλαλ

112 1001 270 1088 γίγνοιντ’
296 1001 351 1089 ἀν,
374 1001 457 1072 ἀλλὰ
479 1011 538 1091 μία
561 1008 685 1090 γνῶσις
707 1001 848 1090 ἀγαθῶν
871 1031 905 1072 τε
928 1004 982 1072 καλ
1006 1005 1137 1071 κακῶν.’
1183 1000 1284 1070 οὔκ-τ

28 1097 29 1102 ¹
114 1136 175 1177 ουυ
208 1108 284 1177 οὔτε
316 1110 461 1179 Πλάτων
496 1108 572 1178 οὔτε
610 1110 673 1198 έγῶ
710 1117 912 1197 πολυλογίας
949 1119 1069 1194 αίτιος,
1106 1108 1257 1196 καθάπερ

27 1303 28 1312 ¹
113 1213 189 1282 οὐδὲ
215 1212 389 1303 Ἀρίστων,
421 1213 504 1285 ἀλλὰ
533 1215 551 1286 ὁ
580 1211 728 1305 μακροὺς
758 1217 821 1303 μὲν
852 1213 1037 1284 ἀποτείνων
1069 1215 1191 1302 λόγους
1223 1217 1257 1284 ἐκ

27 1409 29 1416 Α
112 1321 291 1410 λημμάτων
314 1319 519 1411 ἀρχομένους
542 1321 614 1410 ἤτοι
644 1326 858 1394 διαλεκτικῶν
881 1321 1003 1409 μόνον,
1032 1319 1074 1390 οὐ
1100 1321 1167 1411 μὴν
1191 1324 1257 1391 έπι-

27 1425 29 1520 ξ
113 1424 364 1516 στημονικῶνῆ
393 1425 471 1498 οὐδὲ
494 1429 673 1516 τοιούτων,
701 1427 784 1498 ἀλλὰ
808 1427 880 1516 ἢτοι
904 1429 1090 1515 ῥητορικῶν
1114 1425 1134 1516 ἢ
1164 1449 1257 1515 σοφι-

27 1527 31 1620 J
113 1537 242 1602 στικῶν.
292 1535 508 1604 ἐπιδέδεικται
537 1539 577 1604 δέ
601 1564 658 1623 μοι
686 1540 785 1604 τοῦτο
813 1533 895 1603 κατὰ
926 1534 963 1602 τὸ
993 1534 1151 1621 δεύτερον
1178 1532 1257 1602 ὑπό-
1273 1558 1299 1598 ιο

27 1723 29 1732 y
112 1666 224 1728 μνημα
246 1644 346 1728 τῆσδε
369 1645 426 1730 της
452 1650 675 1730 πραγματείας
703 1641 870 1710 δεικνύντι
903 1639 965 1728 τὴν
992 1640 1162 1728 διαφορὰν
1189 1646 1257 1710 τῶν

27 1747 28 1752 ’
113 1745 302 1834 λημμάτων,
325 1745 408 1836 ἅπερ
432 1746 474 1818 οὐ
496 1753 557 1819 τοῦ
579 1751 800 1837 προκειμένου
823 1749 890 1816 έστλ
915 1749 1107 1835 σκέμματος.
1152 1745 1258 1828 οὕτως

112 1845 175 1919 οδυ
197 1848 260 1920 κάν
283 1867 353 1935 τοῖς
379 1855 533 1942 περὶτῆς
557 1859 561 1946 Ι
590 1861 658 1926 τῶν
681 1853 808 1943 ἀρετῶν
836 1858 1000 1942 διαφορᾶς
1023 1850 1041 1922 ὁ
1066 1853 1324 1941 Χρύσιπποςοοο

27 2045 32 2056 ³
113 1955 297 2046 ἀποχωρῶν
324 1965 392 2029 τῶν
425 1963 689 2051 ἐπιστημονικῶν
721 1963 775 2030 καλ
808 1959 1047 2030 ἀποδεικτικῶν
1079 1959 1258 2048 λημμάτων

27 2071 28 2080 ’
113 2065 149 2130 έν
171 2080 241 2144 τοῖς
262 2063 458 2146 ὑπολοίποις
481 2065 599 2138 ἀλᾶται
626 2070 713 2156 τρισλ
737 2069 884 2154 γένεσιν,
912 2065 949 2148 ὃς
973 2074 1010 2134 έν
1032 2093 1068 2152 γε
1091 2071 1136 2134 τῶ
1160 2066 1258 2146 ποιὰς
1272 2091 1297 2130 ιι

142 2277 367 2364 inspoliatus
352 2279 390 2334 τῶ
411 2275 615 2368 ίπιστημονικῶ
629 2280 740 2336 FP.-
762 2287 777 2334 3
798 2275 902 2348 ἐφεξῆς
920 2297 975 2334 om
993 2279 1102 2333 FP-
1123 2275 1171 2333 διά
1191 2282 1257 2352 βρα·

117 2345 147 2416 1⁵¹
150 2367 189 2400 ων
209 2346 240 2402 έν
259 2351 297 2402 τῶ
315 2346 412 2420 λάηητι
431 2349 581 2438 λέγωνπ
556 2354 587 2406 εί
600 2371 684 2414 τιςκ,
704 2372 727 2405 τ
747 2355 769 2404 λ.
788 2350 899 2406 FR-
923 2357 1012 2420 4νομ
1013 2351 1066 2416 ίζοι
1083 2350 1133 2404 FP
1151 2351 1257 2434 νομίζει

112 2417 336 2474 ΜΑΒΟδΚμ
362 2429 377 2476 t
396 2423 459 2492 γγνί
443 2441 504 2476 νοιτ
508 2417 738 2490 ’FPMylvost'
758 2419 856 2476 Assch
875 2415 993 2491 γένοιντ’
993 2371 1099 2474 μ.-Κ
1116 2415 1187 2474 ἀλλά
1207 2423 1257 2490 μία

27 2511 28 2562 ζ
112 2489 161 2542 FP
189 2485 258 2544 ἀλλὰ
282 2492 330 2545 καλ
354 2442 412 2560 μία
430 2491 663 2548 ΜΑΒΟΠΚμ-
630 2513 716 2546 -τε
742 2509 795 2547 om.
823 2492 942 2546 Fe·-
970 2487 1023 2546 οάκ
1007 2510 1076 2546 soca
1099 2491 1127 2544 M
1151 2487 1257 2546 οάκοῦν

27 2603 29 2616 .
112 2558 308 2616 ABchK.-
339 2513 662 2646 θμδητορηκῶκδδμ-
695 2571 726 2618 12
750 2581 821 2631 οπερ
844 2556 1055 2618 MABChK
1036 2581 1109 2630 απερ
1132 2579 1194 2648 uos3
1222 2563 1256 2618 cf.

112 2631 197 2685 Proll
217 2649 242 2701 p.
238 2639 356 2757 8ἧ;
375 2640 407 2688 1³
426 2634 475 2702 τῆς
495 2633 649 2690 onaM.—
672 2641 704 2689 lt
722 2634 843 2704 γένεσιν,
863 2631 901 2696 ἀς
919 2633 998 2688 codd.
1014 2633 1075 2688 edd.
1094 2653 1129 2704 γ,
1148 2625 1179 2696 ὃς
1198 2649 1256 2690 noa.

113 2730 146 2740 -
166 2721 196 2770 γε
216 2698 247 2757 τὰ

113 2919 214 2984 animi
242 2919 347 2986 nostri
374 2921 523 3006 partibus
558 2923 593 2988 in
620 2925 737 3007 quarto
765 2921 976 3007 Reipublicae
1003 2921 1257 3006 disputationem

112 3047 176 3092 una
200 3025 290 3091 brevi
314 3027 439 3094 ratione
466 3028 608 3116 eleganti
632 3029 816 3114 complexus
840 3032 903 3113 est,
930 3029 978 3093 ita
1005 3028 1104 3092 etiam
1132 3029 1171 3093 de
1194 3030 1256 3092 vir·

27 3135 29 3172 ³
112 3133 239 3198 tutibus
264 3133 333 3200 aius
356 3133 506 3219 deinceps
530 3135 683 3202 brevibus
707 3136 825 3202 docuit.
870 3135 1012 3220 Atque
1002 3157 1036 3198 1n
1059 3133 1232 3198 Lachete'
1223 3157 1257 3198 1n

27 3245 30 3282 ³
111 3240 197 3308 hune
220 3239 288 3306 fera
311 3240 443 3307 modum
467 3241 612 3326 scripsi:
659 3239 711 3307 Si
739 3242 811 3328 quis
838 3242 976 3306 virtutes
1000 3241 1165 3306 existimet
1187 3262 1256 3305 osae

111 3347 282 3430 scientias,
313 3370 379 3414 non
406 3349 528 3414 multae
556 3349 632 3414 illae
665 3347 795 3434 quidem
823 3352 930 3432 erunt,
958 3347 1101 3413 seduna
1128 3350 1256 3412 tantum

110 3453 270 3518 bonorum
294 3455 516 3540 malorumque
540 3453 707 3541 cognitio?
751 3453 827 3520 Non
850 3459 901 3520 est
927 3455 1029 3540 igitur
1051 3453 1164 3537 Plato,
1190 3475 1257 3519 non

28 3599 29 3602 =
110 3579 173 3643 ego
197 3559 400 3644 garnslitstis
420 3563 541 3644 auctor,
564 3582 630 3625 non
648 3561 770 3645 Aristo,
792 3561 849 3624 sed
867 3561 905 3644 is,
928 3561 982 3645 qui
1001 3559 1255 3644 disputationem

27 3683 29 3718 ³
111 3663 265 3747 produxit
289 3687 305 3728 c
329 3665 548 3731 sumtionibus
572 3667 751 3750 profectam
776 3667 827 3732 vel
849 3667 1029 3732 dialceticis
1053 3667 1168 3750 solum,
1190 3688 1256 3732 non

111 3769 331 3856 elegantibus,
364 3771 414 3836 vel
442 3793 483 3836 ne
510 3772 631 3837 talibus
661 3771 805 3857 quidem,
839 3773 895 3837 sed
923 3772 973 3837 vel
1005 3772 1176 3839 rhetoricis
1203 3773 1254 3838 vel

111 3873 308 3960 sophisticis.
355 3875 447 3952 Quod
470 3877 504 3942 in
532 3877 671 3944 secundo
699 3878 833 3943 huiusce
857 3878 964 3962 operis
992 3877 1076 3944 libro
1100 3879 1181 3943 satis
1205 3878 1255 3944 de-

111 3981 300 4064 monstravi,
324 4003 395 4047 cum
415 3982 630 4050 differentiam
649 3985 858 4069 sumtionum,
881 4007 964 4070 quaa
986 4007 1052 4050 non
1069 3986 1255 4069 propositae

109 4087 312 4172 quaestionis
336 4092 457 4173 essent,
479 4089 636 4155 docerem.
681 4091 805 4156 Eodem
833 4091 929 4158 modo
953 4088 1171 4176 Chrysippus,
1198 4091 1255 4156 ubi

109 4195 150 4258 de
174 4194 329 4260 virtutum
349 4195 531 4260 differentia
554 4195 709 4282 disputat,
732 4199 840 4263 missis
864 4197 1081 4262 sumtionibus
1100 4197 1254 4282 eleganti-

109 4301 173 4366 bus
200 4322 345 4385 quaeque
373 4301 413 4365 ad
446 4301 755 4368 demonstrationem
785 4304 894 4368 valent
880 4304 959 4368 tin
988 4303 1122 4390 reliquis
1149 4305 1253 4370 tribus

109 4407 283 4492 generibus
312 4411 462 4494 vagatur,
494 4409 551 4494 qui
577 4410 724 4475 tamen
714 4433 747 4474 m
772 4433 810 4476 eo
838 4410 937 4494 libro,
969 4409 1026 4475 ubi
1049 4411 1160 4494 quales
1183 4433 1253 4476 csse

986 4517 1041 4572 38*
