3296 5150
637 417 881 484 ⁴383-

184 577 241 660 τῆς
263 578 417 662 Μηδείας
443 573 572 663 ὁρμῶν;
596 575 711 662 ἑτέραν
733 576 809 663 μέν,
836 566 857 664 ᾗ
881 573 1088 662 γινώσκομίν
1110 599 1145 642 τε
1168 573 1208 642 τὰ
1231 572 1333 664 πράγ-

183 708 268 768 ματα
296 683 351 752 καὶ
383 683 567 770 ἐπιστήμην
599 689 717 769 ἔχομεν
749 679 876 766 αὐτῶν,
907 680 977 769 ἥτις
1009 682 1099 749 ἐστὶν
1132 679 1152 768 ἡ
1182 682 1186 770 l
1216 679 1399 768 λογικὴςοο

185 787 343 876 δύναμις,
373 790 488 877 ἑτέραν
512 789 548 858 di
572 789 712 875 ἄλογον,
740 780 779 876 ἧς
806 794 906 876 ἔργον
932 790 969 857 τὸ
993 792 1200 876 θυμοῦσθαι.
1250 787 1333 876 αὕτη

185 895 246 982 μὲν
280 888 343 964 οὖν
366 900 519 983 Μηδείας
550 896 705 984 ἐβιάσατο
737 893 799 984 τὴν
831 894 955 983 ψυχήν·
987 893 1006 982 ἡ
1040 894 1077 962 dl
1106 895 1199 982 ἑτέρα
1221 893 1241 982 ἡ
1266 897 1333 962 ἐπι-

184 1002 347 1091 θυμητικί
385 1003 448 1092 τὴν
482 1008 543 1072 τοῦ
575 1005 731 1072 Μενέλεω
765 1001 948 1070 osredum
975 1001 1226 1090 κατηνάγκασεν
1257 999 1360 1070 ἄπο-ο

185 1116 325 1177 λουθεῑν
356 1104 406 1189 οἷς
438 1108 521 1198 ariri]
551 1111 758 1197 προσέταττε.
812 1109 1006 1196 Χρύσιππος
1038 1109 1074 1177 di
1103 1107 1179 1178 οὔτε
1206 1113 1264 1196 τῆς
1296 1111 1333 1178 ἐν

185 1215 316 1296 τούτοις
352 1217 578 1298 ἐναντιώσεως
614 1217 810 1286 αἰσθάνεται
847 1218 901 1284 καὶ
938 1223 1041 1304 μυρία
1083 1218 1177 1303 ἕτερα
1212 1216 1331 1303 γράφει

185 1327 333 1410 τοιαῦτα,
357 1324 509 1412 καθάπερ
533 1324 668 1393 ἐπειδὰν
691 1326 768 1413 λεήη
798 1326 882 1391 εεἴστι
907 1325 956 1411 δέ,
980 1323 1025 1404 ὡς
1048 1323 1155 1412 οἶμαι,
1182 1322 1332 1392 κοινότα-

187 1431 258 1499 ’τον
281 1429 300 1518 ἡ
325 1429 447 1517 ἄλογος
470 1429 553 1519 αὕτη
573 1431 663 1519 φορὰ
687 1433 741 1500 καὶ
761 1428 1013 1519 ἀπεστραμμένη
1036 1429 1229 1516 τὸνλόγον,
1251 1427 1330 1498 καθ’

188 1531 217 1604 ‘d
240 1538 295 1605 nol
318 1541 417 1630 θυμῷ
441 1540 552 1626 φαμέν
573 1565 666 1619 τινας
689 1540 873 1625 piperum?
909 1539 964 1608 καί
987 1538 1088 1607 πάλιν
1112 1535 1177 1606 ‘out
1201 1537 1255 1604 καὶ
1280 1539 1331 1606 ἐπὶ
1348 1568 1373 1605 ιο

186 1645 302 1712 ετῶνδε
320 1649 389 1714 τῶν
407 1647 569 1733 ἕμπαθῶν
587 1643 632 1726 ὥς
650 1645 723 1732 περὶ
739 1645 959 1732 ἐξεστηκότων
979 1649 1096 1732 ἔχομεν
1114 1644 1169 1712 καὶ
1187 1641 1233 1724 ὡς
1250 1646 1333 1732 πρὸς

186 1751 448 1840 επαηηλιῑαχότας
461 1752 650 1840 ποιούμεθα
668 1752 729 1820 τὸν
747 1751 850 1839 λόγον
871 1753 925 1821 καί
941 1751 982 1822 ού
996 1751 1085 1840 παρὰ
1105 1752 1234 1831 ἑαυτοῖς
1253 1750 1331 1820 οὐδὲ

186 1859 392 1940 ‘lv-§amors
419 1857 538 1940 ὄντας.’
584 1862 639 1928 καὶ
668 1861 784 1948 ἐφεξῆς
811 1860 848 1927 dl
876 1859 977 1928 πάλιν
1001 1858 1221 1946 ἐξηγούμενος
1248 1857 1332 1928 αύτὰ

184 1969 287 2034 ταῦτα
308 1963 339 2053 ’ἡ
361 1965 397 2034 dl
416 1966 609 2054 παραλλαγὴ
629 1973 755 2054 γίνεται
774 1967 829 2035 καὶ
848 1965 868 2054 ἡ
889 1969 922 2048 ἐξ
940 1965 1046 2035 αὐτοῦ
1064 1963 1272 2053 ἀναχώρησις
1291 1963 1333 2034 ού

185 2072 278 2140 εκατὰ
302 2070 383 2141 ἄλλο
407 2101 437 2141 τι
466 2069 486 2160 ἢ
508 2073 571 2162 τὴν
594 2075 780 2160 τοῦλόγου
803 2073 1033 2162 ἀποστροφήν,
1055 2069 1100 2153 ὡς
1122 2079 1333 2161 προείπομεν.
1348 2103 1372 2142 ιτ

186 2177 234 2246 ’τό
248 2206 283 2246 τε
298 2178 362 2267 γὰρ
377 2183 476 2272 θυμῷ
491 2181 654 2267 φέρεσθαι
668 2180 723 2248 καὶ
743 2182 947 2268 ἐξεστηκέναι
966 2181 1021 2248 καὶ
1041 2177 1082 2247 ού
1100 2179 1189 2268 παρὰ
1203 2181 1333 2260 ἑαυτοῖς

220 2375 332 2445 Stipes
350 2377 386 2432 Μ.
411 2406 442 2418 -
469 2383 485 2432 9
508 2373 585 2433 suot
605 2375 740 2432 MABch
763 2372 836 2432 καθ’
856 2371 872 2432 ὃ
893 2378 925 2432 Κ.
950 2409 983 2418 -
1009 2384 1041 2432 13
1066 2372 1097 2432 ἐν
1116 2372 1214 2439 αύτοῐς
1236 2377 1272 2431 Μ.
1298 2409 1330 2416 -

187 2455 220 2502 14
238 2441 256 2518 ἡ
276 2447 307 2504 δὲ
328 2444 493 2520 παραλλαγὴ
514 2465 568 2506 om.
584 2449 620 2503 n.
640 2481 673 2490 —-
693 2466 743 2520 pro
761 2443 938 2519 ἀναχώρησις
959 2449 1075 2504 fortasse
1095 2449 1243 2519 legendum
1262 2443 1331 2503 ἆτο-

184 2514 311 2590 χιίςητις.
332 2551 364 2560 -
386 2527 419 2576 16
438 2521 475 2594 τῷ
494 2541 523 2575 τε
544 2521 623 2576 oodd.
644 2521 706 2576 edd.
725 2516 757 2576 τό
777 2540 805 2575 τε
826 2537 889 2588 ιιοες
910 2521 945 2576 ol.
963 2519 1048 2576 Ptoll.
1067 2539 1094 2590 p.
1114 2526 1157 2575 81.
1176 2551 1211 2560 -

185 2742 297 2785 earum
315 2719 484 2804 habemus,
506 2741 588 2806 quae
608 2723 657 2786 est
675 2720 846 2787 rationulis
869 2720 1018 2805 facultas,
1041 2720 1179 2786 alterum
1201 2720 1330 2786 irratio·

184 2827 268 2910 nale,
291 2827 381 2892 ouius
405 2829 456 2892 est
478 2827 583 2893 irasci.
624 2827 697 2894 Hoo
719 2827 834 2893 Medea
857 2828 967 2894 animo
990 2829 1057 2894 vim
1080 2828 1205 2916 intulit3
1228 2831 1332 2893 restat

185 2933 282 3018 uliud,
305 2933 339 2998 id
356 2936 409 2998 est
425 2935 672 3019 concupiscendi
690 2935 839 3021 facultas,
857 2936 942 3022 quod
960 2934 1145 3000 Menelaum
1163 2935 1330 3020 pelliciens
1357 3003 1362 3014 ,

185 3040 234 3104 ita
257 3041 402 3128 subegit,
426 3045 476 3126 ut,
498 3065 686 3129 quoeunque
710 3043 857 3127 iubebat,
885 3045 1080 3127 sequeretur.
1126 3041 1330 3127 Chrysippus

184 3150 294 3214 tamen
325 3171 428 3234 neque
461 3147 547 3214 hano
576 3149 825 3235 repugnantiam
853 3149 1085 3214 animadvertit
1116 3153 1149 3212 et
1180 3153 1331 3214 sexeeuta

186 3254 251 3319 ulia
278 3255 464 3322 huiusmodi
494 3256 623 3341 scribit,
651 3256 740 3321 volut
767 3279 841 3321 eum
868 3255 961 3320 dicit:
1007 3254 1094 3319 ‘Est
1122 3258 1262 3339 autem,
1290 3261 1331 3320 ut

185 3363 336 3446 opinor,
364 3384 427 3427 res
450 3364 613 3428 maxime
638 3363 849 3428 eommunis
877 3360 1124 3426 irrationalis
1152 3362 1247 3428 liaeo
1269 3387 1330 3427 rs-

185 3467 405 3553 tiouemque
425 3491 615 3535 aversans
634 3471 857 3555 propensio,
882 3469 976 3534 unde
996 3469 1114 3532 etiarn
1137 3470 1195 3534 ira
1218 3492 1330 3554 quos-

186 3572 269 3637 dam
292 3573 389 3638 ferri
413 3576 598 3642 dicimus?
644 3577 689 3642 Et
711 3577 843 3642 itemm:
872 3576 1039 3641 ‘Idcirco
1063 3596 1154 3662 erga
1177 3580 1329 3661 pertur·
1449 3659 1453 3666 ι

186 3679 345 3746 batione
373 3687 597 3763 commotos,
629 3684 740 3769 quasi
768 3689 894 3749 mente
926 3683 1127 3747 deturbati
1156 3684 1246 3768 siut,
1273 3685 1330 3748 ita

185 3811 253 3852 nos
286 3789 456 3873 gerimus
488 3793 526 3854 et
557 3795 750 3876 tamquam
779 3791 825 3854 ad
856 3791 1073 3856 delirantes
1102 3795 1216 3876 atque
1249 3812 1330 3875 eos,

185 3895 389 3981 quinoque
412 3896 512 3980 apud
540 3919 578 3962 se
601 3919 720 3981 neque
748 3898 787 3962 in
815 3921 853 3962 se
882 3899 976 3982 sint,
1004 3898 1120 3964 verba
1143 3896 1329 3962 facimus?

184 4001 346 4087 Deinceps
369 4002 449 4068 haee
473 4003 584 4068 eadem
609 4004 799 4089 explanans:
845 4005 967 4070 ‘Haeo
991 4010 1119 4070 autem
1143 4004 1329 4070 deliratio

185 4113 223 4174 et
246 4133 426 4176 excessus
455 4134 497 4175 ex
525 4133 564 4175 se
592 4111 677 4195 ipso
700 4133 776 4176 non
806 4113 961 4177 aliunde
989 4114 1114 4178 oritur
1147 4133 1257 4196 quam
1286 4135 1345 4198 ex,

185 4217 355 4283 rationis
379 4217 672 4303 aspernatione,
694 4223 735 4284 ut
758 4243 877 4303 supra
900 4220 1072 4285 diximus.
1112 4218 1208 4284 Nam
1231 4219 1329 4305 quod

184 4324 244 4388 ira
266 4324 449 4390 feruntur
466 4325 616 4410 quidam
637 4329 674 4390 et
693 4327 880 4392 excedunt
896 4348 1016 4412 neque
1036 4325 1134 4411 apud
1153 4347 1191 4390 se
1210 4349 1328 4412 neque

185 4431 224 4496 iu
247 4455 286 4496 se
309 4437 400 4498 aunt
423 4434 575 4518 aliaque
603 4433 870 4502 huiuscemodi
897 4431 1104 4498 manifesto
1132 4435 1329 4498 testantur
