3444 5140
714 412 756 424 -
803 376 875 442 7154
913 413 956 424 -

259 529 379 620 ὁλκήν,
411 523 433 623 ᾗ
464 557 548 621 προς
579 532 685 622 μολλόι
716 535 785 602 τῶν
816 537 969 619 φυσικῶν
1002 538 1110 620 ἔργων
1142 529 1160 601 ό
1188 529 1405 621 Ἱπποκράτης

258 642 384 728 χρῆται.
420 638 476 708 διὰ
499 644 598 709 τοῦτο
617 636 816 727 ἠναγκάσθη
839 643 906 708 τῶν
925 641 1100 726 ἐνεργειῶν
1124 639 1215 719 ἐνίας
1238 636 1300 708 οὐκ
1322 637 1405 709 ἄνευ

257 749 316 834 τῆς
347 743 446 834 ὁλκῆς
473 747 652 833 γινομένας
669 750 730 842 είς
761 751 919 834 κερίωσιν
951 743 1141 834 ἀναφέρειν.
1192 743 1312 816 ὁποῖον
1343 745 1405 833 μὲν

259 845 322 921 οὖν
344 881 375 921 τι
398 852 435 921 τὸ
464 857 524 940 τῆς
551 850 650 940 ὁλκῆς
677 853 783 938 ἐστιν,
811 857 922 921 ἔνεστί
950 872 1004 920 σοι
1030 862 1154 939 μαθεῖν
1182 849 1344 921 αὐλίσκου
1365 849 1403 920 τό

257 958 320 1047 μέν
344 961 458 1048 ἕτερον
481 959 620 1047 στόμιον
643 963 689 1038 είς
711 957 805 1048 ὕδωρ
828 959 981 1044 καθέντι,
1008 957 1045 1026 τὸ
1070 959 1107 1027 δὲ
1136 960 1250 1045 ἕτερον
1272 966 1431 1046 neptia-s

258 1065 353 1152 βόντι
376 1080 446 1148 τοῖς
468 1074 619 1155 χείλεσιν.
664 1067 794 1135 ἕλκοντι
821 1066 887 1153 γάρ
915 1067 970 1134 καί
998 1069 1140 1152 μυζῶντι
1169 1063 1224 1134 dari
1251 1067 1319 1133 τῶν
1342 1091 1404 1153 χει-

259 1174 344 1241 λέων
369 1171 430 1242 τὸν
457 1175 495 1242 ’ἐκ
526 1176 587 1241 τοῦ
615 1169 776 1242 αὐλίσκου
808 1171 888 1261 ἀέρα
921 1170 1210 1261 σννακολονθήσει
1237 1171 1274 1240 τὸ
1303 1169 1405 1260 ὕδωρ.

260 1277 346 1348 οὕτω
375 1280 411 1348 dl
439 1279 494 1349 καὶ
526 1278 566 1348 τά
598 1283 716 1348 παιδία
747 1283 787 1369 τῇ
819 1280 1018 1367 παρενθέσει
1049 1283 1119 1348 τῶν
1145 1279 1281 1366 χειλέων
1307 1282 1344 1345 ἔκ
1370 1303 1404 1345 τε

258 1387 326 1453 τῶν
353 1389 479 1454 τιτθῶν
507 1388 593 1455 ἕλκει
619 1385 657 1454 τό
686 1385 771 1473 γάλα
794 1383 856 1453 κάκ
887 1390 955 1454 τῶν
982 1389 1175 1473 βομβυλιῶν
1198 1384 1235 1454 τὸ
1259 1383 1405 1472 περιεχό-

259 1516 363 1578 μενον
387 1493 423 1560 έν
452 1490 567 1588 αὐτοῖς
597 1489 713 1580 ὑγρόν.
758 1489 842 1560 ἀλλὰ
874 1493 928 1560 καλ
961 1496 1000 1561 αί
1023 1495 1091 1560 τῶν
1119 1492 1267 1623 χαλκέων
1299 1490 1404 1577 (μύσαι
1420 1515 1445 1554 ιο

260 1583 585 1685 θιαστελλόμεναι
554 1626 614 1668 τον
641 1595 809 1681 έξωθεν’
791 1599 872 1684 αέρα
900 1597 956 1666 ded
983 1602 1051 1666 τῶν
1074 1598 1323 1686 προσκειμένων
1346 1594 1405 1702 ari:

258 1718 330 1784 ταϊς
348 1701 517 1774 αὐλίσκων
530 1707 685 1775 ἕλκουσιν
703 1704 1008 1793 ἐκπληρώσαντα
975 1733 1037 1793 την
1057 1704 1246 1792 όιαστολήν.
1282 1690 1406 1793 ὁμοίως

260 1809 297 1878 δέ
329 1807 392 1878 κάν
423 1826 494 1892 τοῖς
527 1809 663 1904 ζηόοις“
649 1839 667 1878 ο
699 1810 815 1900 θῶραξ
848 1811 1122 1900 θιαστελλόμενος
1153 1813 1238 1880 ἕλκει
1265 1809 1321 1879 dui
1348 1814 1406 1898 τῆς

259 1923 411 2004 τραχείας
434 1914 592 2007 ἀρτηρίας
610 1915 799 2005 ἀναγκαίως
821 1923 868 1998 είς
890 1918 927 1987 τὸ
953 1918 1058 2007 στόμα
1079 1918 1141 1988 τὸν
1164 1920 1290 2000 ἔξωθεν
1313 1916 1405 2006 ἀέρα,

260 2023 402 2112 σμικρὸν
425 2023 461 2093 δέ
479 2023 620 2112 ὕστερον
640 2027 786 2114 ἐκθλίβει
809 2025 1070 2114 συστελλόμενος
1089 2027 1126 2092 έν
1147 2040 1219 2105 ταῖς
1241 2027 1406 2104 έκιτνοαῐς.
1421 2047 1445 2088 ιε

259 2133 351 2201 τουτὶ
383 2131 445 2220 μὲν
480 2130 518 2200 τὸ
552 2137 651 2220 ἔργον
687 2133 725 2200 έν
756 2136 800 2200 τῶ
834 2134 977 2226 δευτέρω
1009 2133 1084 2220 περὶ
1118 2135 1215 2220 μυῶν
1246 2125 1407 2217 κινίσεως

296 2341 503 2416 3ἀναφέρειν·
524 2345 598 2402 ἕλκει
622 2338 745 2417 ptvouv
764 2343 928 2410 είςέαντὸν
946 2349 1061 2417 (p.¹11'1,
1082 2349 1127 2416 10)
1145 2347 1257 2401 FP.-
1276 2352 1338 2401 4τι
1357 2345 1406 2414 τῆς

260 2417 339 2475 codd.
364 2417 429 2474 edd.
451 2439 477 2472 τι
501 2414 533 2472 τὸ
557 2419 614 2502 τῆς.
628 2434 691 2483 nos;
718 2418 752 2474 cf.
776 2417 912 2489 Proll.p.
939 2426 1053 2474 106.—
1086 2425 1183 2485 Βκαρ
1185 2415 1287 2474 αθέοει
1309 2417 1347 2471 M.
1371 2448 1405 2457 -

260 2496 277 2545 9
300 2509 392 2544 κακτα
417 2506 467 2574 pro
495 2485 550 2544 κάκ
578 2489 634 2543 τῶν
659 2459 758 2543 Ml·-
788 2439 945 2559 fiopfiuiitiv
969 2487 1102 2544 Manen
1132 2490 1290 2560 βομβνλίων
1314 2488 1346 2542 Κ,
1371 2518 1405 2528 -

262 2568 294 2615 12
315 2555 528 2630 έκτιληρωσοντα
547 2561 634 2615 MAB
655 2555 871 2630 έκπληρῶσαντοι
891 2561 1024 2618 ChK.-
1047 2567 1079 2616 13
1098 2561 1147 2614 καλ
1166 2566 1224 2622 τοῖς
1242 2559 1322 2614 codd.
1342 2557 1404 2614 edd.

263 2627 318 2686 κάν
336 2637 395 2694 τοῖς
414 2649 524 2686 nos.-
544 2633 609 2702 post
627 2630 702 2686 ἕλκει
720 2634 792 2719 spat.
813 2649 871 2687 rac.
890 2631 1014 2702 quinque
1033 2631 1130 2700 litter„
1149 2631 1275 2701 sequitur
1289 2625 1405 2699 ἀχρείως

260 2697 426 2792 ἀρτηρίας
417 2721 447 2757 1n
470 2703 569 2758 M.-
602 2709 635 2785 14
658 2705 723 2773 post
744 2698 877 2772 ἀρτηρίας
905 2705 976 2788 spat.
999 2720 1059 2758 vac
1084 2721 1132 2760 sex
1156 2702 1255 2772 riusa,
1279 2701 1407 2772 sequitur

261 2774 371 2844 μηκέως
391 2769 476 2838 είς
449 2795 480 2829 το
500 2769 589 2845 στόμα
607 2773 636 2828 in
656 2774 746 2828 M.
768 2781 800 2829 15
820 2770 1039 2845 συστελλόμενον
1057 2776 1094 2829 M.
1115 2807 1147 2816 —

262 2992 391 3076 deinde,
419 2991 505 3076 quod
527 3013 567 3055 ne
591 2990 624 3055 id
647 2988 775 3076 quidem
799 2991 880 3056 facit
903 2992 972 3056 siue
995 2990 1261 3076 reprehensione,
1287 2991 1407 3075 quippe
1516 3003 1518 3008 '

262 3099 319 3184 qui
348 3098 577 3163 attractionem
604 3097 715 3181 tollat,
743 3120 806 3182 qua
829 3097 1047 3183 Hippocrates
1076 3097 1116 3162 ad
1144 3097 1265 3162 multas
1294 3119 1406 3181 opera·

262 3206 367 3272 tiones
390 3205 555 3270 naturales
579 3203 839 3289 interpretandas
863 3205 974 3288 utitur,
997 3209 1094 3288 atque
1117 3203 1237 3270 idcirco
1262 3203 1406 3269 actiones

261 3312 447 3394 nonnullas,
474 3333 555 3396 quae
577 3333 643 3376 non
673 3311 742 3376 sine
771 3310 964 3376 attractione
988 3311 1184 3394 efficiuntur,
1211 3309 1246 3374 in
1273 3308 1407 3373 circum-

264 3418 424 3484 actionem
466 3417 629 3500 quandam
669 3417 789 3482 referre
827 3422 957 3484 coactns
995 3417 1047 3482 sit.
1104 3415 1174 3480 lam
1211 3415 1316 3504 qualis
1356 3414 1405 3479 vis

263 3523 469 3590 attractionis
488 3523 541 3607 sit,
564 3523 637 3587 inde
657 3545 850 3608 cognoscere
874 3524 936 3590 tibi
959 3525 1045 3608 licet,
1069 3524 1097 3589 si
1116 3522 1244 3588 fistulae
1268 3522 1406 3586 alterum

262 3631 420 3698 orificium
444 3631 477 3694 in
498 3651 614 3714 aquam
633 3629 811 3716 demiseris,
834 3632 972 3696 alterum
995 3631 1096 3697 labris
1115 3627 1406 3714 comprehenderis.

261 3736 459 3802 Trahentem
488 3735 574 3800 enirn
603 3740 635 3799 et
663 3741 832 3821 sugentem
860 3738 963 3803 labris
992 3760 1009 3802 e
1037 3737 1146 3802 fistula
1176 3741 1281 3801 adrem
1310 3733 1407 3799 simul

263 3847 415 3928 sequetur
447 3865 539 3927 aqua.
595 3839 649 3906 Sic
685 3842 828 3909 infantes
865 3867 990 3930 quoque
1021 3844 1189 3910 labrorum
1222 3842 1406 3907 admotione

261 3954 331 4015 tum
356 3971 372 4013 e
395 3949 529 4035 papillis
553 3949 620 4033 lac,
643 3953 712 4015 tum
737 3972 754 4014 e
777 3951 967 4037 bombyliis,
990 3972 1073 4035 quae
1101 3948 1266 4031 dicuntur,
1294 3947 1406 4013 humo·

262 4079 345 4141 rem,
377 4057 431 4142 qui
459 4056 494 4121 in
521 4054 562 4120 iis
591 4056 787 4142 continetur,
819 4058 998 4122 attrahunt.
1044 4057 1150 4140 Atque
1178 4057 1276 4120 etiam
1298 4055 1407 4120 fabro-

262 4184 335 4226 rum
357 4161 452 4227 folles
475 4160 609 4226 distenti
632 4161 823 4227 exteriorem
844 4169 950 4228 aerem
974 4185 1033 4246 per
1055 4164 1194 4228 adnexas
1217 4161 1342 4228 fistulas
1366 4162 1405 4226 ad

262 4268 453 4354 explendam
481 4267 711 4334 distentionem
739 4269 917 4334 attrahunt
964 4268 1122 4334 Similiter
1149 4267 1308 4344 etiamin
1338 4267 1406 4332 ani·

262 4375 403 4441 malibus
431 4375 592 4441 distentus
620 4374 737 4440 thorax
774 4397 831 4462 per
864 4397 1011 4460 asperam
1040 4374 1194 4439 arteriam
1221 4373 1406 4440 necessario
