3166 5192
541 495 582 508 -
630 457 694 524 529
742 495 785 508 -·-

89 619 163 693 δίας
191 611 371 700 ὑπολαβεῖν
399 611 485 680 εἶναι
513 618 648 700 φλεβῶν
674 611 796 700 ἀρχήν,
829 611 939 700 ὥσπερ
967 613 1030 700 τὴν
1057 613 1235 704 ἀριστερὰν

89 717 273 808 ἀρτηριῶνς
307 721 358 786 ἐπὶ
390 717 455 805 γάρ
488 715 659 807 ἀνομοίοις
691 726 922 807 γνωρίσμασιν
953 717 1117 808 άνόμοιον
1148 720 1234 790 εἶναι

13 863 14 866 “
88 823 150 914 χρὴ
174 825 315 912 καλιὴν
338 829 489 906 ἔνδειξιν.
535 831 566 893 εί
592 828 631 894 δέ
655 854 700 917 τῳ
725 831 818 895 δοκεῖ
839 823 981 913 σμικρὸν
1008 825 1154 896 εἶναιτὸ
1178 834 1236 915 τῆς

89 932 258 1020 ἐκφύσεως
274 936 344 1001 τῶν
357 929 501 1018 ἀγγείων
515 931 699 1021 γνώρισμα,
717 940 824 1002 καίτοι
843 959 880 1019 γε
894 929 956 1000 οὐκ
970 930 1069 1014 ὄντος
1083 939 1236 1022 σμικροῦ,
1276 973 1284 984 ·

89 1037 173 1107 ἀλλὰ
201 1039 309 1107 ἐκεῖνό
338 1065 373 1126 γε
407 1036 483 1106 οἶδα
512 1037 563 1108 ὅτι
596 1037 637 1108 οὐ
666 1039 808 1127 σμικρὸν
835 1037 925 1108 εἶναι’
951 1059 1033 1126 φησι
1059 1041 1097 1109 τὸ
1130 1041 1264 1110 πολλᾶῡ

88 1150 157 1214 τῶν
181 1145 273 1237 {pios}
296 1143 358 1214 οὐκ
381 1151 468 1232 ἔχειν
491 1145 554 1232 τὴν
577 1143 690 1226 δεξιὰν
713 1153 844 1214 κοιλίαν
866 1150 925 1232 τῆς
946 1150 1094 1234 καρδίας.
1130 1153 1236 1216 καίτοι

88 1279 125 1338 γε
159 1250 220 1321 οὐκ
253 1254 419 1340 ἐνδέχεται
450 1251 513 1338 τὴν
546 1259 663 1338 κοίλην
694 1253 801 1338 φλέβα
835 1255 839 1337 l
872 1257 930 1339 τῆς
962 1259 1089 1334 κοιλίας
1115 1253 1304 1341 ταύτηςελο

13 1427 14 1434 ς
91 1359 275 1445 έκφύεσθαι
304 1365 464 1447 νομιῒειν,
492 1356 574 1427 ὅταν
602 1359 639 1425 ἐν
661 1358 866 1446 παμπόλλοις
894 1360 1004 1445 γένεσι
1034 1359 1126 1452 ζῴων
1149 1353 1237 1449 ἧπαρ

13 1533 14 1548 ,
89 1466 152 1551 μὲν
175 1463 305 1554 ὑπάρχῃ
329 1467 383 1533 καλ
406 1472 501 1552 κοίλη
524 1467 625 1553 φλέψ,
648 1463 668 1552 ἡ
692 1471 802 1533 κοιλία
826 1464 862 1533 δὲ
885 1463 905 1552 ἡ
930 1465 1022 1548 δεξιά
1045 1469 1129 1556 μηδὲ
1153 1465 1239 1548 ὅλως

92 1565 120 1659 ᾖ.
168 1577 245 1640 τίνα
272 1578 390 1640 τοίνυν
418 1572 486 1640 ἐστὶ
514 1573 568 1640 καλ
596 1571 682 1640 πόσα
709 1570 749 1638 τὰ
779 1573 859 1658 γένη
887 1576 956 1640 τῶν
984 1573 1091 1664 ζῴων,
1123 1576 1161 1642 έν
1188 1571 1238 1655 οἷς
1253 1597 1279 1636 1⁰

90 1705 175 1766 φημι
199 1675 261 1765 τὴν
285 1676 399 1759 δεξιὰν
423 1675 485 1745 οὐκ
507 1676 593 1747 εἶναι
612 1681 670 1764 τῆς
692 1681 832 1764 καρδίας
849 1686 995 1760 κοιλίαν;
1018 1678 1152 1772 ἀριθμῷ
1176 1682 1238 1769 μὲν

13 1865 14 1870 ¹
90 1780 152 1852 οὐκ
176 1789 239 1872 ἔχω
258 1789 408 1852 διελθεῖν
426 1782 521 1870 αὐτά,
544 1784 662 1853 κοινὸν
681 1784 716 1852 δὲ
737 1781 790 1870 ἐφ’
816 1782 916 1854 ἅπασι
936 1786 1120 1872 κεφάλαιον
1137 1781 1239 1874 εὗρον

90 1887 273 1978 άνατεμάν.
319 1889 425 1960 πολλὰ
449 1889 624 1980 άσάμβατα
651 1890 713 1978 μὲν
740 1896 787 1971 είς
814 1893 921 1980 ἕτερα,
948 1892 1104 1980 πρόσεστι
1137 1893 1174 1962 δέ
1201 1897 1240 1963 ἓν

13 2085 14 2088 ¹
93 1994 207 2076 αὐτοῖς
230 1999 408 2085 ἐξαίρετον,
432 1996 512 2085 ὅπερ
536 1995 596 2086 οὐχ
621 1996 722 2066 ἅπασι
741 1999 895 2086 τυγχάνει
919 2015 989 2079 τοῖς
1013 2000 1178 2088 ένάδροις,
1201 2001 1237 2070 τὸ

91 2103 171 2189 μήτε
189 2099 352 2170 άναπνεῖν
371 2106 403 2186 ἐξ
422 2101 519 2190 ἀέρος
537 2104 618 2192 μήτε
638 2110 725 2191 ἔχειν
743 2104 924 2192 πνεύμονα.
960 2108 1052 2174 τουτὶ
1075 2106 1139 2193 γὰρ
1162 2105 1238 2196 ἄχρι
1254 2129 1279 2169 1⁵

90 2212 152 2275 τοῦ
171 2211 270 2295 δεῦρο
284 2207 367 2276 κατὰ
385 2209 493 2276 πάντα
512 2212 591 2296 γένη
606 2213 674 2278 τῶν
695 2211 787 2301 ζῴων
800 2212 1095 2301 παρεφνλαξάμην,
1115 2234 1239 2282 συναπ-

128 2412 143 2458 2
163 2399 291 2475 άνομίοις
306 2405 342 2461 Μ.
362 2437 393 2444 -
414 2411 430 2459 t
449 2400 535 2474 πολλὴ
551 2405 587 2460 Μ.
602 2437 635 2444 -
656 2413 672 2461 8
691 2403 788 2475 γένεσι
802 2424 853 2478 pro
868 2407 962 2476 γένεσι
977 2407 1012 2464 Μ.
1030 2439 1060 2447 —
1081 2417 1097 2463 9
1116 2403 1238 2478 ὑπάρχει

93 2475 234 2532 ΜΑΒΟλι.
259 2507 291 2516 -
323 2483 354 2530 12
378 2471 431 2530 οάκ
456 2475 527 2546 ἔχων
546 2479 578 2530 Δ.
600 2507 631 2516 -
659 2484 690 2532 13
714 2472 882 2549 άσάμβαντα
901 2479 937 2533 Μ.
964 2511 995 2518 -·
1021 2475 1053 2533 έν
1071 2474 1169 2541 αὐτοῖς
1187 2497 1238 2549 pro

90 2545 124 2600 ’ἓν
143 2543 205 2603 asir.
225 2547 353 2614 MA3'ci.
374 2547 459 2602 Proll.
478 2566 504 2618 p.
525 2555 568 2602 39.
588 2579 623 2588 -
649 2555 681 2602 14
700 2543 771 2616 ὅπερ
794 2543 846 2619 οάχ
865 2543 955 2604 άπασι
974 2550 1053 2605 codd.
1074 2550 1135 2604 edd.
1161 2543 1186 2604 d.
1206 2546 1238 2604 lv

91 2619 137 2673 vel
158 2615 207 2688 ἐφ’
228 2613 276 2674 ἆπ.
297 2617 378 2674 Corn.
399 2649 431 2659 -
450 2615 482 2674 τὸ
502 2615 571 2688 μίγδ’
592 2614 732 2674 άναπνείν
753 2621 894 2676 Mosen.
916 2655 945 2660 --
976 2629 1006 2676 16
1026 2621 1160 2687 δευτέρου
1180 2623 1237 2676 ΜΛ

94 2691 182 2758 δεῦρο
200 2690 230 2744 in
249 2705 337 2762 marg.
357 2691 379 2744 Β
399 2690 492 2757 Corn.;
513 2691 547 2744 ci.
567 2690 652 2746 Proll.
672 2710 698 2761 p.
718 2697 761 2745 40.
783 2723 813 2732 -
838 2689 1058 2761 καρεφνλάξατο
1078 2693 1156 2748 codd.
1175 2693 1237 2748 edd.

92 2757 338 2832 παρεφολαξάμην
356 2779 419 2826 nos;
439 2761 474 2816 cf.
492 2761 577 2816 Proll.
597 2780 625 2832 p.
647 2769 705 2816 100.
727 2793 758 2804 —

93 2963 296 3043 arteriarum,
319 2963 366 3026 ita
384 2961 533 3026 dextmm
552 2983 707 3026 venarum
727 2963 886 3048 originem
906 2983 976 3026 esse
995 2963 1238 3028 existimemus?

91 3066 142 3132 Ex
166 3067 382 3136 dissimilibus
410 3068 496 3132 enim
524 3067 653 3133 indiciis
685 3067 891 3132 dissimilium
915 3073 994 3133 notu
1022 3069 1080 3132 fist
1108 3091 1238 3134 neeesse

93 3180 151 3240 est.
198 3175 320 3252 Quodsi
348 3173 421 3257 quis
445 3173 615 3258 indicium,
644 3175 728 3258 quod
752 3197 789 3238 ex
819 3197 971 3240 vasorum
995 3179 1068 3240 ortu
1092 3176 1239 3258 sumitur,

92 3281 163 3347 leve
187 3305 258 3348 esse
281 3282 448 3366 opinetur,
477 3301 673 3364 quamquam
698 3280 830 3345 minime
861 3283 939 3362 leue¹
960 3287 1023 3364 est,
1050 3287 1136 3346 uerte
1166 3304 1238 3346 eum

92 3387 173 3453 illud
196 3389 277 3452 mihi
300 3409 490 3474 persuasum
516 3391 567 3451 est
593 3409 659 3452 non
686 3387 757 3450 leve
781 3389 898 3470 disere,
926 3389 1011 3473 quod
1041 3389 1144 3452 mults.
1172 3388 1240 3452 uni·

94 3494 194 3559 melis
225 3494 374 3559 dextrum
410 3493 516 3558 cordis
552 3493 766 3558 ventriculum
804 3517 869 3560 non
901 3495 1031 3559 habent.
1087 3495 1132 3558 At
1164 3517 1239 3559 vero

93 3593 274 3664 existimari
296 3622 363 3666 non
385 3603 496 3686 potest
513 3621 626 3664 cavam
646 3621 762 3666 venam
782 3622 820 3662 ex
843 3600 903 3664 hoe
929 3587 1114 3666 ventriculo
1133 3604 1238 3665 ortum

93 3701 229 3788 habere,
262 3707 288 3770 si
322 3709 356 3771 in
389 3708 548 3790 plerisque
583 3707 773 3770 animalium
806 3706 978 3791 generibus
1011 3707 1099 3770 ieeur
1127 3711 1177 3770 est
1207 3711 1239 3770 et

93 3831 175 3875 eave
203 3835 299 3896 vena,
328 3814 439 3876 dexter
466 3813 663 3877 ventriculus
693 3813 824 3878 omnino
852 3819 999 3877 nonest.
1046 3819 1134 3888 Quae
1163 3835 1238 3878 vero

93 3917 161 3980 sint
185 3925 217 3984 et
240 3925 320 4004 quot
347 3941 615 4002 generosorum,
643 3920 760 4003 quibus
784 3919 895 3983 dexter
919 3919 1116 3984 ventriculus
1140 3919 1240 4003 deest,

93 4043 229 4090 numero
253 4025 381 4110 quidem
406 4026 554 4110 persequi
578 4048 643 4089 non
666 4047 763 4108 queo,
787 4027 842 4090 sed
866 4031 974 4091 tamen
998 4027 1059 4090 hoc
1085 4031 1184 4110 eaput
1205 4027 1239 4091 in

93 4131 259 4214 omnibus,
292 4156 374 4218 quse
407 4133 558 4214 dissonui,
590 4132 706 4196 inveni.
767 4131 855 4207 Quae
893 4155 1088 4216 quamquam
1123 4133 1238 4196 ceteris

93 4232 127 4297 in
155 4238 252 4302 rebus
280 4241 383 4304 multu
411 4239 546 4321 habent,
578 4261 659 4322 quae
687 4261 753 4302 non
780 4239 991 4321 conveniunt,
1021 4243 1132 4302 tamen
1159 4239 1239 4302 illud

94 4340 259 4426 singulare
284 4346 323 4409 iis
347 4348 440 4430 inest,
464 4347 496 4409 id
520 4345 605 4430 quod
628 4367 693 4408 non
719 4345 868 4408 omnibus
893 4344 1091 4427 aquatilibus
1115 4345 1238 4410 contin-

94 4447 157 4528 git,
180 4452 265 4532 quod
293 4475 396 4538 neque
429 4477 466 4516 ex
496 4457 567 4522 sire
596 4453 757 4534 respirant
785 4472 887 4533 neque
916 4451 1084 4534 pulmones
1109 4451 1240 4516 habeut.

149 4563 231 4606 Geloni
245 4567 273 4606 de
287 4567 347 4607 Piae.
362 4567 419 4607 ent.
432 4571 454 4606 el
471 4567 578 4616 Hippocr.
593 4565 650 4604 libri.
992 4563 1026 4610 34
