3376 5144
825 351 1068 415 „800-

370 508 487 588 τελίως
509 507 655 596 ἀχρηστά
680 509 770 576 ἐστιν
803 513 849 588 είς
872 505 931 588 τὰς
959 503 1079 594 ήθικάς
1105 535 1140 576 τε
1167 507 1222 576 καὶ
1249 509 1420 590 πολιτικὰς
1441 507 1521 579 ἀνο-

371 617 555 704 μαζομένας
578 612 695 703 ἀρετάς
717 642 751 682 τε
775 615 828 683 καλ
853 614 1001 703 πράξεις,
1025 612 1134 702 ῶσπερ
1163 616 1277 700 γεκαὶ
1302 620 1348 695 είς
1369 615 1428 696 τάς
1450 621 1522 684 τῶν

372 726 523 808 ψυχικῶν
554 725 675 790 παθῶν
714 724 826 802 ίάσεις.
875 722 930 789 καὶ
968 722 1147 808 γέγραπται
1189 722 1262 809 περὶ
1299 720 1412 790 αὐτῶν
1452 721 1520 790 ὑπὸ

371 831 590 914 Ξενοφῶντος
613 828 741 916 ἀριστα,
765 833 809 916 μὴ
830 829 938 915 μόνον
956 825 1062 895 αὐτοῦ
1080 832 1137 914 τῆς
1156 825 1333 916 ἀχρηστίας
1356 855 1519 916 κατεγνω-

344 934 481 1018 exosos,
510 931 592 1003 ἀλλὰ
619 938 674 1004 καλ
698 935 884 1023 Σωκράτην
914 934 1101 1021 φάσκοντος
1133 933 1221 1002 οὕτω
1245 951 1395 1023 φρονεῖν.
1442 935 1521 1026 ὁμο-

370 1047 508 1128 λογοῦσι
533 1042 569 1110 δὲ
601 1040 768 1134 αὐτῷκαὶ
802 1045 836 1109 ol
866 1040 961 1109 ἄλλοι
993 1044 1053 1108 τοῦ
1076 1040 1279 1128 Σωκράτους
1307 1044 1430 1132 ἑταῖροι
1460 1045 1516 1112 καὶ

372 1147 516 1218 Πλάτων
556 1147 670 1233 αὐτός,
711 1146 748 1228 ὃς
782 1147 845 1235 τήν
881 1146 1028 1236 φυσικὴν
1065 1154 1214 1235 θεωρίαν
1249 1154 1289 1238 τῇ
1332 1157 1518 1239 φιλοσοφίᾳ

371 1257 530 1344 προσθεὶς
566 1263 691 1346 Τιμαίῳ
724 1253 882 1343 ἀναφέρει
923 1254 984 1322 τὸν
1023 1255 1097 1341 περὶ
1139 1252 1240 1342 αὐτῆς
1281 1239 1419 1343 λόγον,Χ
1442 1255 1517 1345 οὐχί

372 1361 554 1450 Σωκράτει,
576 1361 727 1448 καθάπερ
751 1362 805 1428 καὶ
829 1360 891 1448 τήν
915 1361 966 1428 ἐπὶ
989 1364 1092 1430 πλέον
1115 1363 1331 1451 ἐντεταμένην
1354 1369 1514 1432 διαλεκτι-

334 1492 358 1530 ιο
372 1467 435 1554 κὴν
471 1474 518 1548 είς
546 1474 765 1559 Παρμενίδην
804 1493 839 1536 τε
879 1468 933 1534 καλ
974 1468 1035 1536 τὸν
1071 1469 1202 1556 ἑταῖρον
1234 1467 1339 1537 αὐτοῦ
1367 1470 1519 1558 Ζήνωνα.

373 1574 428 1642 διὰ
457 1573 635 1663 ὁμοιότητα
664 1569 727 1645 οὖν
754 1601 829 1643 τινα
856 1589 925 1654 τοϊς
957 1582 1129 1663 χρησίμοις
1169 1580 1236 1643 τῶν
1278 1581 1423 1664 λογικῶν
1463 1579 1516 1644 καὶ

372 1686 525 1768 φυσικῶν
565 1682 794 1772 θεωρημάτων
838 1681 893 1748 καί
935 1679 955 1770 ἡ
996 1686 1064 1750 τῶν
1111 1679 1286 1771 ἀχρήστων
1332 1685 1518 1772 προσετέθη

374 1789 510 1876 ζήτησις.
553 1787 721 1858 ἀθάνατον
752 1787 816 1876 γάρ
849 1789 916 1855 ἑστι
944 1788 1028 1875 μηδὲ
1060 1787 1144 1868 ὅλως
1176 1789 1370 1876 ἐφάψασθαι
1406 1789 1488 1858 κατὰ
1514 1793 1517 1880 l

309 1895 435 1983 782st
463 1893 589 1983 ήθικήν
615 1923 650 1964 τε
681 1896 737 1964 καὶ
770 1893 944 1980 πολιτικὴν
965 1901 1115 1983 θεωρίαν
1156 1896 1236 1984 μήτε
1276 1901 1334 1984 τῆς
1375 1901 1518 1984 φυσικῆς

335 2022 359 2062 ¹⁵
373 2001 453 2090 μήτε
493 2006 550 2089 τῆς
591 2007 855 2089 συλλοχιστικής,
893 1997 974 2068 ἀλλά
1016 2002 1070 2069 καὶ
1107 2007 1210 2070 ταῦτα
1243 2007 1311 2071 τῶν
1343 2001 1518 2091 ἀχρήστων

375 2106 531 2198 εὑρήσεις.
582 2109 792 2196 παραπλήσια
834 2108 870 2176 dl
911 2108 1015 2176 πολλὰ
1058 2114 1125 2177 τῶν
1167 2114 1302 2191 ψευδῶν
1343 2112 1410 2178 ἐστι
1447 2123 1518 2188 τοῖς

374 2212 535 2302 ἀληθέσιν
565 2221 601 2284 ἔν
629 2242 663 2282 τε
689 2231 761 2295 ταῖς
787 2213 904 2303 ἀρχαῖς
930 2219 998 2283 τῶν
1026 2212 1227 2297 ἀποδείξεων
1254 2215 1414 2285 καλιπάσι
1444 2231 1515 2295 τοῖς

410 2437 426 2484 4
449 2425 614 2498 ἀχρηοτείας
638 2429 732 2484 ΜΑΒ.
759 2462 799 2518 -Ι
816 2437 831 2484 ο
851 2426 994 2498 σωκράτης
1013 2431 1048 2485 Μ.
1077 2461 1109 2470 -
1126 2425 1282 2516 ἵφάσκοντα
1305 2431 1438 2515 Musscu
1463 2425 1518 2516 φά-

374 2501 586 2627 fflvfiocehdo-rn.
607 2501 639 2556 ll.
661 2533 692 2540 -
715 2509 742 2556 11
766 2522 818 2572 μεν
837 2521 901 2556 τινα
920 2503 999 2558 codd.
1019 2503 1081 2558 edd.
1102 2521 1154 2557 ουν
1174 2523 1197 2559 τ.
1216 2519 1273 2556 uos.
1295 2533 1326 2542 -—
1353 2509 1385 2557 16
1404 2520 1519 2570 ευρηοει

375 2693 489 2701 -——--·
496 2693 586 2702 —--

375 2757 592 2841 appellantur,
633 2753 769 2818 virtutes
807 2753 1027 2838 actionesque,
1069 2756 1153 2821 sicut
1194 2755 1292 2820 etiam
1334 2755 1375 2819 ad
1417 2755 1518 2821 animi

375 2865 508 2927 affectus
545 2860 712 2926 curandos.
763 2859 811 2924 Ao
848 2859 886 2922 de
923 2859 974 2924 his
1012 2861 1134 2945 optime
1173 2861 1329 2945 scriptum
1365 2886 1384 2927 a
1412 2861 1519 2929 Xeno-

376 2970 498 3055 phonte
523 2973 584 3052 est,
617 2967 672 3052 qui
709 2989 775 3031 non
807 2965 911 3029 solum
944 2967 1015 3050 ipse
1047 2968 1180 3033 huiusce
1217 2968 1265 3032 rei
1305 2969 1518 3033 inutilitatem

375 3077 555 3159 damnavit,
583 3074 637 3138 sed
662 3073 828 3138 Socratem
857 3073 956 3137 etiem
984 3073 1031 3138 ita
1061 3077 1199 3141 sensisse
1228 3075 1412 3141 affirmavit
1457 3073 1518 3140 Oui
1557 3151 1563 3164 ,

375 3185 595 3249 assentiuntur
623 3203 695 3244 oum
720 3179 777 3243 alii
802 3179 898 3242 amici
927 3178 1086 3266 Socratis,
1114 3188 1184 3247 tum
1216 3183 1312 3248 Plato
1345 3183 1428 3266 ipse,
1462 3183 1517 3266 qui

374 3297 510 3357 naturae
534 3286 842 3370 contemplationem
866 3286 1094 3370 philosophiae
1118 3313 1191 3354 oum
1216 3289 1428 3373 adiunxisset,
1454 3289 1513 3352 dis·

374 3400 577 3483 putationem
616 3394 654 3458 de
691 3393 750 3458 ille
787 3415 852 3457 non
894 3391 1035 3477 Socrati,
1072 3395 1128 3459 sed
1159 3396 1292 3460 Timaeo
1334 3394 1517 3478 adscripsit,

373 3503 643 3590 quemadmodum
687 3500 787 3566 etiam
838 3500 1055 3585 dialecticam,
1097 3524 1178 3586 quae
1220 3501 1350 3587 longius
1387 3506 1517 3586 proten·

374 3612 522 3694 debatur,
559 3609 600 3674 ad
627 3606 852 3673 Parmenidem
885 3608 1016 3692 eiusque
1045 3610 1169 3674 socium
1198 3609 1360 3675 Zenonem
1392 3608 1516 3672 detulit.

374 3715 512 3800 Propter
543 3715 790 3779 similitudinem
822 3714 925 3798 igitur
957 3715 1118 3798 quendam
1152 3739 1224 3780 oum
1256 3716 1391 3780 utilibus
1423 3738 1517 3800 quoe

375 3823 536 3888 stiouibus
565 3821 780 3886 rationalibus
812 3824 844 3885 et
875 3823 1079 3886 naturalibus
1114 3822 1266 3886 adiuncta
1294 3823 1392 3886 etiam
1420 3822 1516 3886 inuti-

376 3929 456 3992 lium
493 3928 706 4013 investigatio
744 3931 802 3992 est.
862 3927 946 3992 Fieri
984 3930 1070 3994 enim
1107 3951 1172 3994 non
1209 3931 1331 4012 potest,
1358 3933 1395 3992 ut
1421 3929 1454 3993 in
1479 3951 1515 3992 ea

375 4033 578 4119 quaestione,
607 4057 689 4120 quae
717 4034 752 4098 in
782 4035 927 4098 moribus
959 4039 991 4099 et
1014 4035 1181 4118 republica
1204 4038 1364 4116 versetur,
1386 4039 1515 4099 natura-

374 4142 438 4205 lem
476 4145 509 4206 et
546 4141 810 4205 ratiocinativam
846 4163 978 4225 prorsus
1014 4164 1079 4206 non
1118 4141 1274 4226 attingas,
1312 4140 1367 4205 sed
1403 4142 1437 4206 in
1465 4141 1514 4206 his

375 4269 500 4332 quoque
532 4248 689 4331 invenies,
721 4269 802 4333 quae
831 4247 960 4312 inutilia
988 4252 1072 4312 sunt.
1122 4246 1274 4312 Ceterum
1297 4247 1402 4312 multa
1432 4248 1515 4312 falsa

374 4355 459 4420 veris
496 4356 618 4420 similia
660 4356 790 4419 suntin
825 4355 929 4420 initiis
957 4355 1269 4420 demonstrationum
1297 4359 1330 4420 et
1356 4355 1513 4436 omnibus,
