3298 5136
792 381 1034 447 -aao-

335 536 578 625 καταλαμβάνει
601 537 638 607 τὸ
664 544 748 630 ζῷον
765 539 956 626 παθήματα.
993 538 1151 607 συνάπτει
1176 537 1213 608 δὲ
1232 544 1375 627 καρδίαν
1395 541 1484 626 ἐγκε-

335 646 431 737 φάλςο
454 645 493 714 τὰ
517 653 592 733 τρία
621 648 700 734 γε’νη
728 651 796 715 των
819 645 978 733 ἀγγείων,
1006 645 1087 733 άπερ
1117 645 1158 733 δὴ
1187 648 1241 714 καὶ
1271 646 1397 726 παντὸς
1423 651 1486 714 τοῦ

335 753 486 840 σώματος
518 751 656 840 ὑπάρχει
689 754 802 838 κοινά,
839 756 957 841 φλέβες
993 755 1048 821 καὶ
1086 750 1239 841 ἀρτηρίαι
1272 755 1327 822 καλ
1369 757 1486 842 νεῦρα,

335 862 454 946 φλέβες
491 860 552 947 μὲν
589 864 627 927 αί
660 865 853 947 σφαγίτιδες
889 858 1148 948 ὀνομαζόμεναι,
1184 858 1338 948 ἀρτηρίαι
1376 860 1411 928 δὲ
1450 865 1490 928 αι’

301 991 313 1027 u
334 971 525 1054 καρωτίδες,
544 971 647 1055 νεῦρα
667 967 703 1034 δὲ
722 966 761 1034 τὰ
784 968 918 1048 ταύταις
936 983 1007 1046 ταῖς
1025 963 1196 1055 ἀρτηρίαις
1214 966 1487 1054 παραπεφυκότα.

334 1071 392 1152 τὰς
422 1075 484 1160 μὲν
512 1072 554 1160 δή
588 1078 785 1160 σφαγίτιδας
817 1077 942 1161 φλέβας
974 1071 994 1162 ἢ
1024 1072 1082 1152 τάς
1108 1077 1294 1160 καρωτίδας
1326 1071 1487 1161 ἀρτηρίας

335 1177 396 1265 οὐχ
423 1177 534 1258 ἁπλῶς
566 1179 627 1267 χρή
660 1182 806 1266 τίμνειν,
839 1178 949 1267 ὥσπερ
976 1179 1015 1248 τδι
1048 1184 1167 1268 νεῦρα,
1196 1180 1391 1266 τεθνήξεται
1419 1179 1486 1266 γὰρ

335 1283 461 1366 εὐθέως
483 1284 519 1353 τὸ
551 1291 634 1377 ζῷον
661 1290 863 1375 αἱμορραγίη
891 1287 1003 1377 λάβρῳ
1027 1285 1208 1373 συσχεθέν,
1236 1284 1319 1355 ἀλλά
1342 1285 1487 1374 ἄμεινον

333 1393 469 1479 βρόχοις
497 1397 646 1480 ἰσχυροῖς
673 1393 876 1479 διαλαβόντα
904 1393 1067 1481 πρότερον
1102 1399 1139 1460 ἕν
1170 1420 1204 1460 τε
1232 1408 1302 1473 τοῖς
1328 1391 1399 1461 ἀνω
1427 1393 1485 1460 καὶ

295 1525 320 1560 10
333 1498 421 1567 κάτω
444 1499 557 1586 μέρεσι
580 1503 641 1566 τοῦ
663 1499 830 1587 τραχήλου
852 1499 889 1568 τό
913 1500 1017 1588 με’σον
1039 1504 1107 1567 τῶν
1129 1500 1263 1588 βρόχων
1282 1501 1486 1588 διατέμνεικ,

334 1604 379 1685 ὦς
405 1610 571 1693 μηδεμίαν
604 1609 827 1694 αίμορραγίαν
859 1604 1103 1695 ἀκολουθῆσαί
1136 1605 1176 1674 τά
1208 1610 1312 1694 νεῦρα
1349 1606 1384 1674 δὲ
1418 1617 1485 1674 εἴτε

333 1717 424 1780 θλᾶν
443 1723 506 1781 alre
527 1712 767 1799 διαλαμβάνειν
786 1713 916 1792 ἐθέλοις
938 1709 958 1801 ἢ
977 1713 1113 1800 βρόχοις
1130 1715 1219 1781 τισίν
1237 1710 1257 1800 ή
1281 1729 1351 1793 τοῖς
1376 1711 1486 1781 αὑτοῦ

268 1837 324 1894 264
334 1819 510 1898 δακτύλοις
537 1829 600 1887 εἴτε
627 1818 776 1906 τέμνειν,
800 1818 852 1906 ἐφ’
880 1819 884 1907 l
909 1818 1011 1888 ἅπασι
1038 1821 1169 1900 τούτοις
1191 1836 1260 1900 τοῖς
1283 1819 1485 1908 παθήμασιν

335 1927 372 1992 ’ἐν
395 1927 449 1993 καὶ
467 1924 591 1993 ταύτὸν
609 1923 834 2013 ἀκολουθήσει
854 1925 1037 2015 σύμπτωμα
1059 1931 1104 2017 τῷ
1125 1927 1207 2018 ζῴῳ·
1231 1924 1372 2013 ἄφωνον
1391 1933 1485 1994 ἔσται

295 2055 319 2094 15
332 2037 548 2120 παραχρῆμα,
580 2037 647 2103 τῶν
679 2031 715 2099 δὲ
744 2031 856 2100 ἀλλων
889 2034 1065 2120 ἐνεργειῶν
1098 2031 1238 2121 οὐδεμία
1267 2032 1343 2101 οὔτε
1371 2035 1408 2101 ἐν
1435 2039 1484 2125 τῷ

333 2145 518 2225 παραυτίκα
536 2139 746 2226 βεβλαμμένη
770 2138 845 2207 οὔτε
870 2141 902 2221 ἐξ
925 2137 1067 2228 ὑστέρου
1090 2155 1253 2227 φανεῖται.
1293 2144 1361 2208 τῶν
1385 2138 1486 2228 ἀρτη-

371 2360 436 2416 ldl
457 2379 511 2416 om.
530 2362 612 2416 L.
634 2357 748 2430 36noip
750 2383 793 2432 ει
811 2380 865 2417 om
884 2362 915 2417 L.
937 2393 968 2403 -
988 2363 1184 2418 noraoth—
1152 2363 1329 2430 -5νεῦρα
1347 2383 1404 2432 ην
1422 2364 1483 2417 LlA

333 2430 562 2502 τιμδνΒΟλιν.
583 2432 614 2488 de
635 2435 748 2488 LK-
750 2384 1011 2517 ῑὸλάβρωςλιμ-
981 2433 1362 2518 —9uppirovMABChK
1380 2430 1484 2520 πρότε-

334 2522 383 2570 ρον
377 2454 486 2558 μ-λιι
508 2512 540 2559 10
559 2505 597 2558 τιό
616 2524 666 2558 τον
669 2500 862 2632 ΟβροχονΙι
840 2525 871 2558 το
862 2501 973 2574 μέσον
991 2527 1046 2560 των
1061 2501 1170 2576 βροχων
1185 2506 1305 2560 MA
1326 2511 1359 2559 1a
1379 2498 1396 2588 ή
1416 2501 1483 2576 βρό-

332 2568 476 2642 χοιςΙι
459 2593 476 2641 η
502 2591 555 2631 om.
574 2575 661 2629 MAB
691 2575 739 2630 hl(
825 2571 914 2630 αῦτοῦ
934 2577 1048 2630 LMAB
1071 2577 1191 2631 σεαυτοῦ
1211 2577 1283 2631 ChK
1306 2571 1396 2630 αὑτοῦ
1420 2594 1483 2631 nos.

333 2675 366 2684 -
395 2651 428 2699 14
455 2639 486 2699 ἕν
509 2647 601 2699 ταντά
630 2645 693 2700 L'
681 2667 713 2700 εν
741 2647 790 2700 καί
817 2642 924 2701 ταύτόν
947 2647 1066 2702 ΜΑ.-
1095 2644 1127 2702 τό
1157 2648 1228 2713 ζωον
1250 2643 1419 2716 ἀφωνονΙι.
1448 2679 1482 2686 -

334 2723 366 2768 15
395 2711 484 2785 οῦδεμ
485 2719 532 2769 ίαν
561 2718 582 2770 L
612 2712 699 2772 ου’δὲυ
728 2719 783 2772 τῶν
811 2721 972 2786 παραυτίκα
996 2719 1018 2772 L
1042 2713 1105 2773 οὔτ’
1137 2714 1168 2774 ἐν
1195 2719 1233 2772 τῦ
1262 2738 1327 2788 παρ.
1354 2719 1420 2773 MA.
1449 2751 1482 2759 -

335 2787 686 2858 Πλβεβλαμμένηνλι.-
706 2791 748 2844 εἶτ
752 2785 861 2856 ’.ίξΙι
881 2821 914 2829 -

332 2996 383 3059 vel
421 2996 537 3081 laqueo
573 2997 757 3061 interclusis
795 2997 1102 3083 animadvertemus,
1140 2999 1195 3083 qui
1232 2998 1366 3063 animali
1404 2998 1482 3063 inde

333 3102 428 3166 effect
414 3107 466 3166 tus
491 3103 647 3188 accidant.
685 3101 867 3168 Ooneett
793 3107 867 3167 ttun
886 3107 942 3168 aut
944 3126 994 3168 em
1014 3106 1145 3171 cerebro
1165 3127 1221 3170 cor
1243 3106 1308 3170 tria
1326 3128 1481 3170 vasorum

332 3229 464 3291 genera,
497 3231 578 3292 quae
611 3209 806 3292 quidemto
788 3210 835 3273 oti
867 3211 996 3294 corpori
1028 3213 1213 3277 communis
1245 3215 1332 3295 sunt,
1369 3234 1483 3295 venae,

333 3315 485 3398 arteriae,
513 3315 617 3379 nervi:
650 3338 764 3399 venae,
794 3339 875 3400 quae
902 3317 1066 3401 iugulares
1091 3319 1309 3404 appellantur,
1340 3319 1481 3382 arteriae

332 3421 505 3505 eurotides,
535 3422 627 3486 nervi
661 3422 713 3486 his
747 3425 873 3486 arteriis
903 3425 1026 3489 adnexi.
1078 3425 1184 3490 Huius
1212 3430 1324 3489 tamen
1350 3425 1480 3510 generis

332 3551 431 3592 venae
462 3529 513 3594 vel
549 3530 688 3593 arteriae
719 3552 786 3593 non
820 3535 895 3593 sunt
927 3530 1083 3616 simplici,
1115 3555 1179 3616 qua
1217 3533 1322 3617 nervi,
1352 3533 1481 3597 ratione

331 3635 581 3718 praesecandae3
603 3636 725 3718 peribit
743 3636 828 3699 enim
849 3637 961 3701 statim
976 3638 1097 3703 animal
1115 3637 1291 3704 immodica
1310 3640 1482 3724 sanguinis

330 3741 519 3824 profusione
535 3745 692 3825 enectum,
713 3742 767 3806 sed
781 3742 898 3806 melius
918 3747 968 3807 est
985 3745 1076 3828 prius
1094 3745 1219 3830 laqueis
1241 3746 1343 3809 firmis
1358 3746 1482 3810 collum

332 3846 482 3911 animalis
497 3851 565 3911 tum
581 3849 616 3913 in
630 3849 805 3933 superiore,
826 3853 896 3914 tum
915 3851 949 3913 in
963 3851 1116 3914 inferiore
1135 3855 1228 3936 parte
1248 3851 1481 3936 constringere,

331 3951 444 4017 deinde
467 3959 594 4037 partem
618 3957 703 4020 inter
729 3956 863 4041 laqueos
887 3957 1027 4021 mediam
1057 3958 1254 4042 praecidere,
1281 3980 1322 4022 ne
1350 3959 1481 4044 sangui-

329 4061 380 4124 nis
399 4061 594 4145 profluvium
615 4067 775 4147 sequatur.
810 4061 938 4127 Nervus
962 4065 1030 4127 sive
1049 4065 1183 4128 collidas
1203 4065 1271 4128 sive
1289 4065 1479 4150 intercipias

331 4167 381 4230 vel
404 4168 530 4251 laqueis
554 4169 604 4232 vel
623 4168 736 4253 digitis
761 4170 828 4234 sive
853 4191 951 4252 seces,
975 4193 1012 4233 ex
1032 4171 1182 4235 omnibus
1206 4171 1258 4235 his
1277 4172 1478 4237 laesionibus

330 4295 411 4337 unus
446 4273 594 4358 idemque
632 4297 725 4339 casus
764 4276 899 4340 animali
937 4277 1073 4342 accidet:
1111 4282 1236 4343 mutum
1270 4279 1382 4342 statim
1415 4279 1479 4341 erit

330 4379 513 4464 nulliusque
538 4382 620 4444 alius
640 4381 816 4446 functionis
838 4405 941 4466 neque
964 4383 1055 4448 illico
1074 4405 1177 4468 neque
1191 4388 1308 4467 postea
1321 4384 1476 4450 damnum
