3228 5148
588 409 833 473 -113-

128 559 176 648 δή
200 568 310 629 autern
334 588 373 630 ex
394 565 623 652 dittographio
644 571 759 632 netum
788 589 858 632 esse
885 567 957 651 quis
986 572 1037 632 est
1059 569 1138 652 quin
1161 569 1285 634 intelle·

127 670 214 756 got?
236 694 267 756 p.
283 671 346 736 799
370 695 400 756 p.
424 673 505 738 med.
527 695 593 740 non
616 667 662 749 ὅς
684 672 765 738 ποτέ
783 677 850 739 τοί
869 696 900 737 τι
924 668 982 756 ἅν,
1006 675 1062 740 sed
1085 670 1130 752 ὥς
1152 674 1233 740 ποτέ
1253 699 1284 740 τι

128 778 335 862 scripsimus.

223 883 335 950 Tertio
358 886 481 970 species
505 887 749 973 dittograpbise
772 891 836 971 est,
864 910 938 952 cum
965 888 1160 954 vocobulum
1185 911 1285 954 unum

130 990 185 1055 vel
209 993 304 1076 pluro
325 997 402 1077 post
427 993 636 1058 intervallum
662 993 822 1079 quoddam
851 999 1049 1078 repetuntur.
1095 995 1130 1059 P.
1153 995 1218 1060 447
1242 997 1285 1060 in.

129 1102 166 1161 et
189 1098 225 1163 in
247 1097 282 1164 M
305 1103 339 1163 et
361 1098 444 1164 inL
471 1100 594 1186 legitur
615 1093 694 1164 καθ’
721 1093 739 1165 ὃ
768 1095 814 1185 δή
841 1099 896 1165 καὶ
923 1096 1065 1184 μάλιστα
1093 1097 1214 1186 μόριον
1238 1099 1284 1186 δὴ

128 1203 191 1286 τῆς
214 1206 335 1290 ψυχῆς,
359 1207 498 1271 alierum
522 1201 564 1289 δή
583 1207 614 1270 Α
637 1206 877 1292 exterminavit3
901 1207 935 1272 in
958 1207 1029 1273 MA
1053 1231 1083 1292 p.
1098 1209 1161 1274 651
1187 1232 1218 1294 p.
1241 1210 1284 1275 in.

130 1315 181 1386 εἰς
202 1333 237 1376 τε
260 1308 339 1389 τοὺς
361 1308 559 1397 ρητορικούς
585 1311 701 1378 τεκαὶ
724 1309 803 1390 τοὺς
826 1310 1056 1398 σοφιστικούς,
1084 1315 1223 1382 alterum
1250 1339 1285 1382 τε

130 1416 164 1480 Κ
193 1419 340 1485 removit.
386 1418 448 1484 Sed
480 1441 546 1484 non
573 1420 723 1485 omnibus
750 1421 831 1486 locis
865 1421 1005 1486 editores
1037 1421 1098 1487 hoc
1131 1423 1284 1490 vitiorum

129 1545 237 1608 genus
261 1530 470 1612 ognovenmt.
514 1527 548 1592 Ρ.
567 1526 632 1592 286
651 1549 682 1610 p.
701 1528 796 1610 med,
819 1532 856 1591 ut
879 1551 978 1592 unum
1002 1530 1185 1614 exemplum
1210 1533 1285 1596 offe-

130 1653 219 1715 ram,
249 1654 310 1698 nos
337 1655 416 1718 non,
448 1632 718 1718 quemadmodum
745 1631 941 1698 MABOhK
973 1629 1057 1718 πρὸς
1088 1631 1221 1714 τούτοις
1247 1635 1285 1702 di

129 1733 188 1801 xri
212 1733 250 1804 τὸ
272 1737 430 1826 τέταρτον
453 1733 525 1805 ἀπὸ
553 1740 621 1804 τῶν
645 1741 849 1824 σοφιστικῶν
876 1738 1056 1826 λημμάτων
1085 1743 1285 1828 scripsimus,

130 1843 190 1908 sed
214 1837 279 1910 ἀπό
303 1847 456 1911 eiecimus
479 1845 566 1910 haud
589 1846 743 1911 ἀποίσει
762 1847 1025 1914 antecedentibus
1046 1847 1141 1934 ἕτερα
1159 1847 1196 1914 di
1211 1844 1283 1916 ἀπὸ

129 1949 203 2014 τῶν
225 1950 352 2030 ἔξωθεν
373 1949 569 2040 μαρτύρων,
593 1954 666 2017 ἔνια
685 1949 722 2017 δέ
741 1946 813 2018 ἀπὸ
833 1953 901 2019 τῶν
919 1948 1139 2040 ὑπαρχόντων
1160 1960 1284 2022 natum.

130 2055 168 2120 P.
182 2057 250 2121 410
272 2081 303 2142 p.
322 2060 403 2125 med.
428 2059 633 2125 scribendum
656 2081 726 2124 esse
750 2060 933 2125 censuimus
957 2054 1081 2145 ὁμοίως
1103 2060 1157 2149 (cf.
1184 2085 1283 2148 supro

130 2185 164 2246 p.
192 2163 251 2250 98)
278 2161 315 2228 di
342 2177 413 2242 τοῖς
438 2161 746 2251 προγεγραμμένοις
773 2169 839 2251 ἔχει
865 2165 920 2232 καὶ
946 2166 1026 2232 τάδε
1049 2169 1174 2254 eiectis,
1201 2193 1284 2254 quae

130 2270 220 2334 inter
241 2271 549 2358 προγεγραμμένοις
571 2276 604 2336 et
627 2274 692 2356 ἔχει
714 2273 887 2338 interiecta
905 2275 1034 2339 suntin
1052 2275 1141 2339 codd.
1162 2279 1195 2340 et
1215 2277 1283 2342 edd.

130 2373 188 2440 καὶ
213 2372 252 2441 τὰ
276 2371 382 2454 οὕτως
403 2371 469 2443 ὑπὸ
492 2378 555 2444 τοῦ
577 2381 776 2463 Χρυσίππου
799 2376 977 2464 λεγόμενα,
1004 2376 1172 2468 καθάπερ,
1200 2405 1283 2467 quac

130 2483 264 2566 quidem
293 2505 331 2548 ex
358 2485 558 2570 praegressis
585 2484 640 2551 καὶ
667 2481 708 2550 τὰ
741 2481 848 2564 οὕτως
874 2523 915 2533 -—
949 2483 1112 2570 λεγόμενα
1144 2489 1284 2571 repetito

131 2589 245 2654 addito
277 2585 429 2675 καθάπερ
463 2593 635 2656 verborum
667 2615 740 2657 cum
773 2594 981 2678 sequentibus
1014 2594 1283 2660 conectendorum

131 2719 234 2761 causa
256 2697 413 2762 videntur.
458 2697 493 2762 P.
515 2698 582 2764 425
604 2700 686 2764 med.
711 2699 899 2783 scripsimus
923 2694 1010 2764 οὕτω
1034 2697 1099 2784 γὰρ
1122 2695 1143 2784 ή
1165 2723 1200 2765 τε
1222 2701 1284 2766 τοῦ

130 2798 238 2886 λόγον
264 2799 351 2888 μάχη
379 2801 435 2868 καὶ
463 2798 610 2889 διαφορὰ
636 2799 720 2892 πρὸς
746 2800 786 2869 τὰ
814 2801 907 2890 πάθη
936 2800 1152 2891 εὑρεθήσεται
1180 2807 1283 2873 eiecto

132 2909 238 2974 altero
261 2932 296 2974 τε
318 2915 394 2994 post
417 2906 503 2995 μα’χη
527 2911 562 2975 in
585 2911 674 2976 codd.
696 2912 855 2996 praebito.
890 2912 980 2978 idem
1003 2913 1139 2978 fecimus
1163 2937 1193 2998 p.
1217 2915 1282 2980 348

132 3019 210 3082 ente
238 3017 304 3099 fin,
336 3018 393 3082 ubi
415 3040 450 3082 τε
477 3021 554 3102 post
581 3014 654 3101 ἑξῆς
680 3018 866 3083 delevimus.
912 3018 948 3083 P.
970 3020 1035 3084 446
1059 3024 1138 3085 extr.
1166 3020 1282 3085 LMA:

132 3122 172 3186 αἱ
195 3117 258 3206 μὶν
284 3118 349 3207 γὰρ
376 3125 504 3188 ἔννοιαι
532 3121 587 3188 καὶ
615 3125 657 3188 αἱ
680 3121 863 3208 προλήψεις
889 3123 1051 3210 ἐνέργειαι
1077 3126 1136 3210 τῆς
1163 3126 1282 3212 ψυχήςς

131 3229 282 3314 equidem
305 3229 443 3294 alterum
466 3231 504 3293 αἱ
524 3230 628 3295 delevi
647 3231 720 3296 coll.
738 3255 768 3315 p.
782 3231 848 3296 445
872 3235 936 3296 snt.
955 3232 1036 3297 med.
1056 3227 1283 3316 ἑκάστηντῶν

132 3333 277 3400 έννοιῶν
299 3333 354 3400 καὶ
375 3333 588 3423 προλήψεωνς
616 3337 692 3402 ibid.
716 3343 795 3403 extr.
823 3332 907 3402 ἄλλα
932 3361 984 3402 τοι
1006 3333 1065 3414 τάς
1089 3361 1127 3421 γε
1149 3337 1284 3415 έννοίας

132 3439 189 3506 καὶ
212 3438 401 3526 προλήψεις.
432 3443 468 3508 Ρ.
487 3443 552 3508 568
573 3447 652 3508 extr.
675 3441 884 3510 MABth:
906 3439 944 3508 τὸ
963 3445 1048 3527 γοῦν
1066 3445 1124 3528 τής
1141 3439 1283 3529 γαστρὸς

132 3549 229 3632 σῶμα
256 3543 299 3614 τὸ
330 3550 420 3614 ἴδιον
448 3540 523 3615 οἷον
545 3543 607 3614 οὐκ
635 3544 716 3615 ἄλλο
744 3550 812 3615 τῶν
838 3547 974 3615 πάντων
1002 3547 1104 3637 ἐστίν;
1137 3547 1175 3616 τό
1206 3557 1282 3616 ente

133 3656 225 3720 ι’διον
248 3657 400 3740 expunxi,
423 3679 496 3722 oum
521 3657 682 3722 sententio
701 3657 782 3722 hace
801 3658 858 3722 sit:
881 3656 1025 3723 ‘Ventris
1045 3679 1160 3741 corpus
1182 3657 1283 3723 hebet

133 3761 304 3845 proprium
326 3762 493 3847 quiddam,
516 3763 601 3848 quod
624 3764 787 3829 diversum
810 3765 852 3828 ab
876 3763 1025 3828 omnibus
1046 3763 1119 3828 ediis
1139 3762 1217 3850 est’3
1242 3765 1281 3830 cf.

133 3889 185 3950 es,
214 3891 296 3952 quoe
320 3869 527 3934 antecedunt:
554 3867 695 3935 ἕκαστον
717 3869 786 3934 τῶν
807 3862 996 3955 ὀργανικῶν
1023 3870 1085 3936 τοῦ
1112 3866 1198 3959 ζῴον
1224 3895 1281 3955 μο-

133 3977 220 4058 ρίων
240 4011 285 4022 --
307 3971 438 4052 πάντως
466 3971 574 4041 ἴδιόν
598 4000 635 4040 τι
658 3976 843 4041 τοιοῦτον
870 3970 1010 4061 ὑπάρχει
1034 3972 1117 4042 κατὰ
1139 3973 1202 4061 τήν
1226 3972 1281 4041 οὐ·

133 4085 224 4163 σιάν,
243 4073 318 4148 οἷον
333 4075 394 4148 οὐκ
408 4077 490 4148 ἄλλο
508 4077 587 4147 καθ’
605 4077 687 4148 ὅλον
700 4082 761 4147 τοῦ
776 4078 862 4171 ζῴον
879 4079 917 4148 τὸ
937 4083 1040 4168 σῶμα.
1067 4083 1102 4150 Ρ.
1117 4084 1182 4149 589
1199 4084 1281 4147 med.

133 4183 243 4272 ὥσπερ
266 4183 331 4272 γὰρ
358 4183 541 4273 ἀναιρεῖται
567 4184 609 4254 τὰ
637 4185 730 4272 πάθη
753 4189 811 4273 τῆς
834 4189 955 4274 ψυχῆς,
982 4191 1013 4254 εἰ
1038 4185 1147 4274 μόνον
1169 4194 1220 4272 εἴη
1242 4184 1280 4254 τὸ

133 4289 325 4378 λογιστικὸν
345 4295 412 4379 τῆς
434 4296 557 4380 ψυχῆς
583 4291 686 4381 αὐτῆς
709 4296 747 4366 in
769 4297 859 4362 codd.
883 4301 917 4362 et
939 4297 1007 4360 edd.
1031 4296 1189 4380 scriptum
1217 4300 1281 4381 est;

135 4406 168 4466 ot
194 4401 254 4486 τῆς
281 4403 389 4486 ψυχῆς
417 4425 455 4467 ex
489 4403 697 4468 antecedente
729 4403 904 4487 repetitum
931 4406 964 4467 et
991 4395 1093 4487 αὐτῆς
1110 4399 1280 4480 ¹Genetivo

187 4525 270 4566 ouen
283 4525 310 4565 ιιι
324 4525 384 4566 rus.
399 4525 456 4566 νιιι.
470 4529 492 4567 α
506 4527 615 4575 Hippou.
629 4527 689 4568 non.
1049 4531 1065 4582 ς
