3212 5146
591 417 835 482 —655-

137 572 200 641 τὸν
225 573 411 660 ἐγκέφαλον
439 571 525 640 εἶναι
552 576 620 640 τῶν
647 573 779 660 νεύρων
802 571 924 662 ἀρχήν,
951 571 973 661 ἡ
1001 575 1127 662 ψευδὴς
1154 576 1191 643 δέ
1220 574 1283 664 τὴν

135 683 286 767 καρδίαν.
332 677 415 748 ὥστε
438 677 479 748 οὐ
506 678 615 766 μόνον
643 681 680 747 έν
707 679 804 748 πέντε
826 684 969 766 βιβλίοις
996 678 1058 748 οὐκ
1085 673 1128 768 ἦν
1155 679 1281 769 ἀνάγκη

135 789 306 873 γραφῆναι
328 783 389 852 τὸν
411 785 484 873 περὶ
509 790 616 872 ψυχῆς
638 784 841 873 ἡγεμονικοῦ
864 787 983 873 λόγον,
1011 783 1093 855 ἀλλὰ
1122 785 1202 856 οὐδὲ
1225 787 1282 856 διὰ

136 891 211 971 ἑνὸς
241 889 324 959 ὅλον
356 890 439 980 πρός
475 917 512 978 γε
544 892 623 970 τοὺς
654 891 903 980 μεμαθηκότας,
936 890 1056 962 ὁποῖόν
1087 921 1118 961 τι
1146 893 1281 982 πρᾶγμα

134 999 225 1064 ἐστιν
245 994 412 1079 ἀπόδειξις
431 998 678 1086 έπιστημονική,
701 999 916 1088 προσήκουσα
939 999 1011 1087 μέν,
1034 998 1080 1080 ὦς
1099 1001 1161 1088 ἐγώ
1185 1023 1308 1088 φημι,ο

134 1102 335 1190 φιλοσόφοις
362 1109 490 1192 μᾶλλον
516 1101 536 1192 ἢ
565 1102 1024 1196 γεωμέτραιςίριθμητικοίς
1051 1133 1087 1174 τε
1114 1107 1169 1174 καὶ
1192 1115 1281 1194 λογι-

133 1224 269 1296 στικοῖς,
292 1207 513 1299 ἀστρονόμοις
535 1237 569 1278 τε
592 1213 646 1280 καί
670 1209 907 1300 ἀρχιτέκτοσιν,
931 1210 973 1282 οὐ
994 1213 1063 1300 μὴν
1084 1209 1283 1302 ἠσκημένοις

134 1343 170 1404 γε
195 1314 310 1398 αὐτοῖς
333 1315 442 1402 ὥσπερ
466 1319 615 1396 ἐκείνοις.
652 1317 707 1386 διὰ
731 1322 829 1388 τοῦτο
854 1312 917 1388 οὖν
940 1315 1124 1407 Εὐκλείδης
1146 1319 1208 1407 μέν
1231 1321 1280 1388 ένλ

132 1423 327 1512 θεωρήματι
350 1427 394 1515 τῷ
419 1423 537 1515 πριότφ
560 1423 642 1492 κατὰ
664 1423 701 1491 τὸ
725 1428 794 1492 τῶν
817 1427 1033 1513 φαινομένων
1055 1431 1188 1512 βιβλίον
1211 1427 1281 1495 έπέ-

133 1532 219 1612 δειξε
244 1529 300 1598 διὰ
329 1528 506 1617 ὀλιγίστων
533 1532 623 1600 ἐπῶν
650 1529 712 1617 τὴν
740 1536 804 1619 γῆν
826 1531 931 1620 μέσην
958 1530 1045 1600 εἶναι
1068 1537 1130 1602 τοῦ
1152 1534 1282 1621 κόσμον
1297 1557 1322 1596 ιο

132 1639 187 1705 καὶ
213 1643 352 1724 σημείου
375 1638 429 1705 καὶ
458 1637 600 1726 κέντρου
622 1637 726 1724 λόγον
753 1643 840 1727 ἔχειν
867 1638 950 1726 πρὸς
972 1636 1092 1725 αὐτόν,
1124 1636 1143 1708 ii
1167 1644 1203 1708 οἱ
1222 1668 1282 1729 μα-

132 1742 257 1821 θόντες
286 1740 373 1810 οὕτω
401 1743 594 1813 πιστεύουσι
624 1748 670 1835 τῷ
707 1745 956 1832 σομπερίσματι
984 1750 1042 1833 τῆς
1074 1745 1282 1832 ἀποδείξεως,

132 1847 178 1928 ὦς
206 1849 261 1917 καί
289 1853 334 1940 τῷ
363 1850 403 1918 τὰ
437 1851 489 1930 δὶς
522 1851 585 1918 δύο
616 1851 754 1940 τέτταρα
787 1849 888 1918 εἶναι·
920 1856 988 1920 τῶν
1020 1852 1219 1940 φιλοσόφων
1246 1851 1283 1920 dl

133 1960 219 2024 ἔνιοι
245 1959 382 2024 τοιαῦτα
404 1961 544 2045 ληροῦσι
567 1957 642 2044 περὶ
665 1957 832 2045 μεγέθους
853 1985 887 2026 τε
910 1959 965 2026 καί
988 1958 1115 2042 θέσεως
1137 1963 1211 2046 γῆς,
1239 1987 1284 2039 τις

131 2066 339 2149 αίβεσβῆναί
358 2090 434 2131 τινα
457 2065 616 2151 περὶτοῦ
642 2063 767 2143 παντὸς
793 2065 1059 2152 ἐπιτηδεύματος.
1105 2064 1192 2133 ὅπου
1218 2065 1282 2154 γὰρ
1298 2089 1323 2128 ιο

132 2173 168 2236 οἱ
188 2169 254 2256 μὲν
275 2167 326 2238 olel
350 2169 652 2258 παρακελευόμενοι
669 2171 775 2258 μηδὲν
797 2171 877 2258 μήτε
896 2171 1052 2258 πράττειν
1073 2171 1154 2258 μήτε
1173 2172 1283 2258 λέγειν

130 2279 304 2364 προπετῶς
327 2281 412 2368 έργφ
440 2283 618 2362 φαίνονται
642 2279 805 2360 τοιοῦτοι,
831 2281 899 2345 τῶν
927 2277 964 2344 dl
988 2278 1172 2364 εἰρημένων
1194 2277 1280 2346 ἄνω-

167 2463 184 2524 9
204 2449 279 2510 κατὰ
298 2455 355 2508 τῶν
369 2453 551 2524 φαινομένων
565 2455 602 2510 Μ.
616 2487 651 2496 —
673 2463 703 2510 11
719 2449 755 2524 ἣν
769 2453 799 2510 oi
814 2455 894 2510 codd.
909 2455 971 2511 cdd.
991 2449 1006 2508 ὃ
1022 2453 1052 2510 oi
1064 2471 1126 2522 n0s3
1146 2455 1180 2510 cf.
1195 2455 1280 2511 Proll.

129 2545 157 2597 p.
178 2533 223 2582 82.
244 2555 278 2568 -
299 2531 331 2580 1³
350 2520 389 2588 ὡς
407 2526 455 2580 καί
473 2521 505 2580 τὸ
524 2527 603 2581 codd.
623 2525 684 2580 edd.
704 2521 741 2588 ὡς
760 2526 864 2600 καὶτῷ
883 2543 940 2582 nos.
964 2559 991 2566 -
1016 2533 1096 2581 llas
1116 2543 1169 2581 om.
1190 2527 1226 2581 M.
1247 2557 1277 2566 -

131 2706 238 2773 animi
262 2705 446 2790 principatu
472 2707 640 2771 collectam
665 2729 749 2790 esse,
772 2707 807 2771 in
830 2729 893 2791 qua
917 2729 992 2771 vera
1015 2709 1173 2774 assumtio
1197 2729 1280 2772 cere-

132 2816 242 2896 brum,
264 2811 350 2876 salsa
373 2835 429 2877 cor
450 2833 622 2878 nervorum
647 2813 807 2897 originem
830 2817 963 2878 statuet.
1010 2814 1115 2890 Quare
1138 2813 1282 2898 disputa·

130 2922 260 2986 tionem
290 2919 328 2982 de
357 2919 458 2983 animi
485 2919 668 3004 principatu
696 2941 761 2984 non
788 2921 886 2985 modo
918 2942 983 2985 non
1011 2921 1151 3004 quinque
1179 2921 1282 3004 libris,

131 3027 189 3092 sed
220 3048 262 3090 ne
291 3048 355 3090 uno
383 3025 512 3110 quidem
541 3027 669 3110 integro
697 3025 924 3109 comprehendi
950 3047 1082 3091 necesse
1110 3027 1174 3090 fuit
1195 3027 1279 3110 apud

129 3157 199 3220 eos,
224 3133 281 3217 qui
304 3133 405 3217 probe
428 3137 598 3216 noverunt,
620 3132 725 3216 qualis
749 3153 799 3195 res
823 3136 868 3200 sit
885 3132 1120 3200 demonstratio
1140 3132 1281 3217 elegans,

128 3261 217 3326 quae
241 3260 315 3302 mea
337 3238 466 3322 quidem
491 3239 652 3304 sententia
673 3237 880 3324 philosophis
903 3238 1010 3324 magis
1033 3261 1130 3324 quam
1153 3260 1280 3324 geome-

128 3348 204 3430 tris,
230 3343 455 3430 arithmeticis,
478 3345 745 3429 calculatoribus,
768 3347 975 3428 astronomis,
998 3346 1185 3410 architectis
1208 3369 1282 3411 con·

129 3453 235 3535 venit,
258 3472 454 3536 quamquam
471 3451 661 3537 philosophi
683 3452 747 3536 ips'i
766 3451 872 3516 minus
896 3453 929 3516 in
953 3473 992 3516 ea
1015 3475 1112 3537 quam
1134 3453 1184 3517 illi
1208 3457 1283 3518 sunt

130 3557 316 3624 exercitati.
362 3555 434 3622 Hac
457 3558 495 3622 de
520 3581 618 3624 causa
639 3557 791 3622 Euclides
815 3558 849 3622 in
872 3581 936 3622 uno
959 3557 1174 3644 theoremate,
1197 3561 1282 3644 quod

127 3667 279 3752 primum
301 3665 336 3729 in
359 3663 444 3730 libro
467 3664 505 3729 de
533 3663 765 3749 phoenomenis
793 3665 916 3751 posuit,
943 3664 1148 3750 paucissimis
1177 3665 1282 3730 verbis

128 3771 374 3838 demonstravit
396 3774 517 3836 terram
544 3771 685 3836 mediam
709 3794 779 3836 esse
811 3771 921 3836 mrmdi
953 3775 1082 3856 partem
1110 3777 1143 3836 et
1169 3773 1283 3856 puncti

129 3877 302 3964 centrique
325 3879 430 3943 instar
453 3877 493 3942 ad
522 3899 595 3941 eum
623 3899 708 3962 esse,
736 3879 821 3962 quod
848 3879 905 3962 qui
928 3878 1124 3962 didicenmt,
1151 3879 1282 3944 demon·

127 3985 307 4052 strationis
327 3983 567 4050 conclusionem
589 3989 658 4048 tam
681 4007 741 4068 pro
761 3989 849 4050 certo
873 3984 997 4050 habent
1014 4007 1113 4069 quam
1137 3986 1187 4050 bis
1205 3986 1282 4052 bina

127 4095 291 4178 quattuor
318 4079 459 4176 efficer'c3
486 4089 757 4175 philosophorum
781 4095 896 4156 contra
918 4092 1066 4156 nonnulli
1094 4092 1133 4156 de
1158 4093 1281 4177 magni-

126 4199 248 4264 tudine
266 4201 300 4260 ct
317 4197 382 4260 situ
400 4199 505 4260 terrae
524 4197 606 4260 talia
624 4197 784 4280 effutiunt,
807 4201 844 4261 ut
862 4197 937 4281 sint,
959 4220 1040 4284 quos
1064 4198 1165 4263 totius
1185 4197 1281 4264 huius

127 4303 236 4372 studii
258 4302 388 4386 pudeat.
432 4301 515 4368 Cum
538 4305 624 4368 enim
647 4304 685 4387 ii,
708 4303 763 4388 qui
787 4325 915 4388 semper
936 4302 1119 4388 hortantur,
1140 4327 1181 4368 ne
1204 4305 1280 4390 quid

126 4417 258 4477 temere
282 4415 339 4474 aut
362 4429 441 4494 agos
465 4412 523 4474 aut
543 4409 648 4493 dicas,
671 4431 704 4473 re
727 4431 805 4473 vera
828 4410 892 4493 ipsi
916 4413 1108 4476 temerarios
1131 4433 1166 4474 se
1189 4433 1280 4496 prae·
