3376 5144
641 367 681 376 --
729 330 794 394 807
844 367 887 376 —

167 486 222 554 τὰ
260 489 365 574 νεῦρα
399 492 553 573 φαίνεται
586 484 828 573 φυλαττόμενα.
883 485 938 553 καὶ
970 485 1045 574 γάρ,
1079 483 1200 556 ὁποῖον
1232 485 1346 558 αὐτῶν

171 595 329 662 ἕκαστον
357 591 442 662 εἶναι
471 592 629 679 προσήκει
659 594 714 661 καὶ
745 590 908 680 ὁπηλίκον
936 590 999 682 ὅπη
1028 619 1062 660 τε
1091 595 1191 680 με’ρος
1218 595 1345 680 ἐμφυό-

171 727 292 788 μενον
314 704 376 768 τοῦ
404 699 488 786 μυὸς
511 698 601 778 ὅπως
628 726 662 768 τε
685 701 981 787 κατασχιζόμενον,
1011 697 1156 787 ἀκριβῶς
1183 701 1342 788 φυλάττε-

173 837 241 876 ται
264 805 344 875 καθ’
371 809 510 875 ἕκαστον
533 804 645 874 αὐτῶν
668 813 715 874 ἔτι
743 833 777 874 τε
806 805 889 892 πρὸς
911 806 1044 887 τούτοις
1067 805 1087 894 ἡ
1110 807 1246 875 πάντων
1274 809 1341 878 ἰσό-

174 943 247 1002 της
277 919 346 982 τῶν
377 911 561 1002 ἀριστερῶν
596 922 680 1000 πρὸς
710 915 752 980 τὰ
789 913 879 993 δεξιὰ
912 914 1095 993 τοσούτους
1132 921 1254 1000 ἔχουσα
1286 917 1369 984 καὶὸ

176 1019 272 1108 αὐτη
300 1019 380 1100 τοὺς
405 1025 487 1087 κατὰ
520 1021 620 1107 μέρος
652 1017 813 1102 σκοπούς,
843 1017 945 1100 ὅσους
976 1022 1031 1088 καὶ
1059 1019 1099 1088 τὰ
1126 1023 1238 1108 μόρια.
1286 1023 1341 1090 καὶ

140 1121 145 1128 ’
177 1126 292 1196 ταῦτά
315 1147 369 1194 σοι
389 1128 473 1213 λέγω
492 1127 625 1213 μηδέπω
644 1125 868 1213 μνημονεύων
887 1126 1028 1195 ἑκάστου
1050 1131 1118 1194 τῶν
1142 1128 1342 1214 σπλάγχνων

182 1230 207 1322 ἦ
233 1237 302 1302 τῶν
324 1231 435 1301 ἄλλων
458 1240 602 1321 μορίων,
626 1231 689 1302 ὅσα
711 1234 794 1300 κατὰ
821 1235 825 1319 Ι
850 1234 1062 1320 περιγραφὴν
1090 1237 1182 1303 ίὸιάν
1210 1232 1409 1323 ὁρᾶται·788

183 1350 343 1428 φαίνεται
372 1339 436 1428 γὰρ
470 1337 533 1408 κόν
560 1339 691 1419 τούτοις
719 1336 781 1407 ούιι
819 1335 932 1426 ὀλίγος
959 1337 1104 1426 ἀριθμὸς
1137 1347 1272 1411 σκοπῶν
1305 1346 1342 1411 ἐν

187 1447 325 1538 ἑκάστῳ.
371 1453 470 1515 δυοῖν
493 1451 578 1533 γοῦν
601 1444 790 1533 ὀφθαλμῶν
818 1444 1038 1533 ὑπαρχόντων
1066 1445 1147 1535 ἡμῖν
1171 1460 1247 1517 ι’σον
1270 1451 1341 1517 ἑκα-
1358 1475 1383 1513 ιο

185 1555 272 1644 τέρῳ
295 1553 332 1621 τὸ
356 1558 486 1640 πλῆθος
512 1557 581 1620 τῶν
608 1560 737 1640 μορίων
762 1554 851 1620 ἐστίν
875 1551 951 1621 ούτε
974 1558 1058 1620 κατὰ
1081 1559 1190 1642 σχῆμα
1218 1565 1341 1642 παραλ-

187 1660 379 1728 λαττόντων
403 1658 479 1728 οὔτε
501 1659 640 1728 κατὰτὸ
660 1661 803 1746 μέγεθος
825 1655 926 1746 ἢτην
950 1661 1050 1727 θέσιν
1073 1656 1093 1746 ἢ
1117 1661 1181 1747 τὴν
1204 1663 1342 1730 ὁιάπλα-

188 1787 246 1835 σιν
277 1761 298 1853 ἢ
330 1767 393 1853 τὴν
425 1765 508 1853 πρὸς
536 1765 576 1834 τὰ
613 1765 836 1852 πλησιάζοντα
870 1765 1036 1834 σύνθεσιν
1068 1759 1131 1836 καί
1157 1769 1342 1856 σύμφυσιν,

190 1871 274 1942 ἀλλὰ
299 1873 354 1940 καί
378 1873 415 1942 τὸ
440 1873 711 1959 κρυσταλλοειὸὲς
735 1871 843 1960 ὑγρὸν
867 1883 943 1940 ίσον
967 1872 1112 1961 όκριβῶς
1135 1877 1172 1944 ἐν
1202 1879 1343 1968 ἑκατέρῳ

189 1981 305 2049 καὶτὸ
334 1978 506 2059 canocicis
533 1978 732 2067 ὁμοιότατον
758 1978 841 2047 κατό
870 2006 902 2046 τε
932 1981 1038 2066 χρόαν
1066 1983 1120 2048 καὶ
1151 1987 1258 2068 σχῆμα
1287 1985 1342 2051 καὶ
1359 2005 1383 2044 1⁵

193 2088 366 2156 σύστασιν·
400 2084 551 2174 ὀνομάζω
585 2087 621 2154 δὲ
657 2086 820 2154 σύστασιν
847 2084 909 2171 τὴν
937 2085 1020 2153 κατὰ
1048 2088 1259 2174 μαλακότητα
1287 2094 1343 2158 καὶ

193 2249 404 2260 ...ι--ι-ι

230 2365 242 2409 1
264 2349 366 2410 ὁποίου
384 2353 433 2408 καλ
453 2347 587 2419 ὁπηλίκον
607 2348 681 2406 εἶναι
699 2347 836 2420 προσήκει
855 2369 882 2420 p.
902 2381 934 2390 —
960 2351 1044 2404 3τοῦ
1069 2347 1140 2420 μυός
1158 2347 1342 2423 ἐμφυόμενον

193 2445 220 2496 p.
241 2456 272 2465 -=
293 2432 308 2480 9
329 2427 465 2492 φαίνηται
484 2424 520 2477 Μ.
541 2453 573 2462 -
594 2418 699 2492 ὀλίγοις
718 2423 797 2476 codd.
816 2423 878 2475 edd.
899 2417 990 2489 ὀλίγος
1008 2439 1072 2487 nos;
1092 2421 1121 2477 cf
1145 2421 1230 2478 Proll.
1250 2443 1276 2494 p.
1298 2432 1340 2481 98.

193 2530 226 2537 -
259 2505 289 2551 11
315 2491 493 2562 παραλοῖττον
517 2493 606 2547 MAB
630 2489 824 2558 παραλλάττον
849 2491 920 2546 ΟλιΚ
946 2490 1196 2556 παραλλαττόντων
1222 2512 1280 2550 nos.
1309 2527 1340 2536 -

194 2577 226 2624 15
246 2563 388 2638 ὁμοότητα
403 2566 431 2620 Μ
451 2561 602 2634 ὁμοιότητα
619 2564 717 2619 ABCh
732 2559 884 2634 ὁμοιότητα
900 2563 958 2632 ἔχει
973 2561 1055 2620 Corn.
1075 2560 1243 2634 ὁμοιότατον
1258 2567 1291 2622 Κ.
1306 2598 1342 2609 -

192 2838 284 2904 venis
317 2841 350 2902 et
375 2837 484 2903 nervis
514 2836 636 2900 servari
668 2837 805 2902 constal
860 2833 992 2899 Etenim
1026 2836 1122 2919 quale
1152 2839 1344 2922 unumquid-

193 2967 255 3030 que
278 2945 394 3010 horum
419 2946 452 3009 et
472 2947 637 3027 qnantum,
660 2943 739 3008 ilem
759 2963 856 3027 quam
871 2941 905 3007 in
928 2945 1055 3025 partem
1079 2942 1216 3006 musculi
1240 2943 1341 3008 inseri

194 3056 227 3117 ct
256 3074 318 3136 quc
350 3051 446 3115 modo
475 3048 611 3115 discindi
644 3049 773 3130 debent,
805 3048 1050 3133 religiosissime
1082 3047 1276 3113 observatur
1307 3050 1342 3116 in

195 3178 387 3244 unoquoque
410 3179 535 3240 eorum,
562 3161 730 3242 practerea
758 3157 965 3222 sinistrorum
992 3157 1137 3222 omnium
1166 3178 1240 3220 cnm
1267 3157 1340 3222 dex·

198 3269 258 3360 iris
287 3264 524 3348 convenientia,
552 3287 632 3349 quae
661 3265 789 3349 etipsa
816 3266 953 3332 tolidem
982 3264 1161 3350 singularia
1188 3265 1342 3350 seqnitur,

197 3377 276 3460 quoi
299 3376 409 3457 perles
432 3371 532 3454 ipsae.
577 3373 684 3456 Atque
710 3355 792 3438 liaeo
819 3373 881 3437 libi
909 3373 981 3437 dico
1008 3372 1150 3437 nondum
1177 3374 1341 3438 mentione

196 3480 284 3546 facta
307 3479 510 3564 singulorum
534 3479 694 3544 viseerum
723 3480 773 3544 vel
797 3479 995 3563 reliquarum
1018 3477 1175 3562 partium,
1203 3500 1340 3563 quarum

197 3585 371 3671 singularis
395 3584 571 3669 descriptio
601 3586 757 3671 cernitnr;
783 3607 860 3650 nam
888 3585 922 3648 in
949 3584 1001 3649 his
1029 3605 1155 3668 quoque
1182 3606 1248 3650 non
1276 3585 1340 3650 exi·

198 3715 262 3780 gua
284 3692 459 3758 multitudo
489 3713 613 3775 eorum,
642 3714 723 3777 qnae
751 3690 943 3777 singillatim
971 3693 1172 3774 spectantur,
1196 3695 1341 3776 apparel.

197 3799 297 3865 Velul
329 3821 401 3864 cum
430 3798 493 3864 duo
525 3800 620 3865 nobis
649 3799 734 3865 oculi
768 3799 846 3880 sint,
879 3797 1024 3882 aequalis
1056 3798 1089 3862 in
1120 3801 1258 3882 ueroque
1292 3803 1342 3863 esi

198 3928 350 3972 numerus
374 3907 520 3990 partium
548 3929 650 3992 neque
677 3907 781 3992 figura
808 3907 1008 3972 diversarum
1039 3925 1143 3989 neque
1179 3905 1341 3990 magnitu-

199 4011 273 4078 dine
295 4034 397 4098 neqne
422 4014 489 4078 situ·
514 4017 571 4078 ani
594 4013 850 4079 conformatione
879 4015 935 4076 aul
962 4033 1034 4076 cnm
1066 4011 1223 4095 proximis
1255 4033 1340 4076 com·

198 4120 360 4205 positione
389 4143 587 4204 conexaque,
615 4119 670 4184 aed
694 4120 727 4182 et
754 4117 903 4203 glacialis
930 4118 1047 4184 humor
1073 4117 1105 4181 in
1134 4121 1271 4203 utroque
1300 4117 1341 4182 ad

201 4227 356 4294 amussim
371 4228 515 4312 aequalis
535 4231 632 4292 estet
649 4226 771 4290 vitreus
791 4248 946 4311 perquam
960 4225 1075 4290 similis
1095 4223 1213 4304 colore,
1226 4223 1341 4309 figura,

200 4335 418 4420 concretione3
433 4334 671 4400 concretionem
686 4333 816 4417 appello
830 4335 973 4420 perlium
986 4333 1021 4396 in
1034 4330 1171 4395 mollitie
1182 4334 1215 4395 et
1224 4329 1341 4396 duritie
