3300 5146
658 415 810 480 -307
859 452 900 462 -

203 574 278 661 περὶ
301 565 351 642 ὧν
373 571 531 642 ἁπάντων
554 576 682 658 ἔγνωκα
704 570 786 640 κατὰ
814 569 874 640 τὸν
898 573 971 658 ἑξῆς
997 569 1100 656 λόγον
1122 570 1183 639 τὸν
1206 569 1247 646 δ’,
1264 575 1350 638 διελ-

200 690 291 750 θεῖν·
320 678 435 750 oritoni
465 677 529 766 γάρ
562 675 580 746 ὁ
612 683 723 765 τρίτος
754 676 817 748 οὐκ
845 677 921 747 οἶδα
950 677 1039 758 ὅπως
1065 679 1265 768 τιαρενέιτεσε
1293 677 1349 744 διὰ

200 785 259 866 τὰς
287 791 356 856 τοῖν
384 789 546 854 Στωϊκῶν
575 791 660 873 ἕρεις
690 782 877 868 ἀξιούντων
909 784 953 873 μὴ
981 785 1064 874 πρός
1091 812 1165 852 τινα
1192 787 1261 852 τῶν
1283 781 1347 852 ὑπὸ

204 899 405 982 Χρυσίππου
427 894 682 982 γεγραμμένων,
704 889 788 962 ἀλλά
810 891 894 979 πρὸς
916 891 1044 960 ἅπαντα
1070 891 1134 980 τὴν
1156 888 1350 980 ἀντιλογίαν

201 1009 381 1068 ποιεῖσθαι.
427 1000 491 1088 ἐγὼ
521 1000 558 1068 δὲ
585 993 634 1068 ὧν
664 1000 726 1088 μὲν
755 1001 811 1069 καί
840 996 941 1078 αὐτὸς
967 997 986 1067 ὁ
1010 997 1204 1085 Χρύσιππος
1225 995 1377 1087 ᾔσθετοο

202 1110 362 1196 περιττάς
388 1107 574 1196 εἰρημένων
601 1102 661 1192 ὑφ’
688 1106 809 1176 ἑαυτοῦ
836 1106 891 1174 καὶ
918 1104 1000 1192 τάχα
1028 1103 1071 1172 ἄν
1097 1131 1143 1196 τῳ
1171 1103 1351 1193 δοξάντων,

203 1210 249 1292 ὡς
266 1210 368 1292 αὐτός
385 1233 500 1300 φησιν,
522 1211 586 1282 ὑπὸ
606 1217 857 1300 γραμματιστοῦ
874 1238 966 1291 τινος
988 1206 1008 1298 ἢ
1032 1213 1135 1300 γραὸς
1153 1208 1351 1299 άδολεσχοά-

203 1339 263 1406 σης
290 1324 462 1408 εἰρῆσθαι,
491 1321 624 1406 βέλτιον
651 1319 747 1411 ᾤμην
774 1318 860 1389 εἶναι
887 1319 971 1406 μηδὲ
1000 1317 1086 1398 ὅλως
1113 1318 1351 1406 μνημονεύειν·

202 1424 242 1494 τά
271 1427 308 1495 δὲ
336 1425 419 1496 ἄλλα
452 1427 628 1516 σύμπαντα
660 1430 736 1513 δίχα
766 1423 876 1514 τεμάν
908 1427 945 1494 έν
972 1425 1034 1514 μὲν
1064 1430 1109 1517 τῷ
1137 1425 1201 1514 πρὸ
1229 1423 1352 1495 τούτου

206 1537 369 1620 διῆλθον,
395 1531 478 1622 άπερ
506 1526 549 1622 ἦν
580 1531 738 1602 ἁπάντων
768 1531 979 1620 ἰσχυρότατα,
1015 1547 1086 1612 τοῖς
1115 1531 1152 1601 δὲ
1179 1534 1253 1620 τερί
1282 1537 1351 1601 τῶν
1366 1553 1391 1591 ¹⁰

203 1643 262 1727 τῆς
288 1645 396 1728 ψυχῆς
426 1645 548 1710 παθῶν
581 1643 792 1727 ζητουμένοις
819 1639 976 1726 ἐγνώκειν
1004 1636 1182 1708 άναδεῖναι
1211 1640 1288 1710 τόδε
1315 1635 1351 1709 τὸ

204 1746 238 1833 γ’
266 1751 334 1815 τῶν
367 1744 625 1836 ὑπομνημάτων.
656 1749 661 1835 Ι
687 1750 785 1815 τοῦτο
818 1747 880 1834 μὲν
909 1739 989 1831 οὖν,
1017 1744 1076 1814 ἐὰν
1104 1743 1121 1815 ὁ
1155 1747 1237 1828 θεὸς
1268 1747 1420 1838 ἡμᾶςσλθ

204 1853 302 1942 σώζῃ,
329 1854 461 1938 πάντως
484 1854 660 1941 πράξομεν.
706 1855 774 1922 έπεί
798 1853 836 1921 δὲ
859 1855 897 1921 έν
922 1856 968 1945 τῷ
997 1857 1061 1921 νῦν
1085 1855 1237 1924 ἐνεστῶτι
1265 1856 1353 1948 λόγῳ

205 1965 434 2049 μνημονεῦσαι
462 1960 598 2030 πάντων
632 1963 818 2047 διέγνωμεν
849 1952 898 2030 civ
925 1958 1018 2028 εἶπεν
1044 1957 1063 2028 ὁ
1091 1961 1286 2048 Χρύσιππος
1317 1965 1354 2031 ἐν

204 2071 249 2159 τῷ
272 2069 422 2159 προτέρῳ
444 2069 519 2154 περὶ
543 2071 651 2155 ψυχῆς
671 2064 756 2156 ὑπὲρ
779 2065 982 2155 ἡγεμονικοῦ
1006 2067 1257 2156 διαλεγόμενος,
1281 2071 1354 2158 ἑξῆς
1369 2087 1393 2126 1⁵

205 2171 248 2243 ἂν
285 2185 335 2261 εἰη
373 2173 488 2262 καιρὸς
524 2173 589 2262 ἤδη
628 2173 810 2243 συνάπτειν
846 2188 916 2254 τοῖς
953 2175 1140 2262 εἰρημένοις
1171 2174 1211 2243 τὰ
1244 2176 1353 2244 λοιπά.

237 2361 256 2418 t
281 2355 345 2425 περὶ
368 2353 423 2408 τῶν
446 2353 483 2408 Μ.
509 2385 540 2392 -
569 2359 585 2406 3
609 2343 758 2418 άξιοῦνται
776 2351 814 2406 Μ.
834 2384 867 2391 -
896 2347 934 2422 μὴ
959 2345 1013 2408 ὅσα
1032 2352 1111 2407 codd.
1136 2353 1197 2409 edd.
1221 2348 1258 2424 pri
1284 2350 1355 2424 πρός

207 2445 270 2480 τινα
294 2444 353 2481 nos.
377 2457 410 2468 —
436 2433 452 2479 6
476 2419 540 2494 τάχ’
565 2417 602 2478 δν
625 2424 682 2478 τῶν
706 2423 743 2476 Μ.
767 2455 800 2464 -
829 2431 845 2478 9
869 2420 961 2492 τεμών
984 2423 1042 2478 ΜΔ
1065 2419 1174 2494 τεμνών
1198 2425 1220 2478 Β
1244 2423 1354 2493 τέμνων

208 2495 286 2552 ChK.
307 2529 340 2538 —
362 2504 392 2552 ll
413 2492 485 2550 κατά
504 2492 569 2550 τάδε
589 2495 670 2551 codd.
689 2494 752 2550 edd.
771 2489 843 2550 τιατά
862 2493 1003 2550 eiecimus.
1024 2527 1057 2534 —
1086 2501 1117 2548 12
1137 2489 1244 2550 τούτων
1263 2495 1300 2550 Μ.
1321 2528 1353 2537 -

210 2576 243 2624 16
261 2569 355 2638 ψυχῆς
371 2563 531 2638 ἡγεμονικά
550 2567 579 2620 Μ
601 2578 632 2635 ψ.
656 2560 826 2636 ἡγεμονικοῦ
847 2565 974 2621 ABChK
997 2579 1028 2636 η.
1051 2559 1125 2636 ὑπὲρ
1148 2561 1193 2636 ἡγ,
1217 2583 1267 2623 nos
1291 2569 1354 2624 coll.

208 2659 256 2711 pp.
276 2647 336 2710 172,
355 2645 385 2706 43
404 2645 465 2707 2⁶1,
486 2645 534 2706 113
553 2644 614 2706 253,
634 2643 658 2692 6.
679 2669 711 2677 —-

210 2821 424 2888 consentiant.
459 2819 509 2884 De
531 2818 584 2884 his
608 2819 759 2885 omnibus
783 2820 818 2884 in
840 2841 888 2903 eo,
910 2819 965 2904 qui
989 2819 1147 2904 sequitur,
1170 2820 1270 2905 libro,
1293 2821 1356 2888 hoo

210 2931 261 2994 est
282 2931 416 3012 quarto,
446 2947 605 3009 exponere
634 2927 875 3012 constituimus3
911 2947 988 2990 nam
1020 2926 1074 2990 hic
1104 2929 1220 2992 tertius
1247 2929 1356 2992 nescio

210 3033 372 3122 quomodo
395 3033 575 3098 insinuavit
597 3035 730 3116 propter
749 3031 933 3098 Stoicorum
959 3034 1191 3118 contentiones,
1214 3033 1357 3118 quinon

209 3147 339 3207 tantum
372 3144 487 3205 contra
518 3137 677 3222 quaedam
712 3161 732 3203 a
764 3138 947 3225 Chrysippo
977 3141 1113 3225 scripta,
1150 3141 1205 3204 sed
1243 3144 1358 3206 contra

210 3249 321 3316 omnia
344 3271 363 3312 a
384 3246 480 3314 nobis
504 3245 664 3328 disputari
686 3245 797 3311 velint.
842 3245 1046 3330 Quamquam
1069 3267 1130 3332 ego
1154 3269 1265 3312 eorum
1289 3269 1356 3312 orn-

210 3357 311 3440 nium,
333 3377 415 3440 quae
438 3354 509 3438 ipse
533 3349 735 3436 Chrysippus
759 3353 919 3419 inutiliter
942 3376 962 3418 a
985 3376 1019 3418 se
1047 3376 1116 3418 esse
1140 3355 1262 3437 scripta
1285 3375 1356 3418 sen-

212 3463 311 3528 sisset
337 3481 482 3546 quaeque
515 3459 657 3524 fortasse
689 3459 800 3544 alicui,
830 3465 866 3524 ut
893 3461 963 3545 ipse
991 3460 1051 3544 ait,
1084 3483 1103 3524 a
1129 3461 1358 3545 grammatista

213 3569 353 3654 quodam
375 3567 427 3633 rel
456 3567 584 3632 anicula
612 3565 794 3632 blaterante
817 3566 905 3631 dicta
927 3567 1127 3649 riderentur,
1161 3567 1263 3632 satius
1287 3588 1357 3630 esse

213 3675 288 3740 duxi
320 3675 452 3740 omnino
485 3694 551 3738 non
579 3671 777 3737 mentionem
813 3673 933 3760 facere3
966 3679 1074 3740 cetera
1106 3677 1216 3739 autem
1247 3675 1357 3738 omnia

211 3781 364 3848 bifariam
387 3779 539 3863 partitus,
561 3801 643 3863 quae
666 3779 818 3870 omniurnv
835 3784 944 3846 essent
965 3781 1170 3863 firmissima,
1191 3779 1356 3864 superiore

210 3889 295 3954 libro
314 3891 501 3972 persecutus
521 3909 602 3969 sum,
626 3906 708 3970 quae
727 3889 837 3950 autem
855 3885 894 3950 de
917 3887 1018 3952 animi
1037 3887 1207 3952 affectibus
1226 3908 1356 3971 quaere-

211 4000 336 4078 rentur,
365 3994 407 4058 iis
438 3994 571 4058 tertium
605 3992 691 4056 hunc
723 3992 843 4058 librum
871 3993 1019 4058 dedicare
1047 3997 1240 4076 statueram,
1271 3991 1357 4076 quod

210 4102 350 4188 quidem,
372 4100 401 4164 si
424 4100 563 4164 salutem
581 4098 677 4164 nobis
696 4097 773 4164 deus
792 4101 1004 4186 praestiterit,
1026 4101 1137 4186 utique
1155 4119 1357 4184 peragemus.

212 4209 373 4286 Quoniam
392 4227 469 4272 vero
492 4206 708 4290 inpraesenti
727 4206 790 4272 hac
808 4207 1029 4292 disputatione
1052 4207 1162 4272 omnia
1181 4229 1219 4270 ea
1237 4205 1356 4269 referre

211 4315 527 4397 decrevimusque
551 4309 754 4406 Chrysippus
778 4315 812 4379 in
835 4315 942 4398 priore
965 4316 1051 4379 libro
1075 4314 1114 4378 de
1138 4313 1260 4395 anima,
1284 4334 1357 4375 cum

211 4423 250 4486 de
274 4423 459 4506 principatu
482 4420 668 4503 dissereret,
697 4422 843 4506 scripsit,
879 4425 1007 4506 tempus
1031 4422 1096 4486 iam
1121 4419 1249 4502 estiis,
1276 4440 1358 4503 quae

1093 4521 1144 4578 20·
