3296 5150
666 393 908 458 -343-·-

212 551 266 618 καὶ
295 548 367 637 ἢτοι
395 549 567 636 παραδοὺς
595 550 718 638 ἑτέροις
746 546 970 636 ἀποσφάττειν
997 545 1017 635 ἢ
1046 545 1147 630 αὐτὸς
1180 545 1361 636 ὑπομείνας

212 655 334 742 σφάξαι
362 660 402 744 τῇ
435 683 471 742 γε
500 659 561 724 τοῦ
586 660 693 726 καλοῦ
719 660 888 744 φαντασίᾳ
914 659 1013 723 τοῦτο
1047 659 1110 745 δρᾷ
1134 657 1188 724 καὶ
1212 660 1359 748 λογισμῷ

210 789 277 830 τινι
300 761 520 852 χρησάμενος·
543 761 563 851 ἡ
589 762 723 851 Μήδεια
751 763 787 830 δὲ
812 767 952 850 ἔμπαλιν
975 759 1017 832 οὐ
1040 760 1149 850 μόνον
1176 760 1241 831 ὑπὸ
1266 760 1361 832 οὐδε-

213 868 272 950 νὸς
300 871 438 956 ἐπείσθη
467 873 631 958 λογισμοῦ
657 874 799 939 κτείνειν
825 866 905 949 τοὺς
926 872 1063 953 παῖδας,
1091 866 1174 938 ἀλλὰ
1203 871 1259 939 καὶ
1287 867 1359 938 tori

214 983 351 1046 ναντίον
374 975 474 1061 ἅπαν,
498 975 581 1046 ὅσον
605 977 656 1044 ἐπὶ
680 981 725 1069 τῷ
749 979 912 1068 λογισμῷ,
940 975 1130 1064 μανθάνειν
1158 983 1278 1065 φησίν,
1307 971 1395 1048 οἶαι

216 1087 302 1172 δρᾶν
321 1085 431 1173 μέλλει
449 1083 545 1168 κακά,
567 1081 629 1152 τὸν
650 1081 765 1171 θυμὸν
789 1083 825 1151 δὲ
843 1081 930 1152 εἶναι
949 1089 1121 1173 κρείττονα
1140 1087 1208 1153 τῶν
1225 1089 1363 1170 βουλευ-

215 1190 339 1278 μάτων,
357 1192 530 1260 τουτέστιν
548 1187 609 1278 οὐχ
628 1187 851 1278 ὑποτετάχθαι
873 1191 928 1259 καὶ
947 1198 1127 1261 πείθεσθαι
1146 1192 1201 1260 καὶ
1224 1192 1362 1262 ἕπεσθαι

214 1296 366 1385 καθάπερ
389 1299 455 1366 τινὶ
484 1295 627 1388 δεσπότῃ
655 1301 700 1389 τῷ
728 1295 817 1389 λόγῳ
840 1295 877 1365 τὸ
905 1297 1031 1384 πάθος,
1059 1295 1143 1366 ἀλλὰ
1167 1294 1362 1385 άφηνιάζειν

212 1405 267 1472 καὶ
286 1401 473 1492 ἀποχωρεῖν
496 1405 550 1472 καὶ
570 1401 724 1474 άπειθεῑν
747 1407 792 1496 τῷ
811 1403 1049 1493 προστάγματι,
1072 1402 1118 1484 oie
1136 1406 1249 1493 ἑτέρας
1270 1405 1363 1488 τινὸς

213 1515 313 1596 ἔργον
350 1507 369 1599 ἢ
406 1510 546 1600 πάθημα
584 1509 758 1599 δυνάμεως
796 1507 962 1598 ὑπάρχον,
1000 1507 1041 1580 οὐ
1078 1513 1135 1598 τῆς
1166 1517 1402 1600 torcennaco

213 1620 281 1698 πῶς
309 1615 373 1705 γάρ
400 1613 443 1686 dv
473 1613 669 1705 ἢάπειθεῑν
692 1618 797 1710 ἑαυτῷ
821 1645 852 1685 τι
875 1617 1014 1687 δύναιτο
1039 1613 1059 1705 ἢ
1091 1614 1359 1708 ἀποστρέφεσθαι

215 1722 313 1794 ἑαυτὸ
337 1720 357 1813 ἢ
380 1723 426 1812 μὴ
449 1725 589 1795 ἕπεσθαι
613 1725 734 1817 {neseph
760 1726 856 1793 ταυτὶ
883 1723 945 1812 μὲν
968 1718 1030 1794 οὖν
1053 1723 1182 1794 ἅπαντα
1205 1725 1289 1813 πρὸς
1314 1729 1360 1819 τῷ

212 1831 317 1918 μηδὲν
337 1837 424 1920 ἔχειν
446 1834 595 1922 μεμπτὸν
614 1837 661 1900 ἔτι
684 1833 739 1901 καὶ
758 1829 894 1919 άληθῶς
911 1858 945 1900 τε
964 1833 1018 1899 καὶ
1038 1835 1266 1921 διωρισμένως
1288 1835 1360 1926 null

214 1935 296 2006 κατὰ
323 1937 385 2025 τὴν
409 1939 591 2019 Πλάτωνος
623 1948 749 2028 εέρηται
782 1937 929 2027 γνάμην.
978 1947 1214 2028 παραπλησίως
1241 1939 1277 2008 δὲ
1305 1941 1426 2020 sulm

211 2043 252 2113 τά
275 2044 357 2116 κατὰ
385 2043 447 2133 τὴν
476 2045 630 2134 ἐξήγησιν
661 2050 721 2116 τοῦ
749 2047 908 2134 δευτέρου
939 2049 1006 2116 τῶν
1041 2045 1131 2136 δρων
1162 2043 1228 2116 ὑπὸ
1257 2044 1402 2117 αὐτοῦιι

212 2154 439 2242 γεγραμμένα,
464 2152 519 2221 διά
545 2145 583 2240 ἧς
606 2153 832 2241 ἐμνημόνευσε
855 2153 910 2220 καὶ
937 2157 1005 2222 τῶν
1032 2153 1218 2242 τρεχόντων
1241 2150 1361 2240 ὠκέως,

212 2264 248 2326 οἳ
267 2259 351 2347 μηδὲ
372 2264 402 2328 εἰ
424 2264 541 2347 στῆναι
564 2257 759 2346 βούλοιντο,
788 2264 986 2348 παραχρῆμα
1015 2260 1175 2330 δύναιντο
1206 2260 1362 2349 πράττειν

249 2492 364 2548 trudes
383 2505 436 2562 pro
455 2492 537 2547 τοῦτο
557 2489 593 2546 Μ.
616 2521 646 2531 --
671 2499 687 2546 4
706 2492 826 2564 λογισμῷ
851 2490 946 2547 ΜΑΒ.
967 2523 998 2533 -
1026 2498 1042 2546 9
1062 2487 1194 2548 άπωθεῐν
1216 2492 1360 2548 Mnssoh.

214 2597 243 2604 -ν
267 2571 300 2620 10
318 2564 351 2632 τῆ
372 2563 512 2634 λογιστική
532 2563 568 2618 Μ.
592 2593 621 2603 -
644 2569 674 2617 11
696 2581 722 2618 τι
742 2580 795 2618 om.
815 2562 850 2618 lt.
870 2594 905 2604 -
927 2571 959 2618 12
979 2558 1049 2632 πρὸς
1067 2559 1098 2620 τὸ
1118 2563 1155 2618 Μ.
1175 2595 1208 2605 -

211 2798 406 2886 iugulandos
430 2819 485 2864 eos
509 2797 610 2862 tradit
633 2802 690 2862 eut
712 2797 783 2883 ipse
806 2798 953 2884 iugulere
976 2821 1042 2864 non
1065 2803 1207 2884 veretri,
1230 2801 1361 2868 honesti

214 2905 323 2992 specie
351 2904 479 2972 obiecta
505 2909 539 2968 et
565 2903 692 2970 ratione
720 2906 860 2991 quadam
893 2927 970 2970 usus
997 2906 1031 2970 id
1058 2905 1152 2990 facit3
1185 2909 1220 2970 at
1247 2905 1361 2972 Medea

211 3035 278 3080 non
301 3011 397 3079 modo
419 3011 511 3076 nulla
538 3011 664 3076 ratione
688 3013 727 3076 ad
756 2999 964 3078 trucidandos
991 3012 1112 3078 liberos
1142 3010 1275 3078 inducta
1301 3019 1360 3098 est,

214 3119 311 3186 sede
339 3119 519 3202 contrario,
546 3118 632 3204 quod
655 3119 695 3183 ad
723 3120 883 3186 rationem
916 3119 1049 3201 attinet,
1081 3141 1240 3204 quaenam
1273 3119 1360 3186 mala

212 3230 438 3314 perpetratum.
462 3227 514 3310 sit,
538 3247 732 3310 cognoscere
752 3249 786 3292 se
806 3227 861 3310 ait,
884 3227 967 3292 iram
991 3230 1100 3292 tamen
1121 3249 1191 3291 esse
1214 3227 1359 3293 consiliis

212 3335 440 3421 potentiorem,
459 3333 520 3399 hoc
536 3337 586 3398 est
604 3355 667 3398 non
688 3334 869 3400 subiectum
884 3357 954 3400 esse
974 3334 1136 3416 affectum,
1153 3355 1219 3401 non
1237 3355 1360 3418 parere,

212 3465 277 3508 non
301 3441 435 3525 obsequi
458 3441 579 3506 rationi
603 3444 770 3526 tamquam
792 3441 942 3508 dominae
966 3441 1108 3526 cuidam,
1136 3441 1191 3507 sed
1215 3440 1360 3506 habenas

213 3551 404 3628 detrectare,
427 3548 584 3632 recedere,
607 3547 694 3613 dicto
718 3570 784 3614 non
803 3547 987 3614 audientem
1011 3570 1091 3632 esse,
1112 3549 1205 3634 quasi
1225 3547 1359 3614 alterius

213 3655 380 3721 cuiusdam
405 3655 572 3720 facultatis
596 3655 646 3718 rel
670 3677 751 3740 opus
781 3655 830 3720 vel
855 3655 984 3723 affectio
1008 3657 1064 3740 sit,
1092 3678 1157 3722 non
1181 3655 1359 3722 rationalis.

213 3765 276 3841 Qui
298 3761 384 3828 enim
411 3760 497 3826 idem
524 3761 588 3826 sibi
618 3761 683 3846 ipsi
710 3783 775 3827 non
803 3784 917 3846 parere
947 3762 1065 3848 possit,
1098 3763 1161 3828 sibi
1185 3761 1360 3844 adversari,

213 3871 276 3936 sibi
303 3891 369 3934 non
397 3867 554 3952 obsequi?
604 3868 693 3934 llaec
725 3867 828 3954 igitur
860 3871 984 3956 omnia,
1016 3874 1244 3956 praeterquam
1272 3869 1358 3954 quod

211 3977 295 4042 nihil
323 3975 458 4057 hebent,
490 3975 576 4058 quod
604 3975 835 4061 reprehendas,
863 3977 962 4042 etiam
986 3999 1060 4044 uere
1089 3981 1122 4042 et
1149 3977 1303 4042 distinete
1327 3979 1359 4040 et

212 4085 251 4152 ad
275 4081 422 4150 Platonis
450 4082 646 4147 sententiam
674 4082 762 4147 dieta
790 4086 874 4148 sunt.
924 4085 1081 4150 Similiter
1108 4105 1250 4170 quoque,
1277 4103 1358 4169 quae

212 4193 246 4258 iu
273 4187 634 4256 alterius-delinitionis
663 4189 891 4274 explanatione
920 4191 1043 4276 scripta
1071 4195 1159 4275 sunt,
1187 4190 1243 4257 ubi
1271 4190 1357 4256 velo·

214 4301 294 4366 citer
316 4297 515 4366 currentium
538 4297 735 4362 mentionem
758 4297 853 4380 facit,
880 4297 935 4382 qui
961 4297 1054 4364 nesi
1082 4297 1260 4366 subsistere
1287 4296 1356 4383 qui·

212 4409 284 4475 dom
318 4405 494 4489 voluerint,
525 4403 632 4470 lacere
664 4403 697 4469 id
729 4403 841 4470 statim
874 4404 1011 4489 possint
1064 4405 1238 4492 Perspicue
1270 4405 1355 4474 enim
