3298 5136
806 429 1049 494 —242——

349 603 420 694 ἥτις
444 601 558 690 ἕτίρου
576 599 696 687 γε’νονς
715 593 783 661 ε’στὶ
801 595 858 678 της
879 586 962 656 κατὰ
981 588 1191 673 προαίρεσιν·
1216 578 1343 664 ἐκείνη-ς
1366 573 1401 642 δὲ
1421 570 1495 642 οὔτε

284 736 340 793 278
351 713 511 803 ἄρχεσθαι
536 707 672 796 πρώτην
696 697 775 770 οὔθ’
803 696 948 781 ὑστάτην
968 695 973 782 Ι
993 690 1160 759 παύεσθαι
1184 685 1247 773 τὴν
1269 689 1410 772 καρδίαν
1433 687 1495 768 ἔχει.

351 851 400 902 τις
427 821 541 900 δεῖξαι.
595 816 787 900 περαίνοιτο
820 800 863 871 ἂν
896 793 959 869 οὖν
991 795 1053 866 ndu
1084 795 1207 863 τούτου
1240 797 1301 860 τοῦ
1334 790 1499 878 λήμματος

353 928 414 1015 οὐχ
446 926 527 1011 ὅπερ
556 919 782 1008 Ἀριστοτέλης
813 937 846 979 τε
879 909 933 976 καί
968 904 1162 993 Χρύσιππος
1196 898 1499 987 ὑπολαμβάνουσι-ν,

327 1035 435 1104 stre&
457 1031 474 1102 δ
495 1030 654 1099 Ιίλιίτωνι
673 1026 727 1093 καί
742 1016 949 1105 Ἱπποκράτει
970 1020 1072 1093 δοκεῖ,
1094 1015 1153 1096 τῆς
1171 1009 1232 1096 μὶν
1250 1007 1332 1074 κατὰ
1351 1010 1500 1094 προαίρε-

356 1166 410 1211 σιν
434 1143 471 1209 ἐν
494 1137 575 1227 ἡμῖν
598 1133 759 1220 κινήσεως
782 1126 889 1216 ἇρχην
912 1121 997 1190 εἶναι
1021 1120 1082 1186 τὸν
1106 1118 1306 1203 ἐγκέφαλον,
1334 1113 1446 1197 ε’τίρας
1468 1110 1504 1174 δι’

355 1277 448 1329 τινος
484 1243 706 1334 ἆπροαιρίτου
742 1237 804 1324 τὴν
841 1236 993 1320 καρδίαν.
1055 1217 1096 1312 ἦν
1128 1225 1190 1312 μὲν
1222 1214 1286 1290 οὖν
1317 1221 1371 1287 καί
1404 1212 1500 1285 ταῦθ’

358 1357 456 1426 ι’κανδι
479 1352 562 1442 πρὸς
585 1348 756 1427 ἀπόδειξιν
779 1345 846 1410 τῶν
865 1337 1104 1426 προκειμένων,
1127 1329 1211 1398 ἀλλὰ
1231 1327 1343 1413 ἐπειδὴ
1363 1322 1505 1414 προύθέ-

358 1492 426 1554 μην
458 1463 495 1530 dv
526 1463 610 1551 τῷδε
643 1459 687 1548 τῷ
716 1457 834 1540 βιβλίῳ
860 1447 900 1514 τὰ
934 1444 1086 1531 λήμματα
1124 1441 1278 1506 ἐπελθεῖν
1308 1433 1438 1501 ἅπαντα
1469 1428 1506 1497 τὰ

320 1599 344 1636 ¹⁰
359 1568 596 1660 λαμβανόμενα
626 1565 661 1630 ἐκ
688 1564 756 1628 τῶν
783 1552 1005 1642 ὑπαρχόντων
1037 1551 1076 1636 τῇ
1105 1549 1241 1633 καρδίᾳ,
1274 1539 1436 1629 προσθεὶς
1463 1543 1505 1604 ε’τι

360 1679 399 1748 τὰ
423 1675 589 1747 ὑπόλοιπα
613 1665 813 1738 καταπαύσω
840 1660 901 1729 τὸν
929 1658 1042 1743 λόγον.
1087 1655 1124 1720 ἐν
1152 1648 1266 1728 αὐτοῖς
1296 1650 1335 1715 δι’
1360 1647 1429 1714 ἐστι
1457 1645 1507 1711 καὶ

361 1787 399 1856 τὸ
424 1789 485 1854 τοῦ
505 1778 751 1870 Ἀριστοτέλους
774 1775 895 1857 λῆμμα,
918 1765 992 1852 περὶ
1017 1753 1058 1830 οὗ
1081 1758 1163 1827 κατὰ
1186 1757 1249 1844 τὴν
1271 1753 1430 1840 τελευτὴν
1452 1755 1509 1819 τοῦ

362 1892 497 1982 πρώτον
529 1894 663 1977 βιβλίου
695 1885 854 1968 διῆλθον,
889 1876 924 1941 ἐκ
958 1875 1026 1939 τῶν
1060 1864 1281 1956 ὑπαρχόντων
1307 1865 1346 1950 τῇ
1378 1862 1509 1946 καρδίᾳ·

363 2005 494 2088 πλῆθος
519 1996 585 2084 γάρ
611 2022 642 2062 τι
671 1989 802 2076 νεύρων
831 1985 868 2051 ἐν
895 1977 978 2068 αὐτῇ
1007 1980 1195 2064 φαίνεσθαί
1218 1989 1333 2058 φησιν.
1378 1967 1511 2050 ἐδείχθη

326 2132 350 2170 ¹⁵
366 2108 401 2176 di
420 2103 479 2193 ὑφ’
503 2102 607 2192 ἡμῶν,
625 2098 670 2179 ὡς
687 2093 839 2184 νευρώδη
859 2090 921 2177 μέν
939 2114 1014 2154 τινα
1033 2082 1169 2169 σώματα
1188 2079 1269 2146 κατὰ
1287 2073 1350 2162 τὴν
1370 2075 1512 2158 καρδίαν

367 2226 433 2302 εἴη,
461 2216 565 2300 νεῦρα
588 2209 624 2277 δὲ
653 2203 715 2276 οὐκ
738 2213 788 2290 είη
820 2199 875 2267 καὶ
903 2193 948 2274 ὦς
974 2191 1014 2261 τὰ
1042 2189 1104 2279 μὲν
1131 2183 1282 2274 νευρώδη
1306 2185 1344 2270 τῇ
1367 2183 1431 2248 τοῦ
1454 2175 1512 2245 σοι’-

1282 2429 1288 2448 ἱ

369 2467 455 2522 MFP
474 2486 529 2519 κατι
548 2463 608 2516 LA.
629 2491 662 2500 —
682 2465 696 2513 7
717 2475 795 2516 τινας
814 2447 983 2517 προαιρέτου
1004 2445 1041 2499 Μ.
1061 2473 1093 2482 -
1115 2441 1145 2492 ln
1163 2437 1239 2491 verb.
1252 2456 1274 2488 -τ
1295 2454 1312 2487 ν
1330 2432 1454 2498 καρδίαν
1472 2429 1514 2480 de-

369 2539 437 2594 sinit
458 2538 540 2605 frgm.
560 2535 585 2588 11
612 2531 691 2585 codd.
711 2528 768 2581 FP.
789 2555 821 2564 -
850 2529 879 2575 ll
901 2513 947 2574 ἐπ’
968 2511 1066 2575 αὐτοῖς
1084 2511 1169 2596 'oodd
1189 2507 1251 2563 edd.
1276 2454 1310 2560 iv
1333 2497 1432 2562 αὐτοῖς
1457 2517 1514 2554 nos:

370 2613 404 2666 es.
425 2610 509 2664 Pron.
529 2625 556 2675 p.
578 2611 636 2659 126.
657 2633 688 2641 —
712 2607 742 2653 12
763 2595 827 2662 περὶ
841 2584 882 2646 ὧν
901 2589 958 2644 LM
977 2587 1041 2653 περὶ
1060 2605 1094 2638 ου
1111 2585 1142 2636 Α.
1164 2612 1195 2620 -
1220 2585 1250 2633 16
1269 2577 1302 2646 τῇ
1322 2575 1371 2629 τοῦ
1392 2569 1516 2642 σώματος

371 2685 392 2736 L
412 2682 445 2751 τῇ
466 2697 519 2734 orn.
540 2672 722 2736 MABChK3
742 2668 777 2724 ef.
796 2664 880 2721 Proll.
899 2682 926 2732 p.
948 2667 1006 2714 los.
1028 2689 1059 2696 -

405 2403 417 2450 1
439 2389 456 2464 ἢ
476 2394 526 2480 της
544 2391 566 2445 L
587 2383 648 2459 ἣτις
667 2386 736 2440 MA.
758 2414 790 2422 -
812 2375 993 2445 ἕτεροχενοῦς
1011 2373 1043 2428 L.
1063 2401 1095 2410 -
1120 2374 1136 2421 3
1156 2355 1312 2431 περαίνειτ’
1333 2360 1370 2415 Μ.
1390 2391 1423 2398 -
1445 2349 1513 2411 nuni

376 2799 583 2811 .—--—--

373 2889 389 2929 e
414 2862 613 2929 sumtionum
637 2851 837 2937 elegantium
860 2863 977 2929 genere
1001 2843 1059 2903 est.
1104 2835 1356 2900 Demonstratur
1379 2829 1466 2892 enim
1489 2825 1517 2888 id

373 2971 569 3058 principium
593 2959 748 3028 motionis
773 2976 856 3036 esse,
880 2950 1025 3014 sednon
1049 2944 1169 3025 omnis,
1197 2940 1252 3003 sed
1274 2938 1428 3023 pulsuum
1452 2938 1518 2998 tun-

373 3085 456 3160 turn,
488 3095 570 3160 quae
598 3069 728 3155 quidem
761 3081 877 3147 genere
907 3056 1036 3120 diversa
1069 3074 1088 3115 e
1115 3046 1301 3114 voluntaria
1329 3047 1391 3128 est3
1425 3041 1518 3106 huius

375 3192 483 3251 eutem
502 3201 604 3264 neque
623 3176 764 3260 primum
783 3167 913 3233 initium
932 3163 1040 3227 facere
1058 3181 1116 3223 neo
1137 3156 1288 3220 ultimum
1307 3151 1404 3215 finem
1424 3147 1518 3212 habet

375 3291 503 3376 uliquis,
526 3285 611 3372 quod
634 3280 844 3362 demonstret.
879 3271 1031 3336 Efficitur
1055 3266 1156 3350 igitur
1180 3285 1218 3324 ex
1241 3260 1303 3323 heo
1323 3255 1520 3322 assumtione

376 3423 442 3465 non
474 3395 557 3481 quod
592 3385 787 3456 Aristoteles
824 3384 857 3445 et
890 3376 1095 3460 Chrysippus
1128 3370 1315 3454 opinantur,
1352 3362 1407 3428 sed
1440 3359 1518 3446 quod

378 3504 508 3571 Plutoni
537 3505 569 3564 et
592 3491 788 3580 Hippocrati
812 3488 931 3572 placet,
959 3479 1162 3546 voluntariae
1190 3477 1225 3540 in
1252 3473 1347 3538 uobis
1371 3466 1521 3534 motionis

379 3612 560 3691 cerebrum,
594 3603 726 3670 alterius
764 3593 931 3661 cuiusdam
968 3588 1091 3653 invitae
1129 3606 1184 3650 eor
1219 3578 1416 3666 principium
1449 3595 1521 3638 esse.

380 3721 470 3785 Haeo
499 3720 607 3781 eutem
636 3707 785 3794 quamvis
818 3701 899 3765 satis
933 3698 973 3761 ad
1005 3695 1248 3779 propositarum
1275 3707 1384 3751 rerum
1411 3683 1521 3768 probu-

380 3829 503 3892 tionem
528 3824 606 3905 sint,
638 3822 762 3896 temen,
794 3807 948 3894 quoniam
977 3801 1193 3867 assumtiones
1223 3815 1349 3876 omnes,
1376 3813 1459 3876 quae
1486 3787 1521 3849 ab

381 3936 436 4020 iis,
465 3953 546 4016 quae
576 3926 664 3993 eordi
693 3923 817 4000 insunt,
846 3915 1050 3993 ducerentur,
1078 3907 1140 3972 hoo
1163 3905 1248 3970 libro
1272 3919 1460 3986 percensere
1484 3895 1522 3956 iu-

383 4040 485 4122 stitui,
509 4041 605 4102 finem
625 4026 828 4112 feeia1u‚ubi
850 4027 973 4088 ceteras
994 4015 1198 4081 subiunxero.
1234 4009 1324 4073 Inter
1345 4006 1406 4071 has
1430 4004 1521 4068 etium

384 4146 575 4214 Aristotelis
600 4143 657 4206 illa
682 4142 744 4222 est,
772 4137 809 4198 de
834 4155 897 4216 qua
922 4129 956 4192 in
979 4123 1077 4210 primi
1100 4119 1177 4184 libri
1202 4116 1289 4181 oalee
1311 4111 1523 4186 disseruimus,

385 4258 425 4321 ub
450 4257 504 4332 iis,
528 4273 609 4336 quae
630 4247 718 4313 cordi
743 4245 868 4322 insunt,
892 4236 1007 4320 petita:
1032 4249 1205 4294 nervorum
1224 4223 1271 4288 ait
1289 4217 1522 4285 multitudinem

385 4361 547 4446 ‹prurularn
570 4358 606 4421 in
629 4379 666 4419 eo
695 4369 860 4436 apparere.
904 4343 973 4407 Nos
998 4359 1136 4403 nervosa
1159 4331 1317 4418 quaedam
1342 4320 1521 4409 corpuscula

387 4469 421 4534 in
449 4466 543 4532 eorde
571 4485 656 4545 esse,
688 4479 806 4522 nervos
834 4474 899 4516 non
929 4471 998 4512 esse
1027 4439 1320 4510 demonstravimus
1351 4438 1448 4518 etque
1473 4428 1522 4492 illu
