3246 5148
786 364 1007 428 ...18-

323 533 380 594 aut
403 551 440 593 ex
465 529 595 592 omissis
619 527 670 592 vel
695 527 832 611 syllabis
856 527 906 591 rel
930 527 1067 611 integris
1094 526 1218 590 voculis
1243 530 1300 589 ant
1323 511 1361 589 eir
1386 523 1475 590 voci-

323 637 383 700 bus
408 637 475 699 sive
500 657 607 699 errore
635 635 774 718 quodam
804 636 871 698 sire
900 633 1117 718 interpolandi
1148 632 1256 696 studio
1284 633 1415 696 insertis
1441 637 1476 695 ct

323 743 450 807 additis.
498 741 560 806 Sed
584 741 716 805 tametsi
744 741 795 804 his
824 741 913 805 vitiis
941 763 1006 804 non
1034 739 1190 821 abundat,
1217 744 1327 802 tamen
1355 761 1474 822 nequa-

322 872 420 934 quam
440 871 552 932 expers
572 871 682 912 eorum
703 846 812 934 essee),
835 849 936 912 immo
957 847 1036 910 satis
1052 847 1178 931 largam
1194 847 1328 929 praebet
1342 846 1473 928 copiam

323 960 419 1039 atque
440 977 536 1038 saepe
554 955 596 1019 iis
616 955 744 1038 quidem
764 955 858 1036 locis,
882 954 937 1017 ubi
956 954 991 1018 in
1010 953 1177 1017 Marciano
1197 952 1308 1015 eadem
1327 950 1473 1015 devitata

322 1067 406 1126 sunt.
453 1061 541 1137 Quae
570 1062 722 1144 quoniam
752 1083 790 1125 ex
818 1061 950 1144 Aldina,
983 1064 1139 1144 tanquam
1169 1058 1258 1123 fonte
1287 1064 1319 1122 et
1346 1059 1473 1143 origine

323 1173 503 1232 ceterarum
527 1168 719 1251 editionum,
746 1168 780 1231 in
804 1190 858 1231 eas
883 1187 1002 1250 magna
1026 1189 1063 1233 ex
1087 1171 1181 1249 parte
1205 1167 1379 1248 fluxerunt,
1402 1187 1472 1248 per-

322 1297 511 1339 censeamus
536 1278 678 1358 oportet,
706 1297 769 1357 quo
794 1275 976 1338 accuratius
1001 1277 1230 1357 cognoscatur,
1253 1272 1383 1356 qualem
1406 1276 1473 1335 tex·

320 1386 391 1445 tum
415 1379 535 1445 Aldina
557 1381 795 1464 posterioribus
818 1380 997 1444 tradiderit.

410 1489 517 1572 Atque
541 1493 578 1552 ut
602 1489 642 1552 ab
666 1488 720 1570 iis,
743 1509 824 1570 quae
848 1487 881 1551 in
900 1486 1138 1570 orthographia
1157 1491 1344 1569 peccantur,
1369 1485 1473 1549 ordia-

322 1617 408 1676 mur,
440 1600 579 1677 quatuor
606 1595 813 1678 potissimum
845 1592 1034 1656 mendorum
1065 1615 1184 1678 genera
1212 1592 1357 1657 notanda
1387 1597 1472 1673 sunt,

322 1723 435 1783 unum,
458 1700 544 1784 quod
567 1701 601 1763 in
620 1722 720 1783 pravo
745 1703 777 1763 et
801 1722 915 1778 vocum
940 1705 973 1763 et
992 1700 1201 1784 aspirationis
1224 1705 1376 1763 notarum
1400 1720 1471 1780 usn,

322 1808 474 1888 alterum,
503 1806 590 1890 quod
619 1807 654 1870 in
684 1806 938 1870 commutatione
966 1806 1149 1869 litterarum
1179 1806 1229 1870 vel
1260 1806 1471 1889 syllabarum,
1505 1869 1513 1878 ,

321 1913 470 1995 tertium,
493 1913 578 1996 quod
601 1913 635 1977 in
659 1935 769 1976 earum
795 1917 850 1976 ant
873 1912 1074 1976 detractione
1098 1917 1155 1975 aut
1179 1911 1355 1993 additione,
1379 1933 1470 1994 quar-

322 2025 406 2103 tum,
429 2019 514 2103 quod
538 2020 573 2085 in
596 2021 703 2084 verbis
723 2041 892 2102 perperam
912 2019 1091 2082 dividendis
1110 2015 1332 2100 positunr'est.
1364 2018 1470 2098 Atque

323 2149 361 2190 ex
386 2126 483 2210 primi
511 2125 639 2210 generis
669 2125 824 2208 exemplis
852 2147 1008 2208 perquam
1038 2125 1150 2187 multis
1177 2125 1334 2188 uomrulla
1362 2125 1470 2189 affera-

304 2255 404 2296 mus.
450 2231 484 2296 P.
508 2233 628 2296 2231(
657 2233 808 2316 legimus:
840 2235 899 2296 καί
923 2255 979 2315 μοι
1007 2226 1192 2313 θαυμάζειν
1220 2228 1387 2313 ἐπέρχεταί
1414 2231 1470 2314 τῆς

322 2341 390 2404 τῶν
416 2341 550 2406 πολλῶν
578 2337 720 2424 (Stoicos
749 2339 913 2424 significat
942 2334 1097 2422 Galenus)
1126 2335 1343 2420 δοξοσοφίας,
1371 2338 1402 2400 εἰ
1427 2374 1470 2382 -

322 2441 488 2524 ἀποδείξει
512 2446 657 2530 χρῆσθαι
680 2445 847 2528 τολμῶσιν
871 2433 908 2508 εὖ
927 2439 1066 2524 εἰδότες,
1090 2437 1136 2518 ὥς
1159 2438 1235 2507 οὔτε
1254 2438 1331 2526 παρ’
1349 2440 1470 2528 ἑτέρων

323 2555 454 2636 ἔμαθον
476 2548 562 2628 ὅλως
585 2547 686 2616 οὐδὲν
710 2546 785 2615 οὔτε
814 2543 909 2614 αὐτοὶ
933 2543 1011 2612 καθ’
1038 2544 1176 2625 ἑαυτοὺς
1200 2548 1351 2634 ἐξεῦρον,
1380 2551 1415 2614 οἵ
1434 2573 1469 2633 γε

323 2653 407 2740 μηδὲ
434 2653 609 2741 ἐζήτησαν,
637 2651 722 2721 ὅπου
749 2679 785 2739 με
809 2655 863 2720 καὶ
890 2648 937 2740 ἣν
964 2653 1201 2740 μεμαθήκεσαν
1228 2650 1313 2720 ὁδὸν
1339 2650 1471 2721 ἀποδει-

323 2760 454 2847 ατιαήν,
483 2757 544 2828 οὐκ
571 2753 615 2847 ἦν
643 2758 775 2844 ἱκανὸν,
803 2757 874 2828 ἀλλ’
902 2761 1016 2848 ἐχρῆν,
1048 2757 1155 2846 οἶμαι,
1182 2759 1345 2846 πρότερον
1373 2757 1470 2847 ἠσκῆ-

324 2875 405 2933 σθαι
430 2864 500 2933 κατ’
526 2864 641 2954 αὐτήν.
686 2869 770 2934 lllucl
795 2865 837 2953 ἦν
860 2874 964 2933 totam
988 2869 1181 2932 sententiam
1205 2871 1385 2954 corrumpit
1413 2893 1469 2934 uec

323 2980 434 3040 tamen
458 2999 477 3040 a
495 2976 737 3040 Basileensibus
762 2977 812 3041 vcl
833 2976 1002 3040 chamis
1026 2976 1076 3039 vel
1095 2975 1245 3041 Kuehnio
1266 2977 1469 3040 emendatum

326 3087 376 3146 est
397 3083 537 3146 fortasse
562 3083 701 3146 scribere
728 3083 927 3165 nolentibus,
955 3081 1040 3164 quod
1062 3081 1124 3146 hoc
1146 3085 1219 3149 loco
1243 3084 1335 3146 unice
1359 3105 1470 3146 rerum

325 3193 375 3253 est
398 3195 431 3253 et
453 3195 490 3254 ut
508 3187 699 3273 posterioris
720 3187 928 3272 Graecitatis,
951 3189 998 3253 ita
1019 3187 1133 3253 Galeni
1153 3213 1212 3253 usu
1232 3190 1471 3272 comprobatur,

322 3293 377 3359 καὶ
402 3287 449 3378 ἢν
472 3290 778 3380 μεμαθήκεσανΜθ).
824 3295 914 3359 Idem
937 3297 1094 3379 praebent
1117 3297 1206 3360 codd.
1229 3295 1414 3359 Marcianus
1439 3299 1471 3358 et

324 3399 612 3485 Cantabrigiensis.
651 3399 721 3475 Quo
740 3402 892 3466 restituto
916 3404 1016 3467 totius
1040 3403 1105 3468 loci
1129 3403 1290 3467 sententia
1309 3405 1371 3466 est:
1396 3401 1470 3466 ‘De-

324 3507 571 3572 monstrationis
595 3530 689 3570 nsum
709 3511 829 3571 temere
854 3509 916 3572 sibi
936 3514 1103 3594 arrogant,
1126 3532 1321 3594 quamquam
1344 3531 1403 3572 nec
1428 3509 1469 3572 ab

325 3614 398 3676 aliis
419 3637 453 3676 se
468 3613 643 3698 quidquam
659 3613 809 3678 didicisse
824 3637 882 3679 uec
896 3637 954 3698 per
969 3639 1038 3679 sese
1052 3616 1141 3698 ipsos
1156 3616 1317 3679 invenisse
1336 3611 1470 3700 (quippe

325 3720 379 3803 qni
408 3742 448 3783 ne
478 3721 697 3802 quaesiverint
729 3718 872 3806 quidem)
900 3725 987 3785 certo
1016 3723 1135 3804 sciunt,
1162 3722 1257 3804 idque
1284 3721 1409 3785 faciunt
1436 3723 1470 3786 in

323 3848 362 3889 ea
385 3848 432 3908 re,
461 3848 536 3909 qua,
564 3827 687 3891 etiamsi
713 3827 799 3890 riam
830 3826 972 3910 aliquam
1001 3827 1242 3891 demonstrandi
1271 3828 1470 3912 didicissent,

323 3932 403 3996 satis
427 3932 460 3995 id
483 3953 548 3995 uon
568 3937 638 3996 crat
656 3933 815 4016 futurum,
839 3934 894 3996 sed
918 3933 1113 4015 adhibenda,
1137 3934 1266 4017 opinor,
1290 3937 1360 3997 erat
1377 3936 1470 4018 prius

408 4094 535 4101 ..—-—..---

395 4197 429 4266 l⁶)
448 4197 489 4252 Cl.
508 4213 580 4266 quae
599 4214 681 4266 supra
699 4197 735 4267 (p.
758 4199 800 4264 15)
819 4196 971 4265 attigimus.

377 4285 426 4354 l³²)
446 4286 486 4341 Cf.
505 4305 531 4356 p.
553 4293 603 4340 619
625 4289 705 4341 exta:
729 4279 850 4355 μόνιμον
869 4281 922 4354 γὰρ
937 4281 973 4338 ἂν
992 4277 1027 4352 ἦν
1050 4279 1081 4338 τὸ
1102 4285 1163 4353 φῶς
1183 4278 1214 4338 ἒν
1233 4281 1324 4357 ἕαοτῷ
1344 4287 1417 4356 (lege
1437 4281 1469 4340 ἰν

322 4367 399 4445 αὐτῷ
418 4392 454 4426 sc.
474 4375 511 4447 τῷ
531 4368 605 4444 ἀέρι)
624 4373 704 4444 μέχρι
723 4373 840 4442 πολλοῦ,
860 4366 923 4426 κᾶν
942 4367 1041 4441 ἤρθη.
