3166 5192
579 454 821 520 -565-

121 613 175 680 uui
195 611 328 699 σφόδρα
347 616 498 699 ἰσχυραῖς
517 611 622 679 ἐνίοτε
636 611 959 699 παρεσκευασμέναις
977 607 1042 680 ὑπὸ
1057 617 1115 700 τῆς
1128 613 1269 699 φύσεως.

122 717 205 788 ὅθεν
229 715 308 786 οὐδὲ
336 716 373 786 τὸ
404 721 494 785 ίδιου
521 713 623 805 αὐτῆς
649 711 731 806 αἷμα
757 716 913 786 τοιοῦτόν
937 719 1043 804 ἐστιν,
1072 713 1207 807 οἷόνπερ
1230 717 1267 788 τὸ

120 829 182 893 τοῦ
226 823 365 912 ἥπατος,
406 821 488 892 ἀλλὰ
530 821 598 913 ὅσῳ
639 823 846 912 θερμότερον
887 823 924 893 τὸ
961 824 1154 912 σπλάγχνον
1195 831 1269 911 [τοῦ

121 930 339 1018 σπλάγχνου],
361 929 510 1022 τοσούτῳ
531 928 747 1018 ξανθότερον,
770 927 851 1018 ὅπερ
870 935 960 1000 ίδιον
982 935 1120 1020 αἵματος
1139 934 1269 1020 ξηροτί·

121 1064 199 1125 ρον,
227 1037 380 1124 καθάπερ
406 1039 468 1104 τοῦ
494 1033 679 1124 ῦγροτέρου
706 1035 743 1105 τὸ
778 1037 937 1128 ἐρυθρόν.
990 1047 1117 1128 εἴρηται
1146 1039 1183 1106 δὲ
1210 1039 1293 1108 καλε

120 1142 185 1214 ὑπὸ
211 1144 394 1223 Πλάτωνος
420 1143 482 1230 μὲν
509 1143 546 1211 ἐν
574 1149 700 1234 Τιμαίῳ
726 1144 800 1230 περὶ
828 1148 886 1231 τῆς
914 1149 1020 1214 τάνδε
1047 1149 1116 1212 τῶν
1138 1145 1267 1233 χρωμά-

121 1278 189 1318 των
216 1253 390 1337 γενέσεως,
422 1247 506 1338 άτάρ
539 1241 602 1318 οῦν
628 1249 683 1317 καὶ
714 1247 807 1336 ἡμεῖς
834 1243 935 1331 αὖθις
969 1251 1201 1339 ἐξηγησόμεθα
1232 1279 1268 1321 τε

121 1356 175 1424 καί
199 1353 426 1445 άπεδειξαμεν,
449 1354 494 1437 ὡς
516 1353 651 1443 άληθῶς
673 1365 799 1444 εἴρηται
817 1357 936 1442 πάντα,
959 1357 1161 1446 γεγραφότες
1184 1356 1267 1446 ὑπὲρ

123 1460 235 1531 αὐτῶν
258 1467 328 1553 ίδίη
351 1461 430 1531 καθ’
452 1464 566 1550 ἕτερον
585 1463 697 1548 λόγον.
737 1459 820 1532 άλλδι
844 1467 910 1532 νῦν
932 1490 969 1550 γε
991 1462 1028 1532 τὸ
1048 1470 1268 1552 προκείμενον

122 1566 204 1656 ἡμῖν
226 1577 444 1658 περαίνωμεν.
488 1574 626 1657 αἳματος
652 1566 760 1656 ὑγροῦ
786 1569 848 1657 μὲν
870 1569 932 1658 τὴν
959 1575 1094 1658 κρᾶσιν,
1118 1573 1268 1659 ἐρυθροῦ
1282 1595 1308 1634 ιο

122 1675 159 1742 δὲ
190 1673 253 1762 τὴν
284 1677 390 1764 χρόαν
422 1673 442 1764 ἡ
472 1676 585 1764 πρότη
618 1676 680 1764 μὲν
713 1677 750 1744 ἐν
787 1675 885 1764 ἥπατι
916 1679 1059 1764 γένεσις,
1090 1674 1196 1764 ὀχετοὶ
1229 1679 1266 1746 δὲ

121 1781 326 1870 παράγουτίς
343 1810 377 1852 τε
395 1784 450 1850 καὶ
470 1785 686 1870 διανέμοντες
704 1779 784 1850 αὐτὸ
804 1785 903 1852 παντὶ
926 1787 970 1876 τῷ
990 1781 1116 1870 στόματι
1135 1786 1266 1871 φλέβες·

121 1893 259 1977 αἳματος
282 1891 319 1958 δὲ
342 1893 473 1972 ξανθοῦ
494 1889 548 1960 καὶ
571 1893 702 1977 θερμοῦ
724 1891 779 1958 καὶ
802 1894 1023 1978 λεπτομεροῦς
1045 1891 1099 1960 καί
1122 1917 1267 1980 πυενμα·

121 1996 250 2075 τιόδους
276 1993 296 2084 ἡ
327 1997 389 2084 μὲν
416 1995 529 2084 πράτη
558 1998 687 2082 γένεσις
714 1997 751 2064 ἐν
783 1999 823 2084 τῇ
855 1998 915 2082 της
945 1999 1084 2081 καρδίας
1111 1995 1266 2089 ἀριστερᾷ

119 2109 245 2192 κοιλίᾳ,
273 2103 469 2190 διανέμουσι
493 2101 529 2170 δὲ
552 2103 607 2170 καὶ
634 2101 844 2190 παράγουσιν
871 2107 918 2182 είς
947 2101 1028 2170 ὅλον
1049 2102 1087 2172 τὸ
1120 2108 1204 2196 ζῷον
1226 2105 1306 2178 αλιι

121 2269 281 2278 ——Q
299 2270 325 2276 --.

159 2361 170 2407 1
192 2351 476 2422 παραστευασμίναις
490 2351 526 2407 Μ.
544 2383 574 2392 -
596 2357 611 2406 2
631 2345 704 2406 ὅθεν
722 2345 790 2406 οῦδὲ
806 2347 838 2406 τὸ
858 2371 882 2406 ιι.
898 2371 920 2405 τ.
936 2354 958 2406 λ.
978 2367 1065 2420 usqua
1084 2351 1120 2405 sd
1140 2347 1265 2420 ἐρυθρόν

121 2425 228 2480 (tribas.
244 2423 345 2479 l.1.-
364 2420 465 2492 διόπερ
479 2441 530 2494 pro
545 2417 618 2478 ὅθεν
633 2422 708 2476 Orib.
725 2453 758 2463 —-
778 2429 793 2476 3
813 2415 881 2477 ὅσον
896 2422 970 2477 Orib.
988 2454 1018 2463 —
1040 2422 1089 2476 τοῦ
1105 2419 1264 2492 σπλάγχνου

121 2513 174 2551 om.
200 2495 289 2564 θήν,
313 2495 391 2550 uncis
414 2511 464 2550 uos
488 2494 658 2550 inclusimus.
684 2525 716 2532 -
744 2501 760 2546 4
784 2493 918 2548 τοσοῦτον
937 2493 1012 2549 Orib.
1038 2525 1071 2532 -
1097 2487 1167 2562 ὅπερ
1192 2497 1265 2548 ίδιον

120 2561 491 2692 massuram
506 2559 805 2692 ναίεται
821 2565 912 2690 λε
926 2559 1264 2690 umcros

121 2657 207 2778 adduc
226 2709 261 2762 ad
278 2657 460 2762 ῦῦρτῦιόῦτον
480 2679 550 2778 αἷμα
569 2711 607 2777 (p.
627 2657 687 2774 soii,
709 2709 734 2777 1)
749 2657 830 2760 bris.
849 2707 867 2761 l.
887 2679 940 2772 1ίὲ
960 2714 1002 2762 28.
1023 2657 1053 2746 Β
1075 2655 1194 2777 addatur
1212 2699 1265 2764 οῦν

119 2774 271 2846 ῦγροτίρου
290 2777 343 2849 μὲν
363 2779 438 2834 Orib.
457 2809 492 2818 -
516 2785 547 2832 11
572 2781 636 2848 post
655 2777 764 2848 γένεσις
783 2781 854 2848 spat
875 2796 935 2834 vac.
953 2779 1021 2847 quin
1044 2796 1076 2832 uc
1096 2779 1195 2842 litter.;
1222 2796 1264 2834 sa-

121 2849 216 2918 quitur
229 2848 261 2904 di
278 2845 452 2918 παράγοντες
465 2850 494 2904 in
509 2850 544 2904 M.
562 2882 593 2890 -
616 2857 647 2904 12
662 2869 691 2904 τε
707 2867 760 2904 om.
777 2849 853 2904 Orib.
868 2881 902 2890 -
916 2844 993 2904 αότῦ
1040 2890 1046 2903 .
1062 2880 1094 2890 —-
1116 2857 1148 2905 13
1163 2850 1262 2916 ξανθά

1 2925 2 2930 ’
120 2921 157 2974 Μ.
176 2951 211 2962 ·—
228 2921 340 2990 θερμοῦ
361 2920 436 2976 Orib.
456 2920 558 2976 λεπτοῦ
577 2919 748 2976 ΜΔΒΟλιΚ.
770 2953 802 2960 -

120 3179 238 3242 natura
261 3175 437 3242 institutus.
484 3174 642 3251 Quocirca
664 3195 767 3258 neque
791 3171 942 3257 proprius
966 3170 1035 3234 cius
1059 3172 1192 3258 sanguis
1216 3177 1263 3238 ta·

119 3283 175 3366 lis,
203 3281 309 3367 qualis
337 3281 454 3348 iecoris
483 3286 546 3366 est,
578 3281 633 3346 sed
660 3303 725 3370 quo
757 3279 892 3344 calidius
926 3277 1043 3362 viscus,
1075 3301 1113 3343 co
1140 3279 1264 3363 flavior,

120 3410 216 3472 quam
239 3387 380 3452 colorum
404 3389 551 3454 siccioris
575 3387 757 3472 sauguinis,
781 3387 865 3451 sicut
888 3385 1081 3451 humidioris
1104 3385 1264 3471 ruborem,

121 3494 287 3577 proprium
311 3515 381 3558 csso
405 3497 543 3560 constat
587 3493 636 3559 Dc
664 3494 781 3560 horum
807 3492 938 3577 quidem
961 3491 1106 3559 colorum
1130 3513 1263 3576 gonera-

120 3599 208 3664 tione
232 3600 330 3665 otiam
355 3623 375 3664 a
393 3599 529 3665 Platone
552 3601 586 3664 in
603 3599 738 3664 Timaeo
761 3599 884 3664 dictum
907 3602 970 3684 cst,
993 3620 1053 3664 nos
1077 3621 1154 3665 voro
1177 3598 1263 3664 hunc

119 3704 227 3770 locum
250 3705 462 3789 explanantes
485 3729 559 3772 vere
583 3707 692 3772 omnia
714 3705 802 3770 dicta
825 3727 895 3770 csse
914 3705 1205 3770 demonstrauimus
1228 3707 1263 3772 in

120 3811 185 3876 alio
213 3811 313 3894 libro,
345 3833 440 3896 quem
467 3813 506 3877 dc
533 3811 586 3877 his
619 3813 715 3878 robus
744 3812 922 3897 separatim
951 3813 1149 3896 scripsimus.
1200 3811 1262 3878 sed

118 3941 203 3982 nunc
231 3939 298 3982 rem
327 3918 528 4001 propositum
556 3919 773 3986 absolvamus.
823 3917 997 4004 Sanguinis
1024 3920 1180 4003 temporie
1203 3919 1261 3986 hu·

120 4023 212 4107 midi,
240 4023 347 4090 coloro
375 4025 465 4089 rubri
494 4025 600 4109 prima
627 4026 662 4091 in
693 4027 799 4091 iecora
832 4026 998 4111 generatio
1026 4029 1091 4102 ost3
1124 4027 1263 4111 canales,

119 4131 236 4216 quibus
264 4131 445 4197 traducitur
472 4153 510 4196 ac
541 4154 600 4216 per
629 4136 737 4198 totum
766 4155 882 4216 corpus
910 4132 1129 4216 distribuitur,
1160 4155 1262 4199 uenae

120 4241 208 4323 sunt,
228 4240 264 4302 at
281 4238 450 4324 sanguinis
469 4238 545 4304 flavi
564 4244 597 4303 ct
616 4239 713 4304 calidi
732 4243 765 4304 et
780 4239 889 4304 tenuis
908 4238 1137 4324 spirabilisqua
1155 4240 1262 4324 prima

118 4345 286 4431 generatio
314 4346 349 4410 in
381 4345 512 4411 sinistro
541 4346 646 4411 cordis
677 4347 857 4412 ventriculo
886 4351 948 4428 eat,
975 4367 1071 4430 quem
1099 4347 1262 4414 devehunt

119 4451 370 4536 dispensarique
398 4475 457 4538 per
485 4456 591 4518 totum
619 4453 770 4518 animalis
799 4475 915 4536 corpus
940 4452 1093 4538 arteriae,
1120 4453 1152 4518 id
1175 4455 1260 4540 quod
