3298 5136
636 439 879 502 -211-

179 617 269 664 σεται
292 595 445 684 τὴντῶν
469 594 657 683 ὀφθαλμῶν
687 593 748 664 οὐκ
772 593 947 680 ἐγγύτητα,
976 591 1020 673 ὡς
1043 593 1087 680 μὴ
1112 597 1165 662 καὶ
1188 596 1329 674 τούτους

176 699 241 770 άπὸ
262 704 391 790 ἐκείνης
409 701 518 792 ὥσπερ
538 707 644 789 πηγῆς
666 729 758 781 τινος
777 698 941 788 ἀρύεσθαι
961 699 1066 787 φάναι
1085 699 1148 787 τὴν
1166 710 1328 788 αἴσθησίν

176 834 210 876 τε
233 810 288 876 καὶ
311 815 456 896 κίνησιν,
481 807 551 876 ὅτε
571 808 631 876 τὸν
650 811 834 895 ἐγκέφαλον
854 805 915 874 οὐκ
934 805 1014 876 ἄλλο
1034 835 1064 874 τι
1084 806 1205 896 μόριόν
1224 829 1329 895 φησιν

176 913 283 1002 ἀρχὴν
306 913 392 984 εἶναι
415 919 475 1002 τῆς
496 920 564 984 τῶν
583 912 857 982 άναττνευστιιιῶν
879 941 913 981 τε
933 914 987 981 καὶ
999 926 1206 1000 ’φωνητικών
1229 912 1327 1004 ὀργά-

179 1048 247 1088 νων
279 1022 455 1114 κινήσεως,
495 1023 500 1110 Ι
534 1017 617 1090 ἀλλὰ
651 1023 781 1090 ἐκεῖνον
814 1019 923 1109 ὥσπερ
955 1035 1025 1100 τοῖς
1057 1018 1171 1100 ἄλλοις
1202 1019 1395 1098 tractasse

177 1129 366 1212 ἐξηγεῖσθαι
389 1132 447 1214 τῆς
473 1126 774 1217 κατὰπροαίρεσιν
802 1127 980 1213 κινήσεως,
1009 1125 1095 1195 οὕτω
1125 1128 1180 1195 καὶ
1206 1133 1361 1196 sotadeo

177 1231 259 1322 ἄτερ
284 1224 347 1301 οὖν
371 1235 408 1301 ἐν
430 1251 502 1315 ταῖς
525 1237 598 1324 περὶ
621 1241 679 1321 τῆς
697 1231 894 1316 άποθείξεως
917 1234 1078 1320 μεθόδοις
1101 1233 1328 1322 ἐδιδάχθημεν

177 1339 340 1423 καθόλου,
363 1339 464 1410 ταῦθ’
491 1339 675 1431 εὑρίσκεται
695 1341 776 1409 κατά
801 1343 900 1428 με’ρος
924 1342 976 1408 ἐπὶ
996 1339 1102 1427 πάσης
1125 1339 1206 1428 ὕλης
1224 1366 1327 1430 ιιραγ-

177 1445 291 1532 μάτων
318 1444 540 1534 άληθεάοντα.
590 1449 652 1537 χρὴ
682 1447 746 1536 γὰρ
776 1445 838 1515 οὐκ
865 1445 930 1516 άπὸ
959 1447 1095 1516 πάντων
1126 1451 1194 1515 τῶν
1223 1445 1328 1535 ὑπαρ-

177 1552 306 1638 χόντων
335 1557 380 1645 τῷ
409 1557 614 1647 προκειμένῳ
648 1554 812 1644 πράγματι
845 1553 988 1642 τάληθὲς
1016 1552 1214 1641 λαμβάνειν,
1243 1545 1325 1621 aar&
1343 1581 1380 1620 ιο·

177 1655 240 1726 άπὸ
265 1658 375 1745 μόνον
396 1665 458 1728 τοῦ
487 1663 703 1749 συνημμένου
725 1666 770 1753 spi
794 1661 1011 1748 προβλήματι.
1058 1659 1179 1746 Ζήνων
1208 1659 1244 1728 dt
1272 1659 1326 1726 καὶ

179 1765 371 1850 Χρύσιππος
399 1769 452 1835 καὶ
479 1771 644 1856 Διογένης
672 1773 707 1836 οἵ
733 1796 766 1836 τι
792 1767 885 1835 ἄλλοι
911 1767 1054 1834 Στωϊκοὶ
1083 1762 1147 1832 κάν
1173 1764 1328 1852 μυριάκις
1365 1815 1369 1826 ,

177 1874 229 1940 ἐπὶ
264 1876 309 1964 τῷ
342 1873 430 1965 λόγῳ
462 1881 653 1969 θαρρῶσιν,
689 1873 750 1962 οὐχ
787 1876 920 1956 ἕξουσιν
948 1871 1224 1960 ἀπολογήσασθαι
1252 1873 1326 1960 περὶ

177 1983 245 2046 τῶν
272 1977 517 2069 ἁμαρτημάτων
550 1979 664 2050 αὐτοῦ.
717 1981 754 2050 τὸ
788 1981 852 2069 γάρ
879 2009 930 2049 τοι
962 1981 1122 2068 δεύτερον
1150 1985 1261 2068 λῆμμα
1289 2007 1325 2048 το

176 2084 257 2152 κατὰ
282 2083 387 2154 αὐτὸν
411 2091 441 2154 εἰ
462 2088 525 2175 μὲν
543 2086 687 2174 άιιριβῶς
709 2115 743 2156 τε
767 2087 834 2175 ἅμα
858 2090 911 2155 καὶ
936 2093 1051 2174 σαφῶς
1073 2089 1128 2155 καὶ
1152 2089 1325 2176 ὃιωριομέ-
1342 2114 1367 2153 ιι

176 2219 242 2272 νως
265 2202 388 2281 εἴρητο,
411 2198 479 2262 τῶν
503 2197 538 2262 ἐκ
562 2197 721 2282 δευτέρον
739 2197 859 2280 γένους
882 2197 920 2262 ’ἐν
943 2191 985 2262 dv
1010 2192 1172 2280 ἐφωράθη
1196 2193 1327 2274 πάντας

176 2296 340 2386 ὑπάρχον·
369 2301 436 2368 ἐπεὶ
466 2301 502 2368 dt
526 2301 608 2368 ιιατά
636 2301 672 2368 τὸ
697 2307 754 2387 τῆς
783 2303 898 2382 λέξεως
922 2306 1029 2388 σχῆμα
1057 2301 1326 2390 πεπανουργημέ-

215 2505 226 2549 l
248 2491 409 2582 ὀφθαλμῶν
433 2492 572 2566 ἐγγύτητα
596 2497 675 2551 codd.
700 2498 761 2551 edd.
786 2493 810 2552 d.
835 2493 888 2552 οὐκ
915 2493 1007 2582 ἐγγύα.
1032 2515 1089 2553 nos.
1115 2528 1147 2536 -
1172 2505 1188 2550 5
1208 2491 1325 2550 ἐκείνων

178 2569 206 2621 b.
233 2599 264 2606 ·-
294 2575 309 2621 6
333 2587 387 2622 κον
410 2575 469 2630 τοῖς
492 2571 523 2623 ds
544 2569 564 2621 L
588 2569 637 2622 aot
660 2589 681 2622 τ.
707 2569 772 2622 MA.
793 2601 825 2608 -·
857 2577 888 2624 13
914 2587 1034 2638 ευρωαιν
1056 2567 1188 2623 ABChK
1213 2566 1325 2633 ἕξουσιν

178 2639 244 2704 ain
264 2639 298 2693 cf.
318 2638 402 2693 Proll.
420 2657 448 2708 p.
468 2646 510 2694 26.
531 2671 563 2680 -
586 2645 618 2694 16
636 2633 673 2694 dv
692 2657 745 2694 om.
765 2640 795 2694 L.
815 2673 847 2680 -

177 2838 320 2921 cavebit,
351 2841 388 2902 ut
419 2861 486 2902 non
517 2838 569 2902 vel
599 2839 660 2904 hos
689 2863 708 2904 a
741 2841 835 2904 corde
867 2844 1041 2924 tamquam
1066 2840 1156 2905 fonte
1184 2839 1325 2924 quodam

177 2967 307 3010 sensum
336 2949 368 3008 et
396 2947 522 3009 motum
552 2943 682 3009 haurire
710 2946 811 3030 dicat,
843 2951 876 3010 et
903 2947 958 3030 qui
986 2947 1166 3029 cerebrum,
1193 2969 1259 3011 non
1283 2946 1325 3010 ab

177 3053 243 3116 alia
266 3052 420 3136 quapiam
453 3055 545 3134 parte
569 3051 749 3136 respirandi
780 3057 813 3116 et
839 3053 929 3119 vocis
961 3053 1186 3117 instrumentis
1210 3052 1326 3118 motio-

176 3179 251 3222 nem
276 3158 477 3242 suppeditari
500 3157 594 3242 dicit,
618 3160 673 3223 sed
696 3161 776 3224 illud
797 3161 881 3224 siout
904 3161 1030 3242 ceteris,
1053 3160 1101 3224 ita
1123 3158 1176 3225 his
1199 3181 1325 3244 quoque

177 3269 284 3330 motus
308 3265 485 3330 voluntarii
514 3269 679 3331 auctorem
707 3289 785 3330 esse.
832 3267 921 3342 Quae
948 3267 1050 3352 igitur
1081 3268 1116 3331 in
1142 3266 1325 3351 praeceptis

175 3372 215 3436 de
248 3372 524 3436 demonstratione
560 3374 740 3457 generatim
773 3373 957 3458 didicimus,
995 3397 1033 3438 ea
1065 3373 1259 3458 singillatim
1291 3372 1325 3436 in

175 3499 367 3562 quacunque
391 3501 498 3543 rerum
522 3480 659 3543 materia
683 3501 759 3544 vera
782 3503 852 3544 esse
880 3482 1093 3564 reperiuntur.
1137 3478 1214 3544 Non
1237 3479 1324 3544 enim

176 3586 218 3650 ab
252 3585 416 3667 omnibus,
448 3608 529 3669 quae
562 3586 749 3670 propositae
782 3587 829 3651 rei
861 3588 985 3672 insunt,
1017 3610 1110 3652 veras
1144 3586 1323 3651 sumtiones

176 3697 286 3776 petere
309 3692 400 3774 licet,
428 3693 484 3756 sed
508 3693 549 3756 ab
573 3715 610 3756 eo
634 3695 776 3777 tantum,
804 3694 889 3778 quod
914 3694 973 3776 rei,
1001 3716 1082 3778 quae
1105 3693 1139 3757 in
1162 3693 1324 3778 quaestio-

174 3821 249 3864 nem
273 3799 372 3883 venit,
396 3799 602 3864 coniunctum
627 3805 685 3863 est.
731 3798 776 3863 At
800 3801 885 3865 Zeno
910 3804 942 3863 et
962 3799 1166 3885 Chrysippus
1190 3803 1224 3864 et
1246 3800 1323 3865 Dio·

174 3927 275 3990 genes
303 3907 464 3990 ceterique
493 3904 595 3970 Stoici
625 3905 753 3970 etiamsi
786 3907 905 3970 millies
934 3908 969 3972 in
1002 3908 1128 3972 ratione
1161 3930 1220 3972 sua
1247 3907 1323 3971 fidu-

175 4013 261 4076 ciam
288 4015 425 4096 ponant,
452 4016 563 4076 tamen
590 4035 657 4076 non
684 4010 863 4095 habebunt,
894 4015 979 4098 quod
1008 4014 1048 4078 ad
1076 4036 1200 4080 errores
1224 4015 1258 4078 in
1286 4035 1324 4077 ea

175 4120 367 4183 commissos
396 4118 612 4185 defendendos
641 4119 787 4183 afferant.
839 4117 939 4184 Cuius
967 4121 1097 4205 quidem
1125 4121 1245 4185 sumtio
1275 4141 1323 4183 se·

175 4225 280 4290 cunda
303 4226 332 4289 si
356 4231 481 4310 exacte,
509 4226 536 4290 si
559 4227 671 4310 plane,
703 4226 731 4289 si
755 4225 907 4290 distincte
940 4231 1025 4292 esset
1057 4227 1159 4310 dicta,
1192 4225 1323 4290 secundi

175 4333 304 4417 generis
336 4333 448 4417 utique
481 4354 551 4397 esse
587 4330 889 4418 deprehenderetur,
928 4334 1081 4417 quoniam
1112 4355 1188 4396 vero
1219 4333 1325 4418 figura

175 4439 315 4522 quadam
351 4439 478 4506 dicendi
510 4443 638 4504 versute
675 4440 836 4504 obtectam
870 4439 1119 4525 ambiguitatem
1152 4438 1325 4523 contraxit,

1057 4561 1112 4616 14*
