3166 5192
570 479 814 546 -515—

117 635 259 721 γαστέρα
281 635 509 722 καθηκούσαις
532 637 634 722 φλεψὶ
652 637 707 704 καὶ
729 651 801 716 ταῖς
824 641 870 716 εἰς
892 637 953 706 τὸν
975 637 1146 724 πνεύμονα
1165 666 1261 708 κατα-

117 742 324 828 σχιζομέναις
356 737 539 830 ἀρτηρίαις·
576 741 686 824 ἁπλῶς
722 743 758 810 δὲ
792 741 921 812 ἅπαντα
953 747 1021 812 τῶν
1052 747 1186 832 φλεβῶν
1220 747 1260 814 τὰ

116 847 240 934 πέρατα
259 849 368 934 λέγειν
386 845 488 935 ιἰρχδις
510 845 735 919 άτοπωτατον·
759 848 918 937 οὔτεγὰρ
940 854 998 937 τῆς
1014 855 1141 939 τροφῆς
1159 849 1260 920 ούδδν

116 950 228 1022 αὐτῶν
250 951 333 1043 άρχῆ
357 953 444 1042 πλὴν
466 960 534 1024 τῶν
557 958 742 1045 εἰρημένων
766 954 841 1025 οὔτε
864 960 921 1044 τῆς
944 957 1136 1052 διοικούηης
1159 958 1260 1027 δυνά-

115 1081 213 1146 μεως·
241 1057 328 1128 οὕτω
356 1059 421 1149 γὰρ
449 1060 537 1130 ἅπαν
565 1068 655 1130 ἔσται
683 1062 804 1150 μόριον
831 1060 924 1151 άρχῆ.
979 1069 1010 1132 εἰ
1036 1067 1076 1132 δέ
1099 1093 1173 1150 τινα
1197 1065 1287 1153 μὲν5

116 1162 218 1252 ἀρχὰς
241 1168 354 1253 ἐροῦσι
378 1171 446 1236 των
464 1169 627 1256 περάτων,
649 1169 724 1240 τινὰ
749 1170 784 1238 δὲ
805 1166 866 1238 ode
885 1167 997 1257 ἀρχάς,
1019 1167 1261 1241 ἀναπόδεικτον

115 1269 281 1340 ὑπόθεσιν
308 1273 484 1362 θήσονται.
531 1282 566 1344 τί
590 1273 654 1363 γὰρ
686 1281 813 1364 μᾶλλον
840 1275 919 1344 τάδε
945 1280 1051 1344 τῶνδε
1084 1279 1260 1365 νομιστέον

116 1375 229 1466 άρχάς,
252 1373 327 1447 οἷον
349 1377 388 1446 τά
412 1379 493 1447 κατὰ
518 1381 701 1469 ἐγκέφαλον
722 1387 791 1452 τῶν
813 1382 894 1450 κατὰ
913 1383 1085 1470 πνεύμονα
1108 1385 1163 1452 καὶ
1185 1384 1261 1453 τού-

115 1509 183 1550 των
205 1482 245 1552 τδι
268 1485 350 1553 κατὰ
373 1486 410 1554 τὸ
435 1477 523 1574 ῆπαρ
545 1482 566 1575 ῆ
588 1489 649 1557 τὸν
671 1493 801 1576 σπλῆνα
824 1486 987 1558 κάκείνων
1009 1490 1049 1559 τὰ
1073 1489 1155 1559 κατὰ
1179 1489 1260 1559 ἄλλο

115 1616 146 1657 τι
178 1590 299 1677 μόριον
330 1589 350 1680 ῆ
383 1593 589 1681 σπλάγχνον;
622 1594 685 1682 ἐγὼ
718 1601 839 1664 τοῦτον
871 1595 931 1665 τὸν
962 1596 1065 1684 λόγον
1094 1595 1173 1666 οὐδὲ
1206 1595 1260 1666 ὅτε
1276 1615 1300 1657 ¹⁰

115 1695 288 1783 μειράκιον
320 1692 361 1766 ὂν
392 1697 520 1787 ῆκουσα
552 1701 641 1787 παρὰ
677 1706 738 1771 τοῦ
771 1704 976 1772 διδασκάλου
1009 1706 1161 1784 Πέλοπος
1188 1693 1259 1772 ’ἐπι-

116 1803 288 1873 δεικνύναι
312 1807 519 1893 πειρωμένου
541 1805 602 1876 τὸν
630 1810 814 1896 ἐγκέφαλον
841 1808 1089 1880 ἁπάντωντῶν
1116 1807 1260 1896 ἀγγείων

114 1905 221 1997 άρχῆν
258 1909 333 1980 οὔτε
371 1914 408 1980 ἐν
440 1919 484 2006 τῷ
521 1919 720 2004 παραχρῆμα
750 1917 970 2006 προσηκάμην
1005 1913 1084 1986 οὔδ’
1118 1914 1260 2003 ὕστερον

115 2013 402 2106 άνασκεπτόμενος
430 2019 582 2110 ἐπῄνεσα.
631 2020 671 2090 τὰ
704 2023 739 2090 δὲ
767 2019 831 2092 άπὸ
861 2027 918 2112 τῆς
949 2027 1094 2111 κεφαλῆς
1120 2023 1260 2109 καταφέ-

116 2131 233 2206 ρεσθαι
257 2123 418 2211 λεγόμενα
445 2127 583 2214 τέτταρα
611 2127 707 2215 ζεύγη
735 2134 869 2216 φλεβῶν
896 2132 1125 2217 ἐμβεβλῆσθαί
1143 2130 1181 2196 τε’
1200 2155 1258 2216 μοι
1274 2150 1299 2190 1⁵

116 2230 210 2294 δοκεῖ
236 2227 241 2316 Ι
269 2243 339 2308 τοῖς
370 2231 648 2320 ἐπιγραφομένοις
670 2231 907 2322 Ἱπποκράτους
938 2235 1170 2322 συγγράμμασι
1203 2235 1326 2309 καὶὸἓῧ

120 2395 221 2402 --.-,--
235 2397 329 2404 --.

151 2491 275 2560 toireio
298 2515 348 2568 pro
367 2493 457 2568 ἀρχάς
475 2499 547 2566 ΜΑ;
571 2501 605 2556 cf.
625 2501 710 2558 Proll.
733 2522 760 2574 p.
780 2509 822 2558 ³9.
848 2535 878 2544 -
906 2509 938 2560 1³
956 2497 1034 2573 παρὰ
1054 2503 1146 2574 χρῆμα
1165 2502 1202 2557 Μ.
1226 2533 1259 2542 -

115 2773 202 2852 nent,
225 2773 258 2834 et
277 2770 425 2854 arteriae,
449 2771 584 2856 quaein
606 2773 775 2857 pulmones
794 2773 1030 2860 diffimduntu13
1054 2776 1089 2838 at
1111 2771 1260 2838 absolute

115 2897 226 2940 omnes
250 2897 404 2942 venarum
430 2878 651 2943 extremitates
671 2879 832 2964 principia
851 2902 968 2946 vocare
988 2879 1260 2946 absurdissimum

115 2985 173 3066 eat,
196 2983 316 3068 quippe
336 3007 408 3048 cum
431 3006 535 3069 neque
554 2985 701 3051 alimenti
724 3007 826 3071 neque
850 2986 1069 3072 dispensantis
1093 2984 1260 3051 facultatis

116 3090 204 3155 aliud
223 3090 391 3175 quidpiam
409 3092 473 3156 nisi
493 3091 537 3174 id,
560 3091 645 3177 quod
664 3093 814 3176 diximus,
837 3115 908 3158 esse
926 3092 1122 3178 principium
1141 3091 1260 3177 possit,

114 3202 149 3263 at
172 3197 236 3263 isto
259 3198 356 3264 modo
380 3197 544 3282 quaelibet
561 3221 638 3282 pars
661 3199 857 3284 principium
881 3201 950 3265 erit.
987 3198 1110 3277 Quodsi
1133 3198 1260 3281 aliquas

115 3304 337 3370 extremitates
364 3323 434 3369 esse
462 3303 638 3390 principia,
670 3305 796 3390 aliquas
817 3328 883 3372 non
906 3329 976 3372 esse
1005 3305 1158 3387 dixerint,
1186 3325 1259 3388 pro·

114 3409 311 3492 positionem
343 3413 489 3476 statuent
525 3411 616 3476 nulla
651 3411 928 3478 demonstratione
960 3412 1142 3495 probatam.
1198 3407 1261 3484 Qui

115 3515 201 3579 enim
225 3517 330 3601 magis
348 3516 430 3582 haec
449 3539 546 3602 quam
565 3519 623 3584 illa
644 3519 807 3603 principia
830 3521 905 3582 sunt
925 3517 1149 3599 existimanda,
1172 3513 1261 3579 velut

116 3621 251 3703 quaein
271 3621 403 3688 cerebro
423 3623 529 3708 magis
549 3645 646 3708 quam
664 3647 746 3709 quac
765 3623 799 3689 in
817 3624 979 3708 pulmone,
1002 3613 1084 3706 quae
1104 3620 1261 3686 iniecere

115 3725 167 3790 vel
189 3726 275 3792 liene
298 3750 394 3813 quam
418 3751 500 3813 quae
528 3729 562 3794 in
589 3729 755 3814 pulmone,
784 3751 928 3814 quaeque
956 3729 990 3794 in
1018 3727 1084 3792 alia
1106 3726 1260 3812 quapiam

115 3837 207 3917 parte
240 3837 298 3899 aut
329 3835 451 3900 viscere
484 3857 580 3920 quam
613 3858 695 3921 quae
728 3837 762 3900 in
794 3835 898 3900 iecore
931 3835 982 3900 vel
1009 3833 1117 3899 liene?
1166 3831 1259 3896 Hanc

115 3940 262 4024 equidem
286 3941 446 4008 rationem
473 3962 513 4005 ne
541 3943 611 4006 tum
634 3941 777 4028 quidem,
805 3963 877 4006 cum
907 3963 923 4005 e
946 3939 1080 4025 Pelope,
1108 3958 1260 4024 praecep·

114 4049 184 4112 tore
208 4069 294 4131 meo,
318 4047 372 4133 qui
395 4048 532 4133 probare
561 4069 713 4114 vasorum
737 4047 882 4114 omnium
905 4048 1065 4132 originem
1093 4045 1260 4140 cerebrum

116 4175 186 4218 esse
210 4153 403 4238 conabatur,
426 4153 686 4220 adulescentulus
710 4155 868 4237 audirem,
895 4154 984 4219 illico
1014 4152 1130 4216 admisi
1157 4169 1260 4234 neque

117 4263 231 4343 postea
253 4281 289 4324 re
308 4260 413 4327 denuo
435 4261 600 4346 pensitato
622 4261 767 4346 probavi.
803 4259 889 4325 Nam
913 4281 994 4345 quae
1014 4283 1033 4323 a
1052 4257 1158 4341 capite
1181 4255 1261 4320 ferri

115 4363 266 4431 dicuntur
295 4371 435 4452 quatuor
462 4389 617 4432 venarum
640 4366 747 4452 paria,
774 4367 896 4430 inserta
923 4367 958 4430 in
986 4365 1152 4448 operibus,
1180 4385 1261 4448 quae

115 4469 325 4556 Hippocratis
350 4473 488 4548 ‚nomine
520 4472 755 4556 inscribuntur,
792 4475 825 4536 et
856 4470 1030 4536 manifesto
1062 4469 1261 4554 interpolata

994 4573 1049 4630 ³³·
