3300 5146
619 369 860 440 -273-

251 531 321 598 ’καὶ
343 527 510 617 μανθάνω
534 531 613 616 μέν,
636 524 691 597 ola
715 534 801 617 δρᾶν
824 531 931 617 μέλλω
954 527 1050 613 κακά,

249 636 376 726 ‘oopus
398 635 435 704 δέ
458 642 617 723 κρείττων
639 639 708 705 τῶν
731 638 820 724 έμεῦν
843 635 1103 723 βουλευμάτων.’

159 744 327 832 μανθάνει
356 743 418 832 μέν
446 744 555 831 δήπου
582 742 620 812 τὸ
649 745 792 831 μέγεθος
819 735 868 811 ὧν
895 745 1004 831 μέλλει
1033 742 1170 831 δράσειν
1198 745 1309 810 κακοῦν

159 850 224 921 ὑπὸ
258 853 319 920 τοῦ
351 855 515 939 λογισμοῦ
543 851 784 938 διδασκομένη,
816 857 988 938 κρείττονα
1022 849 1058 918 δέ
1091 848 1181 918 εἶναί
1204 869 1309 936 φησιν

160 957 265 1028 αὐτοῦ
287 957 347 1028 τὸν
369 957 485 1048 θυμὸν
511 959 565 1026 καί
595 957 651 1026 διὰ
672 953 772 1026 τοῦθ’
801 954 867 1026 ῦπδ
896 959 1026 1028 ἐκείνου
1052 955 1137 1046 πρὸς
1162 951 1334 1043 ποῦργονο

159 1063 348 1152 ἀπάγεσθαι
375 1071 493 1153 βιαίως
521 1071 662 1155 ἔμπαλιν
682 1061 834 1132 Ὀδυσσεῖ
858 1067 903 1156 τῷ
932 1067 1079 1156 λογισμῷ
1106 1063 1168 1132 τὸν
1194 1062 1311 1151 θυμὸν

161 1171 338 1260 ἐπισχόντι.
387 1171 570 1260 βαρβάρων
602 1171 664 1260 μὲν
690 1170 755 1260 γάρ
791 1171 845 1239 καί
874 1169 1084 1240 ἀπαιδεύτων
1116 1167 1311 1259 ἀνθρώπων

160 1285 257 1348 ἔθετο
294 1278 503 1367 παράδειγμα
539 1279 602 1367 τήν
636 1278 794 1366 Μήδειαν
827 1272 1027 1365 Εὐριπίδης,
1065 1273 1117 1358 οἷς
1148 1275 1166 1346 ὁ
1199 1275 1310 1365 θυμὸς

162 1385 375 1474 ἰσχυρότερος
400 1389 463 1453 τοῦ
485 1389 661 1473 λογισμοῦ·
684 1382 856 1473 Ἑλλήνων
884 1383 920 1452 δὲ
948 1386 1003 1452 καλ
1025 1385 1310 1475 πεπαιδευμένων,

161 1489 298 1581 οἷόνπερ
321 1485 365 1561 αὖ
388 1491 489 1560 πάλιν
512 1489 530 1560 δ
554 1491 693 1580 ποιητής
715 1489 858 1560 ὑπέθετο
881 1489 941 1560 τὸν
961 1488 1130 1578 Ὀδυσσέα,
1152 1498 1310 1579 κρείττων
1325 1513 1350 1551 1⁰

161 1597 178 1668 ὁ
207 1598 366 1688 λογισμὸς
391 1603 454 1668 τοῦ
484 1603 609 1687 θυμοῦ.
660 1598 818 1679 πολλάκις
844 1597 906 1686 μὲν
934 1590 998 1668 οῦν
1030 1596 1048 1667 ὁ
1077 1598 1236 1689 λογισμὸς
1264 1603 1311 1679 είς

161 1711 301 1775 τοσοῦτο
328 1709 391 1774 τοῦ
417 1709 622 1796 θυμοειδοῦς
649 1708 772 1795 μέρους
803 1710 861 1793 τής
888 1710 995 1794 ψυχῆς
1021 1711 1180 1796 κρείττων
1209 1708 1310 1790 ἐστίν,

162 1812 206 1894 ῦς
232 1815 395 1902 μηδέποτε
426 1812 537 1902 μάχην
569 1811 682 1893 αὖτοῑς
712 1820 868 1900 γίνεσθαι
899 1812 982 1903 πρὸς
1015 1811 1194 1903 ἀλλήλους,
1225 1810 1309 1882 ἀλλά

160 1920 222 1989 τὸν
252 1920 314 2008 μὲν
342 1919 472 2009 ἀρχειυ,
504 1919 565 1991 τὸν
596 1920 633 1990 δέ
657 1919 836 2009 ἄρχεσθαι,
868 1921 922 1989 καὶ
950 1925 1049 1991 τοῦτο
1077 1919 1140 2009 μέν
1165 1935 1236 2000 τοῖς
1263 1924 1311 2000 είς

160 2029 253 2107 τέλος
275 2025 394 2114 ἥκουσι
417 2032 620 2114 φιλοσοφίας
646 2025 798 2115 ὑπάρχει·
822 2027 980 2109 πολλάκις
1008 2028 1044 2096 δὲ
1073 2025 1090 2096 ὁ
1114 2025 1226 2116 θυμὸς
1247 2030 1309 2095 τοῦ
1324 2051 1349 2089 1⁵

161 2137 324 2221 λογισμοῦ
346 2149 461 2221 κρατεῖ
486 2136 665 2220 τοσοῦτον,
693 2131 762 2224 ὦςΙ
790 2132 905 2221 ἀρχειν
931 2161 965 2204 τε
992 2135 1048 2203 καὶ
1071 2133 1226 2222 ἡγεῖσθαι
1251 2132 1307 2201 διά
1317 2153 1375 2208 808

160 2240 300 2325 παντός,
327 2238 445 2329 δρᾶται
469 2240 506 2309 δὲ
536 2246 574 2309 έν
595 2267 630 2310 τε
652 2253 723 2322 τοῖς
744 2249 881 2323 πολλοῖς
907 2244 975 2310 νῦν
1001 2240 1182 2338 βαρβάρων
1208 2244 1308 2310 τοῦτο

199 2473 213 2522 1
238 2466 304 2520 Eur.
323 2467 396 2522 Mod.
416 2487 461 2524 vr.
482 2474 558 2524 1078.
580 2473 647 2522 1079
671 2461 858 2538 μανθάνομεν
876 2467 913 2522 Μ.
933 2498 966 2507 -
990 2473 1006 2521 3
1026 2462 1119 2537 δήπου
1137 2459 1170 2522 τδ
1194 2466 1308 2521 LMAB

161 2532 197 2605 δή
216 2531 271 2592 ποῦ
297 2558 324 2592 τι
347 2533 378 2591 τδ
404 2539 487 2607 chlo
517 2540 552 2595 cl.
570 2537 654 2594 Proll.
683 2557 710 2608 p.
736 2544 779 2594 58.
803 2570 835 2579 -
865 2547 881 2593 4
905 2537 975 2608 φησὶ
998 2539 1050 2593 AB
1078 2557 1147 2609 φησι
1171 2537 1250 2594 chK.
1276 2569 1308 2577 —

162 2603 236 2670 θὼς
248 2625 300 2679 pro
315 2606 356 2671 ολς
370 2609 401 2665 Ιι.
417 2644 450 2652 -
471 2618 502 2666 11
519 2609 561 2673 είς
573 2608 657 2666 τοῦτο
671 2611 701 2664 Ιι.
718 2641 750 2650 -
772 2617 804 2665 13
819 2605 912 2680 μάχην
927 2604 1069 2678 adrieli.
1086 2641 1119 2650 -
1140 2617 1172 2665 16
1188 2611 1309 2664 διαπαν-

161 2674 209 2742 τδς
219 2680 249 2734 L.
261 2713 292 2720 —
308 2687 338 2736 l'l
350 2675 382 2735 έν
396 2690 454 2746 τοῖς
468 2683 610 2745 πολλοίςΙι
626 2677 657 2735 ἔν
672 2701 700 2736 τε
711 2684 823 2744 πολλοῖς
836 2680 999 2736 MABchK
1010 2679 1041 2736 έν
1053 2701 1082 2737 τε
1095 2685 1153 2744 τοῖς
1166 2699 1195 2737 π.
1206 2698 1264 2737 nos.
1276 2711 1308 2720 -

298 2889 491 2976 ὀομιιοεοο,
515 2914 611 2977 quam
634 2891 775 2956 nefanda
796 2913 882 2957 nunc
904 2895 1033 2976 patrem
1056 2891 1154 2976 mala,

296 2997 352 3062 sed
375 2999 424 3063 ira
448 2997 586 3064 consilio
610 3001 660 3062 est
681 2999 847 3083 potentior
870 2996 963 3064 meo?

163 3101 341 3190 Cognoscit
381 3105 536 3170 nimirum
575 3127 594 3169 a
637 3105 762 3171 ralione
800 3104 915 3170 edocta
956 3105 1101 3189 sceleris,
1142 3104 1227 3189 quod
1265 3105 1309 3169 sil

162 3209 300 3292 factura,
327 3212 580 3300 immanilatem,
603 3212 660 3276 sed
686 3212 903 3295 poleniiorem
933 3211 992 3276 illa
1013 3211 1215 3277 iracundiam
1239 3233 1310 3277 esse

163 3319 210 3383 aii
224 3317 360 3403 ideoque
379 3341 413 3382 se
428 3318 587 3384 violenter
601 3317 641 3382 ad
655 3318 782 3383 facinus
797 3318 931 3403 impelli,
945 3321 1059 3383 contra
1078 3321 1174 3403 atque
1188 3317 1310 3404 Ulixes,

162 3425 219 3509 qui
241 3425 442 3491 iracundiam
465 3426 591 3491 ratione
615 3425 770 3490 cohibuit„
805 3424 1026 3491 Barbaromm
1045 3425 1131 3490 enim
1150 3429 1184 3490 et
1205 3425 1309 3491 ineru-

163 3531 305 3598 ditorum
335 3532 504 3598 hominum
536 3533 719 3616 exemplum
751 3531 924 3616 proposuit
951 3531 1098 3597 Medeam
1128 3531 1311 3618 Euripides,

162 3638 197 3703 in
220 3640 336 3723 quibus
359 3640 477 3705 fortior
504 3641 630 3706 ratione
657 3639 826 3706 iracundia
848 3642 945 3724 esset3
976 3637 1173 3705 Graecorum
1197 3646 1311 3706 contra

164 3748 196 3810 el
214 3746 423 3830 eruditorum,
445 3747 501 3830 qui
518 3746 680 3813 rationem
699 3747 748 3811 ira
767 3747 967 3831 superiorem
989 3746 1157 3832 heberent,
1180 3747 1310 3814 Ulixem

162 3851 325 3917 Homerus
344 3853 445 3918 finxit
479 3851 716 3938 Saepenumero
737 3857 846 3919 aulem
864 3853 950 3918 ratio
973 3853 1007 3918 in
1027 3853 1154 3918 animae
1173 3857 1310 3938 parbem,

163 3959 197 4023 in
221 3982 284 4044 qua
301 3960 469 4026 iracundia
487 3964 644 4044 versatur,
666 3962 795 4025 lanium
814 3959 987 4044 imperium
1006 3965 1142 4044 exercet,
1164 3959 1310 4026 utnulla

163 4087 305 4149 unquam
329 4066 414 4131 inter
437 4090 490 4133 eas
519 4067 791 4154 pugnantiam,
821 4066 876 4130 sed
900 4068 1004 4132 altera
1027 4067 1179 4152 imperet,
1207 4068 1310 4132 altera

163 4173 250 4238 dicto
274 4174 408 4239 audiens
432 4175 485 4258 sic,
508 4175 593 4259 quod
616 4173 657 4238 iis
682 4173 852 4258 contingit,
875 4173 930 4258 qui
955 4175 995 4238 ad
1019 4196 1181 4239 summum
1205 4173 1309 4258 philo-

163 4279 298 4364 sophiae
312 4280 483 4366 fastigium
497 4285 724 4366 pervenerunt3
745 4279 873 4364 saepius
888 4280 988 4345 etiam
1002 4280 1171 4346 iracundia
1184 4281 1310 4346 ratione

163 4386 243 4452 adeo
268 4387 416 4470 superior
436 4393 494 4472 est,
518 4392 556 4452 ut
576 4387 650 4471 ipsa
673 4387 744 4452 sola
761 4381 922 4471 perpetuo
942 4391 1057 4474 regnet
1074 4387 1310 4472 imperiumque

218 4500 301 4544 Geloni
314 4501 342 4544 do
356 4501 418 4544 Flac.
432 4501 491 4544 Plan.
505 4505 528 4542 et
542 4501 651 4551 Hippocr.
665 4501 724 4542 libri
1064 4497 1097 4547 18
