3264 5136
734 371 973 446 '-44-

290 535 382 628 ἁφὴν
403 564 463 627 pro
486 537 622 608 λάθειευ
645 539 689 628 (p.
716 539 806 627 192),
832 535 976 626 ἀκριβῶς
999 536 1161 606 διδάσκον
1183 562 1244 624 pro
1267 537 1444 606 διδάσκων

289 647 335 734 (p.
366 646 459 736 198),
489 649 545 714 sed
578 649 660 714 alias
691 650 806 714 etiam:
836 672 867 732 p.
897 649 963 714 204
991 651 1066 712 ante
1094 648 1175 712 med.
1202 645 1309 712 τένων
1337 647 1444 732 πέρας

290 753 357 821 ἐστὶ
380 753 572 841 νευρώδους
594 753 679 841 μυός
700 757 734 820 in
758 755 923 838 νευρῶδες
945 751 1042 838 μυός,
1065 778 1096 838 p.
1122 755 1184 819 198
1209 755 1269 820 sub
1293 757 1346 820 fin.
1368 767 1444 832 τοῖς

289 859 384 940 έντὸς
409 864 471 928 τοῦ
497 863 608 949 μηροῦ
634 857 870 948 παρατάττεται
899 861 931 925 in
955 859 1189 944 παρατέταται,
1219 883 1249 946 p.
1273 863 1338 927 202
1361 869 1443 946 post

289 969 331 1034 im
365 965 552 1045 διαστάσεις
582 970 618 1034 in
650 963 825 1050 διαφύσεις
857 965 904 1052 (in
938 971 1118 1032 erratorum
1151 967 1256 1032 indice
1288 991 1318 1052 p.
1348 969 1442 1053 354),

289 1099 320 1160 p.
343 1077 409 1140 200
432 1076 492 1140 sub
512 1077 564 1140 fin.
584 1069 630 1151 ώς
646 1069 683 1138 τὸ
708 1067 819 1150 άτιλώς
837 1097 873 1156 γε
889 1074 988 1139 τοῦτο
1008 1075 1112 1138 εἰπεῖν
1131 1075 1165 1138 1ο
1188 1067 1231 1137 οὐ
1252 1070 1289 1140 τὸ
1313 1099 1342 1140 κ.
1364 1101 1391 1141 τ.
1409 1082 1442 1142 λ.

289 1183 438 1247 mutavit.
473 1181 564 1246 Idem
585 1181 709 1266 passim
728 1203 824 1245 voces
848 1179 987 1262 addidit,
1009 1202 1089 1264 quas
1113 1180 1267 1246 librarius
1287 1183 1440 1248 omisisse

289 1290 472 1354 videbatur:
505 1312 535 1374 p.
567 1288 628 1353 199
657 1290 733 1372 post
764 1287 806 1351 in.
837 1285 862 1351 C
896 1286 1053 1370 seriptum
1086 1287 1186 1352 habet
1213 1279 1288 1352 οἷον
1315 1287 1351 1352 έκ
1378 1291 1442 1374 γῆς

288 1420 380 1473 τινος
408 1394 493 1481 (lege
522 1394 568 1482 τι)
597 1393 746 1478 πρέμνον
775 1388 957 1476 λεγόμενον
986 1394 1054 1456 ἔστι
1083 1390 1135 1474 δέ,
1166 1391 1265 1459 Oaius
1292 1397 1441 1462 restituit

289 1501 474 1588 ἐλέγομεν
497 1498 680 1586 φύεσθαι.
726 1501 793 1563 ἔστι
812 1497 864 1574 δίς
888 1520 918 1581 p.
938 1499 1001 1563 201
1023 1499 1105 1564 med.
1129 1500 1214 1564 inter
1237 1496 1324 1566 οὕτω
1344 1526 1380 1585 γε
1405 1509 1442 1568 et

288 1605 346 1686 τδις
367 1621 478 1694 χεῖρας
500 1607 637 1674 inseruit
658 1609 731 1686 καί,
760 1628 789 1688 p.
813 1605 879 1670 200
903 1605 962 1668 sub
986 1607 1039 1670 fin.
1063 1601 1253 1672 intortam
1276 1612 1310 1673 et
1333 1607 1370 1674 έν
1390 1611 1439 1698 τῷ

287 1719 386 1803 τρίτῳ
408 1714 591 1780 Pronomen
617 1707 652 1792 ὅ,
679 1736 709 1798 p.
735 1712 797 1776 197
826 1715 905 1774 extr.
933 1711 1019 1776 inter
1047 1708 1111 1797 ἤδη
1139 1717 1172 1777 et
1197 1712 1324 1798 μεγάλα
1353 1715 1438 1801 μέρη

288 1821 568 1905 Praepositionem
587 1821 650 1895 είς.
686 1817 760 1884 Uno
778 1817 851 1881 loco
874 1817 970 1880 aliter
993 1819 1166 1884 collocavit
1185 1821 1297 1886 verba:
1320 1845 1351 1906 p.
1374 1825 1436 1887 188

289 1932 364 2012 post
386 1928 429 1992 in.
452 1928 486 1992 in
510 1924 713 2010 Cscriptum
736 1927 786 1988 eet
807 1919 848 1988 τὰ
866 1919 929 2007 μὲν
952 1923 985 2002 έξ
1005 1921 1189 2008 ἐγκεφάλου
1212 1927 1280 1992 τών
1305 1925 1437 2014 νεύρων

288 2030 445 2119 ἄντικρυς
467 2028 687 2116 ἐκπεφυκότα,
711 2028 809 2094 Caius
827 2029 957 2094 inverso
977 2031 1089 2096 ordine
1108 2032 1208 2097 edidit
1226 2028 1266 2098 τὰ
1284 2031 1347 2119 μὲν
1369 2037 1438 2102 τῶν

290 2137 420 2226 νεύρων
443 2138 476 2218 ἐξ
499 2135 684 2223 ἐγκεφάλου
706 2161 735 2202 κ.
756 2161 784 2202 τ.
806 2141 834 2201 λ.
880 2135 1001 2212 Quodsi
1025 2140 1059 2203 in
1082 2137 1135 2202 hia
1154 2139 1437 2208 emendationibus

289 2247 518 2332 acquievisset,
536 2246 631 2311 laude
651 2245 767 2330 dignus
787 2247 885 2328 esset,
904 2244 989 2328 φοοδ
1007 2245 1120 2328 paucis
1137 2245 1217 2327 illis,
1233 2269 1317 2330 quae
1337 2269 1438 2332 supra

288 2354 628 2437 commemoravimus,
651 2351 776 2417 mendis
799 2351 942 2435 exceptis
965 2354 1090 2415 textum
1109 2351 1330 2434 compluribus
1354 2355 1437 2420 loeis

289 2484 309 2526 a
337 2461 458 2526 vitiose
488 2460 608 2526 codicis
638 2458 800 2542 scriptura
830 2462 1015 2544 purgasset,
1044 2479 1130 2522 nune
1154 2461 1263 2522 autom
1292 2459 1320 2524 ei
1349 2461 1436 2526 idem

288 2569 419 2651 accidit,
447 2567 532 2650 quod
556 2566 672 2630 ceteris
695 2564 886 2646 editoribus,
909 2569 946 2629 ut
968 2563 1073 2628 multa
1095 2567 1249 2646 tentaret,
1272 2587 1354 2649 quae
1378 2571 1437 2632 aut

287 2697 352 2739 non
375 2673 531 2738 tentanda
554 2673 611 2734 aut
634 2671 729 2734 aliter
752 2674 837 2734 certe
861 2670 1031 2735 tractanda
1053 2673 1153 2734 erant.
1201 2669 1236 2734 P.
1261 2671 1327 2736 200
1354 2679 1436 2738 extr.

288 2777 381 2843 Csie
404 2779 562 2860 scriptum
579 2774 694 2840 habet:
718 2773 756 2838 ἐν
776 2775 821 2839 τώ
844 2778 944 2858 τρίτω
967 2774 1042 2862 περὶ
1060 2776 1136 2841 τών
1154 2775 1196 2841 έν
1218 2788 1301 2853 τοῖς
1324 2774 1437 2856 ζώοις

288 2887 434 2968 ἔγραψεν
456 2880 514 2968 (sc.
534 2876 785 2965 Ἀριστοτέλης),
813 2879 925 2946 Caius:
949 2881 986 2946 έν
1009 2883 1053 2970 τῷ
1076 2885 1174 2969 τρίτῳ
1197 2879 1271 2967 περὶ
1294 2885 1370 2948 τών
1393 2883 1437 2950 έν

288 3002 371 3067 τοίς
394 2984 505 3067 ζώοις
528 2989 679 3073 μορίων
702 2985 741 3066 έ.,
767 3010 832 3052 non
857 2990 938 3054 satis
962 2989 1132 3054 attendens
1155 2988 1196 3053 ad
1219 3011 1271 3072 ea,
1293 3013 1376 3074 quae
1400 2992 1435 3058 in

286 3098 322 3162 in
354 3096 501 3182 margine
534 3117 554 3159 a
584 3094 720 3160 librario
747 3094 866 3159 codicis
895 3095 1022 3160 adiecta
1049 3099 1137 3159 sunt:
1165 3088 1207 3160 ού
1233 3094 1307 3178 περὶ
1341 3093 1435 3175 ζώων

288 3205 435 3288 ἱστορίας
466 3195 545 3266 οὐδὲ
578 3197 651 3286 περὶ
683 3196 870 3284 γεννήσεως
901 3199 986 3286 (lege
1019 3199 1206 3284 γενέσεως),
1235 3194 1318 3266 ἀλλὰ
1346 3201 1434 3286 περί

288 3305 393 3388 ζώων
415 3309 580 3394 μορίων,
607 3307 692 3391 φοοδ
716 3307 744 3372 si
771 3306 916 3390 iecisset,
943 3307 1122 3390 scripturus
1146 3310 1216 3370 erat
1242 3305 1316 3390 περὶ
1341 3303 1434 3395 ζώων

286 3419 430 3501 μορίωνς
452 3437 530 3480 nam
552 3414 622 3498 ipse
647 3413 788 3478 Galenus
811 3413 874 3479 hac
896 3414 1000 3478 utitur
1018 3412 1243 3495 inscriptione:
1273 3411 1362 3492 Quoad
1381 3435 1433 3480 on.

287 3543 362 3586 νων.
395 3543 476 3604 corp.
508 3527 527 3586 t.
560 3541 583 3584 ε.
616 3518 688 3584 Vol.
724 3517 785 3603 IV,
819 3520 896 3604 191,
928 3521 962 3584 9:
1000 3506 1098 3594 οὗτος
1134 3511 1166 3602 (ὁ
1196 3511 1434 3604 Ἀριστοτέλης)

287 3624 368 3692 κατὰ
391 3626 453 3712 μέν
476 3651 511 3710 γε
535 3621 572 3689 τὸ
598 3620 756 3708 δεύτερον
781 3619 844 3706 [τὸΙ
868 3621 956 3709 περὶ
980 3620 1084 3712 ζώων
1107 3625 1259 3708 μορίων
1278 3625 1435 3706 ἔγραφεν,

286 3735 325 3799 δε
348 3733 449 3798 Metti.
468 3732 562 3796 Ther.
583 3731 655 3796 Vol.
673 3731 716 3814 X,
740 3731 796 3815 20,
820 3733 854 3796 8:
876 3726 913 3796 τὸ
937 3731 1069 3814 πρῶτον
1091 3727 1165 3812 περὶ
1188 3731 1318 3813 μορίων
1341 3727 1435 3820 ζώων

283 3835 528 3926 Ἀριστοτέλους
554 3829 745 3919 ἀναγνόντι.
795 3837 909 3920 ltaque
941 3859 1006 3901 non
1038 3836 1172 3900 dubium
1200 3841 1263 3918 est,
1295 3837 1373 3922 quin
1401 3845 1434 3904 et

285 3951 398 4013 nostro
422 3944 494 4008 loco
517 3947 551 4006 et
577 3964 607 4026 p.
631 3943 695 4006 673
720 3942 800 4006 med.
824 3941 903 4008 illud
933 3940 1061 4018 ἐντοῖς
1089 3937 1183 4030 ζώοις
1209 3965 1228 4006 a
1252 3949 1433 4008 correctore

285 4053 426 4138 quodam
458 4049 640 4134 profectum
673 4048 730 4131 sit,
767 4049 852 4132 φοοδ
885 4073 923 4115 eo
959 4050 1064 4132 magis
1094 4048 1264 4132 probabile
1296 4049 1434 4134 videtur,

286 4183 359 4226 eum
383 4163 416 4223 et
438 4179 476 4220 ex
500 4178 538 4220 eo
561 4154 647 4238 loeo,
673 4153 711 4218 de
735 4176 799 4238 quo
823 4155 1022 4238 quaerimus,
1049 4159 1082 4218 et
1105 4177 1121 4218 e
1145 4178 1175 4239 p.
1199 4155 1264 4220 203
1291 4159 1368 4238 post
1389 4155 1433 4220 in.

286 4259 474 4350 ἀναμνῆσαι
493 4255 555 4347 χρὴ
573 4257 683 4346 μόνον
705 4249 754 4326 ὦν
773 4254 872 4336 αὐτὸς
895 4261 932 4324 ἒν
950 4283 985 4324 τε
1002 4259 1047 4348 τῷ
1067 4257 1210 4348 δευτέρῳ
1233 4259 1305 4347 περὶ
1329 4259 1434 4346 ψυχῆς

285 4363 349 4438 κάν
368 4369 417 4460 τῷ
436 4365 523 4455 περὶ
542 4371 692 4454 μορίων
710 4362 901 4452 ἀπεφήνατο
920 4369 1034 4454 pateat
1051 4365 1296 4452 inscriptionem
1315 4365 1433 4434 horum
