3212 5146
568 421 815 484 -641-

125 580 284 663 μηδεμίαν
307 581 419 644 αἰτίαν
442 575 567 644 εἰπόντι
590 581 649 663 τῆς
672 576 798 664 ἀλόγου
820 582 887 646 τῶν
907 576 1084 665 δογμάτων
1107 585 1264 666 μεταλλα-

125 687 193 768 γῆς,
216 681 299 751 ὥστε
323 681 560 771 ὑποπτευθηση
588 687 716 770 μᾶλλον
742 681 763 771 ἢ
786 684 1002 773 πιστενθὴση.
1046 685 1102 751 καὶ
1129 684 1197 771 μὴν
1224 689 1264 768 εἰ,

126 788 207 856 διότι
235 788 472 876 πιθανώτερόν
499 809 552 857 σοι
581 789 669 858 οὕτω
697 792 806 877 λέγειν
833 792 917 874 ἐστι’,
950 790 1006 858 διδ
1032 794 1131 860 τοῦτο
1163 797 1266 877 φαίης

124 899 351 983 προσχρῆσθαι
381 895 546 983 δόγμασιν
573 893 775 984 ἀλλοτρίοις,
808 896 1004 985 ἰριοτηθήση
1032 896 1133 966 πάλιν
1160 895 1266 964 αὐτοῦ

122 1006 180 1070 τοῦ
202 1005 352 1071 πιθανοῦ
379 1001 441 1088 τὴν
467 1007 588 1071 αἰτίαν.
633 1007 663 1070 εἰ
694 1003 758 1092 γὰρ
786 1000 806 1090 ἡ
835 1001 961 1089 ψευδὴς
989 1003 1069 1084 δόξα
1097 1003 1155 1084 τὰς
1181 1003 1291 1072 uasto

124 1111 219 1197 μέρος
250 1107 379 1188 ἁπάσας
411 1113 518 1188 αἰτίας
544 1110 777 1197 πιθανωτέρας
808 1115 872 1195 ἔχει
908 1113 966 1196 τῆς
996 1107 1161 1198 ἀληθοῦς,
1191 1109 1264 1179 ιἰπι-

123 1215 321 1302 στηθήσεται
344 1215 451 1284 πάντα
475 1235 538 1284 σου
559 1219 600 1283 τὰ
617 1219 686 1284 τῶν
710 1214 953 1303 προβλημάτων
975 1220 1109 1304 βιβλία.’
1141 1218 1178 1286 τὸ
1203 1218 1265 1306 μὲν

123 1315 183 1390 οὖν
207 1321 264 1390 διδ
287 1323 391 1409 μέσον
413 1326 474 1390 τοῦ
496 1319 593 1411 ἀέρος
616 1319 702 1409 δρᾶν
724 1319 809 1410 ἡμᾶς
831 1323 968 1409 ἐναργές
994 1325 1061 1391 ἐστι
1085 1325 1139 1393 καὶ
1164 1329 1266 1394 πᾶσιν

122 1427 406 1516 ὁμολογούμενον,
424 1427 445 1516 ἡ
466 1429 595 1516 ζήτησις
610 1427 646 1495 δὲ
667 1429 718 1496 ἐπὶ
737 1432 821 1519 τῷδε
839 1435 978 1515 γίνεται,
991 1429 1135 1519 πότερον
1149 1429 1194 1512 ὡς
1209 1434 1265 1500 διὰ

121 1534 205 1604 ὁδοῦ
236 1562 328 1614 τινος
359 1537 460 1622 μέσης
492 1533 556 1603 ἀπὸ
589 1539 657 1603 τῶν
688 1532 868 1622 δρωμένων
901 1531 1091 1622 ἀφικνεῖταί
1120 1565 1150 1605 τι
1182 1539 1266 1626 πρὸς
1281 1556 1305 1594 ¹⁰

121 1639 206 1730 ἡμᾶς
237 1637 257 1728 ἢ
290 1646 445 1710 τοιοῦτον
476 1640 624 1728 ὄργανον
657 1640 675 1709 ὁ
708 1637 773 1729 ιἰήρ
804 1643 894 1710 ἐστιν
925 1641 1006 1730 ἡμῖν
1033 1649 1081 1724 εἰς
1108 1643 1170 1730 τήν
1197 1649 1265 1713 τῶν

120 1747 252 1836 ὁρατῶν
280 1747 479 1834 διάγνωσιν,
507 1742 643 1837 οἷόνπερ
670 1746 706 1816 τὸ
736 1752 859 1835 νεῦρον
886 1754 934 1829 εἰς
960 1749 1022 1837 τὴν
1048 1754 1116 1819 τῶν
1143 1749 1265 1820 ἁπτῶν.

120 1865 250 1922 οἰονται
276 1854 339 1941 μὲν
367 1847 430 1922 οὖν
458 1858 493 1922 οἰ
517 1862 663 1923 πλεῖστοι
695 1856 750 1922 καί
780 1855 836 1923 διὰ
867 1860 928 1924 τοῦ
956 1858 1080 1944 νεύρου
1110 1856 1173 1944 τὴν
1201 1855 1264 1926 ἀπὸ

117 1966 186 2030 τῶν
205 1961 481 2047 προσπιπτόντων
495 1959 676 2030 ἀλλοίωσιν
689 1958 938 2049 ἀναδιδομένην
957 1964 1009 2031 ἐπὶ
1027 1961 1064 2030 τὸ
1084 1967 1142 2049 τῆς
1161 1967 1267 2049 ψυχῆς

117 2066 323 2155 ἡγεμονικὸν
346 2072 393 2146 εἰς
411 2068 596 2154 διάγνωσιν
614 2067 708 2155 ἄγειν
731 2066 816 2155 ἡμᾶς
839 2066 952 2136 αὐτῶν
975 2065 1035 2136 οὐκ
1059 2069 1265 2148 ἐννοοῦντες,
1282 2087 1305 2126 1⁵

116 2173 163 2254 ὦς
187 2170 251 2242 cdx
277 2169 320 2240 δν
348 2171 368 2262 ἡ
397 2178 454 2261 τῆς
481 2171 606 2261 ὀδύνης
632 2183 791 2262 αἴσθησις
817 2177 944 2260 ἐγίνετο
971 2173 1053 2242 κατὰ
1085 2173 1122 2242 τὸ
1150 2176 1266 2262 τεμνό·

154 2380 171 2426 3
191 2367 224 2424 τό
244 2369 337 2440 λέγειν
356 2371 434 2424 οοδδ.
455 2371 516 2424 εδδ.
537 2363 611 2424 οὕτω
630 2373 653 2426 λ.
673 2386 734 2436 nos;
759 2369 792 2424 cl.
813 2369 897 2423 Proll.
917 2387 944 2438 p.
964 2377 1007 2424 90.
1027 2399 1059 2407 —
1085 2376 1100 2422 4
1121 2365 1264 2440 ἰροιτηθὴ·

116 2463 198 2500 σεται
218 2441 297 2496 codd.
317 2440 379 2495 edd.
404 2437 571 2512 ίρωτηθήοη
595 2458 653 2496 nor.
675 2473 699 2480 --
731 2447 745 2493 ’ἰ
766 2435 851 2494 πάντ’
872 2435 960 2494 αὐτοῦ
985 2441 1065 2494 codd.
1085 2440 1147 2495 edd.
1170 2437 1264 2496 πάντα

115 2535 168 2570 σου
189 2530 248 2568 nos.
270 2544 299 2552 -
323 2519 355 2566 lo
376 2507 519 2581 ἐγγίγνετο
537 2512 597 2566 AB.
619 2541 649 2550 -

115 2715 207 2778 falsa
236 2711 359 2775 uteris?
405 2709 442 2775 ln
471 2711 668 2775 eontrarium
693 2711 778 2774 enim
807 2713 865 2774 tua
892 2709 952 2774 tibi
977 2709 1069 2774 cedet
1091 2712 1267 2796 cavillatio,

116 2821 175 2906 qui
215 2817 338 2882 nullam
374 2839 503 2881 eausam
537 2822 606 2881 tam
641 2816 799 2881 absurdae
836 2817 1037 2880 decretorum
1075 2819 1266 2884 mutationis

117 2929 252 3008 efferae,
274 2928 311 2988 ut
334 2924 407 3008 plus
431 2923 625 3008 suspicionis
649 2945 780 2990 moveas
799 2945 896 3008 quam
919 2923 992 2986 fidei
1016 2922 1127 2988 facias.
1164 2925 1265 3010 Atqui

115 3036 145 3100 si
178 3033 270 3098 dices
299 3034 472 3116 propterea
500 3030 615 3094 alienis
643 3033 675 3092 te
702 3030 749 3094 uti
777 3029 928 3112 decretis,
959 3029 1036 3112 quia
1062 3030 1266 3111 probabilius

115 3141 183 3207 tibi
218 3137 367 3203 videatur
397 3136 445 3200 ita
476 3136 595 3220 dicere,
627 3136 723 3201 huius
755 3135 858 3221 ipsius
891 3134 1135 3220 probabilitatis
1168 3159 1266 3202 causa

112 3268 233 3313 rursus
266 3266 304 3308 ex
337 3247 369 3307 te
405 3247 587 3329 quaeretur.
640 3242 725 3308 Nam
763 3244 790 3306 si
826 3242 910 3306 falsa
940 3241 1051 3326 opinio
1084 3242 1266 3328 singulares

111 3375 238 3420 causas
262 3371 373 3416 omnes
396 3350 634 3434 probabiliores
657 3349 759 3416 habet
784 3371 881 3435 quam
909 3371 1000 3433 vera,
1023 3349 1174 3414 omnibus
1197 3355 1266 3415 tua-

110 3483 194 3526 rum
218 3455 445 3541 quaestionum
468 3456 562 3521 libris
586 3457 664 3522 fides
684 3454 914 3541 derogabitur?
952 3455 1013 3520 Per
1036 3460 1141 3519 aerem
1164 3456 1267 3541 igitur

110 3565 264 3632 medium
291 3585 350 3627 nos
379 3563 481 3628 oculis
510 3585 638 3628 cernere
666 3563 797 3628 evidens
826 3567 876 3626 est
909 3565 1005 3646 atque
1038 3563 1121 3626 inter
1135 3625 1140 3636 ,
1154 3585 1265 3628 omnes

109 3674 265 3756 constat,
294 3667 350 3733 sed
378 3670 416 3733 de
440 3693 478 3735 eo
506 3670 654 3754 quaestio
679 3675 742 3754 est,
770 3673 878 3734 utrum
902 3674 1068 3753 tamquam
1096 3691 1154 3752 per
1178 3671 1265 3736 viam

108 3778 284 3866 quandam
313 3775 452 3842 mediam
481 3799 497 3840 e
530 3777 640 3860 rebus,
670 3799 750 3860 quas
781 3776 956 3860 cernimus,
989 3775 1111 3859 aliquid
1139 3775 1179 3839 ad
1206 3798 1266 3842 nos

110 3884 234 3954 veniat
257 3905 299 3946 au
323 3883 388 3946 tale
411 3884 662 3948 instrumentum
685 3882 780 3948 nobis
810 3883 854 3947 sit
881 3887 935 3946 aer
958 3883 997 3946 ad
1025 3903 1076 3946 res
1099 3881 1267 3966 adspecta-

110 3993 207 4059 biles
231 3990 467 4074 discernendas,
490 3991 584 4076 quale
604 3992 654 4052 est
677 4011 795 4052 nervus
815 3988 855 4052 ad
878 3988 1075 4052 tractabiles.
1116 3987 1266 4073 Plerique

106 4103 232 4166 autem
257 4096 446 4160 existimant
468 4097 567 4161 etiam
597 4117 655 4180 per
677 4117 812 4158 nervum
835 4095 1111 4177 immutationem,
1138 4116 1221 4177 quae
1249 4117 1265 4158 e

104 4207 220 4274 rebus
247 4202 467 4268 accidentibus
500 4202 540 4268 ad
571 4199 784 4286 principalem
814 4202 913 4266 animi
942 4207 1067 4284 partem
1097 4201 1266 4284 pertineat,

103 4335 179 4381 nos
208 4309 248 4373 ad
271 4308 504 4394 dignoscendas
529 4330 584 4372 eas
607 4308 778 4390 adducere,
804 4330 869 4372 non
891 4307 1116 4392 intellegentes
1143 4306 1265 4372 doloris

103 4437 254 4486 sensnm
278 4415 311 4480 in
335 4437 375 4479 ea
396 4418 502 4498 parte,
525 4437 607 4498 quae
630 4415 682 4479 vel
706 4417 834 4478 secatur
856 4414 907 4476 vel
936 4413 1100 4478 colliditur
1127 4413 1178 4478 vel
1201 4415 1266 4477 uri·

170 4529 257 4570 (suuni
271 4530 299 4569 dc
312 4529 374 4568 Plau.
391 4529 448 4568 Plu.
461 4532 484 4568 et
499 4529 607 4578 fflppoor.
622 4529 679 4568 libri.
1018 4523 1051 4572 41
