3088 5134
789 441 1030 508 -570-

337 595 579 686 έπνθνμητικὸυ
605 595 783 686 ὑπάρχειν,
815 595 857 668 οὐ
883 597 951 687 μὴν
986 601 1042 667 ίπί
1069 627 1105 686 γε
1132 603 1191 687 τῆς
1217 601 1353 685 καρδίας
1377 592 1466 664 oritis

337 709 383 771 ἔτι
407 713 606 792 προσθεῖναι
629 707 785 772 τοιοῦτον
809 703 911 792 δῆλός
934 705 1024 772 έστιν
1048 706 1083 774 έιι
1106 705 1170 794 μέν
1191 708 1250 792 τῆς
1271 701 1408 791 γαστρὸς
1427 709 1466 782 είς

336 802 424 899 ἧπαρ
451 809 657 898 βουλόμενος
684 807 912 900 ἀναφέρεσθαι
940 810 1003 898 τὴν
1029 811 1176 900 τροφήν,
1208 812 1338 880 ἐκεῖθεν
1364 809 1398 878 δὲ
1422 811 1464 876 eu

335 914 398 1003 τὴν
420 921 562 1003 καρδίαν
586 918 671 984 ίέναι
696 943 727 984 τι
755 919 854 1006 μέρος
882 923 929 996 είς
950 916 1013 1005 τὴν
1040 921 1102 986 τοῦ
1123 917 1206 986 κατά
1234 919 1363 1004 ἐκείνην
1383 921 1466 1002 αἳμα-

247 1103 252 1112 .
308 1045 391 1103 ετος
418 1025 559 1110 γένεσιν.
608 1020 691 1092 ἀλλά
719 1021 770 1092 ὅτι
798 1023 860 1112 μέν
889 1013 951 1092 οὐκ
978 1025 1014 1091 ἐκ
1044 1027 1113 1092 τῶν
1139 1021 1222 1091 κατά
1249 1023 1313 1110 τὴν
1340 1025 1466 1109 γαστέρα

335 1135 468 1218 χωρίων
489 1133 547 1218 τῆς
568 1134 696 1219 τροφῆς
717 1127 878 1209 ἀνάδοσις
905 1134 952 1210 είς
979 1128 1041 1218 τὴν
1063 1134 1206 1218 καρδίαν
1229 1125 1369 1214 εὐθέως,
1394 1127 1466 1197 ἀλλά

336 1240 383 1315 είς
405 1222 492 1324 ἧπαρ
515 1242 652 1323 γίνεται,
675 1236 838 1326 πρότερον
861 1233 1033 1324 αὐτάρκως
1051 1233 1336 1323 ἀποδεδειγμένον
1358 1237 1392 1303 έν
1408 1251 1467 1314 τοῖς

334 1343 408 1428 περὶ
431 1344 499 1410 τῶν
522 1347 675 1429 φυσικῶν
702 1343 896 1431 δυνάμεων,
924 1340 1027 1412 οάδλν
1055 1349 1102 1411 ἔτι
1126 1345 1243 1430 δέομαι
1267 1346 1332 1410 νῦν
1356 1343 1465 1428 ἐπεξέρ-

334 1458 469 1535 χεσθαι,
496 1459 696 1537 προσθεῖναι
723 1450 760 1518 δὲ
790 1449 929 1538 ἀμεινον
955 1454 1001 1542 τῷ
1030 1448 1120 1540 λόγῳ
1153 1448 1304 1518 τοσόνδε.
1353 1447 1467 1535 θερμὸν

297 1579 322 1618 ιο
335 1554 397 1642 μὲν
420 1559 542 1635 ίιιανῶς
563 1554 747 1643 ἀναγκαῖον
770 1555 856 1624 εἶναι
878 1555 916 1624 τδ
935 1555 1114 1643 θυμοειδές
1138 1554 1342 1642 σπλάγχνον,
1365 1551 1466 1634 oriali

269 1681 323 1736 577
336 1657 482 1749 ἀνάγκης
500 1662 537 1730 δὲ
557 1669 561 1744 Ι
583 1661 712 1751 θερμὸν
731 1666 854 1741 [κανῶς
871 1661 907 1730 τὸ
928 1658 1181 1748 ἐπιθυμητικόν,
1205 1657 1291 1728 ἀλλά
1310 1663 1348 1728 έν
1365 1676 1466 1748 φυτοῖς

336 1768 398 1853 μὲν
424 1769 479 1834 καλ
506 1768 662 1857 πάμπολυ
688 1773 750 1839 τοῦ
776 1771 982 1856 θυμοειδοῦς
1013 1764 1296 1855 ἀπολειπόμενον,
1324 1769 1362 1836 έν
1387 1767 1466 1858 ζῴοις

336 1871 373 1942 δέ
405 1870 447 1942 οὐ
477 1878 640 1943 τοσοῦτον
671 1878 748 1964 μέν,
780 1873 870 1962 ὅμως
901 1873 938 1942 δέ
971 1871 1032 1942 οάκ
1069 1871 1195 1960 ὀλίγον.
1245 1872 1322 1942 οὔτε
1349 1869 1466 1974 pispir

336 1978 423 2048 οὕτω
456 1979 585 2069 θερμὸν
617 1981 780 2069 εἰργάζετο
813 1980 935 2069 χυμόν,
972 1984 1003 2048 εί
1033 1977 1078 2068 μὴ
1114 1981 1169 2048 καὶ
1207 1976 1289 2049 αὐτὸ
1326 1985 1464 2049 τοιοῦτον

298 2111 322 2150 15
337 2083 499 2174 ὑπῆρχεν,
532 2085 607 2155 οὔτε
639 2086 829 2173 άσφύκτους
860 2083 903 2154 ἀν
931 2084 996 2174 εἶχε
1027 2085 1086 2166 τάς
1117 2087 1258 2172 φλέβας,
1291 2091 1323 2154 εί
1349 2086 1466 2170 ζεσάσης

336 2199 521 2281 θερμασίας
546 2186 589 2282 ἦν
617 2191 710 2282 ἀρχή.
766 2197 869 2261 ταῦτα
897 2191 962 2282 ἀρα
989 2193 1044 2260 καὶ
1068 2189 1287 2279 Ἱπποκράτης
1316 2191 1465 2260 ένδεικνίε

335 2325 436 2386 μενος
449 2305 583 2390 ἔγραψε·
604 2301 745 2386 ’ῥίζωσις
758 2303 894 2386 φλεβῶν
907 2291 1006 2387 ἧπαρ,
1022 2301 1157 2386 ῥίζωσις,
1166 2295 1336 2387 ἀρτηριῶν
1349 2303 1464 2386 καρδίη·
1523 2321 1524 2388 η

373 2502 386 2550 1
408 2489 501 2565 ἒπείγε
521 2495 558 2550 Μ.
579 2526 611 2535 -
632 2503 647 2550 2
667 2495 778 2550 τοιοῦτο
791 2495 822 2550 Ρ.
843 2527 874 2534 -
895 2501 912 2550 4
931 2493 972 2558 είς
990 2489 1042 2563 τὴν
1061 2489 1125 2549 κατ’
1141 2494 1171 2550 P.
1194 2527 1226 2536 -
1247 2490 1360 2564 ἐκείνην
1377 2493 1463 2560 τίτθη·

336 2561 387 2634 τὴν
406 2567 517 2635 γένεσιν
534 2566 564 2621 P.
585 2599 616 2606 —
637 2573 653 2622 6
672 2569 773 2636 χορίων
786 2567 824 2621 Μ.
844 2598 878 2607 -
897 2573 913 2622 9
933 2567 1096 2634 προσθῆκαι
1109 2565 1146 2620 Μ.
1167 2597 1199 2606 -
1222 2573 1253 2620 17
1275 2565 1379 2648 ἔγραφε
1396 2565 1462 2620 codd.

336 2637 397 2691 edd.
419 2635 525 2706 ἔγραψε
546 2655 608 2704 uos3
629 2637 664 2691 of.
683 2637 767 2693 Proll.
787 2657 815 2708 p.
835 2645 876 2693 88.
898 2670 929 2732 -1-
950 2635 1060 2706 όίζωσις
1079 2657 1104 2691 κ.
1123 2658 1146 2692 τ.
1166 2641 1189 2690 λ.
1208 2636 1243 2690 de
1262 2637 1341 2694 alim.
1360 2637 1381 2690 11
1399 2654 1421 2706 p.
1434 2643 1461 2689 tt

336 2707 379 2817 mi.
389 2707 625 2847 {Qiigl'pixssp‘
642 2715 701 2776 110,
720 2715 751 2763 31
774 2709 816 2765 ed.
836 2708 878 2778 L.)
897 2709 994 2766 (nolon.
1013 2711 1161 2764 comment
1181 2708 1235 2764 vol.
1251 2707 1312 2778 XV,
1329 2727 1356 2778 p.
1374 2705 1461 2762 assu

337 2941 431 3006 eorde
454 2941 520 3007 tale
544 2941 717 3027 quidquam
737 2943 846 3028 adicit,
869 2947 962 3028 patet
984 2963 1094 3008 eume
1118 2943 1231 3006 ventre
1255 2941 1290 3006 in
1312 2943 1396 3008 ieeur
1416 2941 1461 3005 ati·

336 3051 481 3114 mentum
513 3049 595 3114 velle
628 3049 745 3114 deferri
779 3053 875 3134 atque
908 3048 982 3114 inde
1008 3049 1048 3137 ,in
1081 3069 1137 3113 oor
1163 3051 1292 3132 partem
1320 3049 1459 3134 quandam

337 3155 517 3221 transmitti
545 3155 585 3220 ari
614 3156 781 3242 sanguinis
809 3156 844 3220 in
871 3177 909 3222 eo
941 3155 1193 3242 generationem.
1248 3154 1459 3221 Verumtamen

336 3283 402 3326 non
425 3285 441 3326 e
465 3262 596 3326 sedibus
620 3263 742 3327 ventris
766 3263 879 3328 atatim
903 3263 943 3327 od
967 3284 1031 3346 eor,
1055 3262 1112 3326 sed
1135 3261 1176 3325 ad
1199 3261 1289 3326 ieeur
1310 3263 1396 3348 prius
1416 3259 1459 3324 ali·

337 3368 439 3432 menti
471 3362 688 3454 digestionem
719 3370 790 3434 fieri
827 3369 982 3454 quoniam
1014 3370 1049 3434 in
1080 3367 1173 3432 libris
1206 3367 1246 3432 de
1278 3368 1458 3434 natrraiibus

335 3472 547 3539 faorrltatibus
580 3475 660 3540 satis
692 3475 890 3540 declaratum
918 3479 984 3560 est,
1012 3497 1098 3540 nuno
1129 3495 1196 3540 non
1228 3495 1310 3560 opus
1337 3479 1383 3540 est
1406 3493 1458 3538 rem

335 3578 483 3662 pluribus
506 3583 665 3666 persequi,
689 3582 745 3646 sed
763 3583 879 3649 melius
898 3581 961 3646 erit
983 3581 1064 3646 illud
1082 3585 1212 3646 tantum
1231 3581 1356 3646 addere.
1389 3577 1457 3644 Setis

336 3683 476 3751 calidum
500 3709 569 3751 esse
597 3688 782 3753 iracundiae
810 3689 917 3754 vissus
940 3709 1072 3754 neeesse
1095 3691 1159 3771 est,
1186 3689 1388 3774 appetentiae
1407 3705 1457 3750 nor

336 3790 424 3874 item,
447 3793 503 3857 sed
526 3815 598 3858 oum
622 3795 657 3858 in
680 3794 837 3879 stirpibus
856 3796 906 3860 vel
931 3795 1108 3880 plmimum
1127 3794 1169 3859 ab
1193 3793 1349 3860 irascibili
1370 3793 1456 3870 distet,

336 3897 370 3960 in
394 3899 586 3964 animalibus
609 3922 675 3966 non
698 3904 827 3966 tantum
851 3902 994 3988 quidem,
1012 3901 1079 3966 -sed
1105 3903 1217 3966 tamen
1239 3921 1306 3965 non
1328 3899 1453 3984 exiguum

336 4003 477 4070 calorem
509 4007 544 4070 in
575 4029 609 4070 se
641 4006 751 4072 habet.
801 4008 887 4073 Nam
914 4029 1018 4093 neque
1045 4009 1114 4072 tam
1143 4007 1285 4072 oalidum
1311 4007 1453 4072 humorem

336 4115 521 4192 generaret,
544 4111 607 4176 nisi
630 4113 737 4198 ipsum
761 4114 861 4179 etiam
884 4113 1025 4180 ualidum
1048 4117 1149 4198 esset,
1175 4135 1279 4198 neque
1305 4113 1392 4198 pulsu
1413 4131 1451 4172 α·

336 4217 442 4278 rentes
465 4239 565 4282 venas
588 4219 733 4304 haberet,
757 4220 785 4284 si
804 4219 960 4284 ferventis
979 4225 1067 4286 esset
1089 4219 1209 4286 caloris
1232 4219 1366 4300 initium,
1385 4211 1449 4300 quod

337 4317 487 4386 videlieet
506 4323 605 4388 etiam
623 4324 841 4410 Hippocrates
859 4327 1032 4392 ostendens
1051 4326 1099 4391 ita
1117 4327 1265 4412 scripsit:
1301 4323 1448 4390 ‘Radice-

337 4423 395 4489 tio
418 4448 599 4494 venarum
622 4431 742 4518 ieeur,
770 4434 1005 4500 arteriarum
1029 4455 1105 4520 eor3
1136 4457 1179 4500 ex
1206 4432 1267 4500 his
1289 4449 1446 4520 pervaga-
