3246 5148
609 417 828 486 „61⁶-

139 577 345 647 coniecturas
368 577 450 644 feeit
471 579 568 646 modo
592 581 695 646 bonas
719 584 815 648 modo
840 583 957 666 malas,
983 585 1081 667 prout
1104 605 1173 648 sese
1198 581 1291 650 obtu-

139 689 258 752 leruut.
290 687 404 772 Itaque
428 687 607 771 permultos
632 688 741 754 sordes
767 711 786 753 a
809 690 971 773 prioribus
995 690 1133 754 traditas
1155 714 1222 756 non
1244 692 1291 756 vi·

140 795 205 878 dit,
233 795 353 859 multas
379 793 451 878 ipse
477 795 610 878 insuper
637 793 764 860 adiecit.
809 795 858 860 Αο
881 819 921 860 ne
948 796 1047 860 nimis
1072 797 1187 862 acerbe
1209 797 1291 862 iudi-

141 923 236 966 casse
259 900 379 983 videar,
401 921 470 965 rem
494 899 649 984 exemplis
673 901 904 986 comprobate,
927 902 975 966 ita
997 905 1119 984 tamen,
1142 906 1192 986 ut,
1215 924 1292 986 quo·

140 1007 235 1072 niam
257 1007 478 1090 disputatione
501 1006 539 1070 de
564 1007 679 1072 ceteris
704 1007 900 1074 editionibus
928 1031 1027 1092 supra
1049 1009 1203 1074 instituta
1225 1009 1292 1074 iam

141 1119 250 1198 patet,
276 1135 375 1198 quam
397 1113 503 1178 multa
525 1114 606 1178 vitia
629 1113 754 1179 intaeta
776 1115 956 1199 reliquerit,
984 1137 1023 1179 ea
1050 1118 1178 1180 tantum
1203 1115 1292 1180 oolli-

141 1241 236 1305 gam,
259 1243 297 1284 ex
319 1219 439 1305 quibus
457 1220 566 1304 ipsum
583 1241 720 1305 pravam
739 1221 928 1286 emendandi
949 1221 1036 1286 viam
1055 1223 1202 1286 secutum
1223 1241 1292 1284 esse

142 1327 228 1390 satis
252 1327 472 1411 intellegatur.

234 1433 269 1498 P.
291 1433 357 1498 244
384 1433 461 1517 post
487 1433 569 1498 med.
592 1432 673 1498 haee
690 1433 815 1499 edidit:
843 1431 895 1498 έπλ
922 1429 985 1518 τῆν
1011 1431 1158 1510 ἐξέτασιν
1181 1427 1292 1499 αὐτῶν

141 1533 210 1621 ἤδη
229 1537 390 1623 τρέψομαι
409 1533 471 1622 τῆν
489 1533 596 1623 ἀρχὴν
609 1533 673 1604 ἀπὸ
688 1541 750 1605 τοῦ
765 1537 924 1624 Ζήνωνος
937 1537 1170 1624 ποιησάμενος,
1189 1534 1292 1625 ὅσκερ

142 1640 187 1728 δῆ
211 1643 266 1708 καλ
289 1641 397 1730 κατῆρ
416 1643 484 1709 ἐστι
506 1647 576 1710 τοῦ
598 1643 671 1731 περὶ
689 1647 748 1730 τῆς
766 1647 881 1730 φωνῆς
898 1643 1002 1730 λόγου
1019 1647 1118 1711 τοῦδε
1136 1644 1190 1710 καὶ
1210 1640 1292 1710 ἁπά-

142 1767 206 1834 σης
228 1752 286 1834 τῆς
312 1751 380 1816 τῶν
403 1752 564 1816 Στωϊκῶν
591 1749 755 1836 αἱρέσεως.
801 1750 855 1817 sie
882 1757 969 1818 reete
995 1753 1112 1818 vitium
1139 1753 1291 1818 editionis

143 1855 218 1942 Oh„
241 1879 322 1942 quae
345 1881 412 1924 non
434 1858 510 1939 τοῦ,
534 1857 589 1922 sed
612 1853 718 1945 τούτῳ
742 1858 855 1944 habet,
878 1859 1056 1925 correxisse
1079 1859 1214 1924 videtur.
1246 1859 1293 1924 At

142 1959 252 2052 τούτῳ
279 1986 378 2048 prave
405 1964 549 2050 positum
578 1967 628 2028 eat
655 1985 714 2048 pro
741 1966 855 2048 τοῦτο,
883 1967 969 2052 quod
995 1967 1080 2032 inB
1109 1968 1171 2048 est,
1199 1968 1233 2029 et
1258 1965 1291 2029 id
1322 2024 1326 2034 .

143 2073 255 2154 ipsum
276 2093 337 2156 pro
359 2071 428 2136 τοῦ
452 2094 506 2150 τε,
529 2071 615 2156 quod
638 2071 674 2135 in
695 2070 761 2136 MA
784 2072 957 2139 invenitur
992 2073 1208 2138 Restituimus
1231 2072 1292 2156 igi-

141 2181 199 2241 tur
219 2177 290 2242 τοῦ
310 2201 350 2242 τε
372 2175 446 2264 περὶ
469 2201 496 2242 τ.
518 2201 554 2260 φ.
576 2173 680 2261 λόγου
703 2201 731 2242 κ.
753 2201 780 2242 τ.
803 2183 832 2243 λ.
868 2177 916 2244 Of.
936 2202 966 2263 p.
981 2180 1044 2245 481
1069 2177 1143 2264 περὶ
1167 2180 1290 2243 δικαιο-

142 2279 250 2368 σύνης
271 2307 310 2348 τε
333 2281 388 2349 καλ
410 2284 487 2349 τῶν
510 2279 639 2349 ἄλλων
661 2278 803 2369 ἀρετῶν,
832 2308 863 2369 p.
886 2285 951 2349 499
979 2282 1053 2370 περὶ
1081 2281 1223 2359 κάλλους
1249 2306 1292 2348 τε

142 2387 199 2454 καλ
223 2385 350 2474 ὑγιείας
372 2384 473 2474 αὐτῆς
495 2385 655 2457 ἁπασῶν
676 2414 711 2456 τε
734 2392 802 2456 τῶν
820 2385 961 2476 ἀρετῶν,
984 2413 1015 2474 p.
1031 2391 1095 2455 733
1113 2391 1153 2476 τῆ
1171 2412 1205 2454 τε
1223 2390 1292 2454 τῶν

143 2497 272 2561 σκελῶν
294 2499 478 2584 κατασκευῇ
501 2496 555 2563 καὶ
578 2500 618 2584 τῆ
641 2497 702 2563 τοῦ
724 2493 848 2574 παντὸς
870 2494 1021 2582 σῶματος
1044 2492 1153 2582 ρῶμῃ,
1176 2518 1206 2580 p.
1227 2496 1290 2560 196

143 2605 193 2680 εἰς
215 2601 365 2686 γλῶττάν
386 2629 421 2670 τε
444 2601 498 2669 καὶ
522 2601 657 2688 σύμπαν
674 2599 711 2668 τὸ
731 2601 920 2688 πρόσωπον.
936 2641 979 2650 -
997 2604 1032 2670 P.
1047 2603 1112 2668 255
1130 2603 1173 2666 in.
1188 2599 1290 2686 Chry·

143 2709 233 2794 sippi
262 2713 361 2776 verba
388 2709 446 2777 Oh.
474 2713 521 2777 sio
549 2711 635 2776 edita
663 2709 775 2775 habet:
809 2706 930 2795 σχεδὸν
944 2697 1037 2796 γὰρ,
1065 2700 1119 2774 οἷα
1147 2704 1191 2773 ἄν
1216 2732 1291 2772 τινα

143 2815 252 2900 λέγοι
280 2817 354 2903 περὶ
381 2819 442 2883 τοῦ
472 2814 535 2901 τῆν
562 2812 683 2901 φωνὴν
709 2815 745 2880 ἐκ
773 2817 834 2882 τοῦ
864 2814 1012 2902 στήθους
1040 2815 1204 2902 φέρεσθαι
1235 2811 1291 2880 διὰ

142 2925 202 3007 τῆς
224 2920 398 3008 φάρυγγος
420 2919 483 2991 ἀπὸ
507 2925 565 3009 τῆς
586 2924 732 3008 κεφαλῆς
758 2924 855 3000 ποιᾶς
880 2947 972 3000 τινος
994 2923 1158 3008 καταρχῆς
1179 2946 1291 3006 γιγνο-

143 3029 262 3114 μένης,
288 3025 414 3095 τοιαῦτ’
440 3030 542 3108 ἔξεστι
565 3029 675 3113 λέγειν
697 3029 734 3094 έν
756 3029 796 3115 τῆ
819 3031 940 3117 καρδίᾳ
966 3026 1029 3114 μέν
1054 3031 1116 3095 τοῦ
1138 3023 1291 3113 ῆγεμονι-

143 3138 207 3202 κοῦ
230 3133 341 3218 ὄντος,
364 3138 422 3221 τῆς
445 3133 481 3202 δὲ
503 3138 572 3202 τῶν
594 3131 759 3219 κινήσεων
780 3129 884 3220 ἀρχῆς
906 3129 969 3201 ἀπὸ
989 3137 1048 3220 τῆς
1067 3135 1212 3218 κεφαλῆς
1235 3129 1291 3198 οὕ-

144 3263 213 3328 σης.
247 3245 312 3310 Pro
335 3242 425 3326 λέγοι
449 3245 480 3308 Κ
504 3243 635 3329 scripsit
656 3239 733 3326 λέγῃ
757 3242 911 3328 pessime3
933 3264 1001 3307 non
1023 3243 1109 3307 enim
1132 3241 1216 3304 vidit
1230 3239 1291 3305 Ga-

143 3353 254 3416 lenum
277 3351 386 3435 ipsum
409 3352 522 3416 atatim
536 3350 625 3415 haee
648 3346 747 3412 verba
770 3349 817 3412 sio
840 3349 1027 3433 explanare:
1055 3341 1075 3412 t
1102 3343 1167 3433 γὰρ
1195 3345 1290 3410 ἐκεῖ·

143 3481 207 3521 νοι
228 3452 421 3522 δύνανται
440 3455 549 3539 λέγειν
563 3450 646 3541 ὑπὲρ
660 3455 721 3520 τοῦ
734 3478 763 3519 κ.
776 3477 803 3518 τ.
818 3459 860 3538 t,
879 3455 962 3520 unde
976 3457 1069 3540 patet
1082 3476 1156 3518 euru
1170 3452 1289 3538 legisse

143 3561 314 3647 λέγοιεν,
337 3564 423 3648 quod
447 3563 515 3628 cod.
533 3561 770 3627 Laurentianus
793 3563 929 3645 praebet
952 3560 1074 3648 (λέγοιε
1097 3559 1176 3645 MA,
1199 3557 1290 3642 λέγοι

145 3671 188 3754 Β,
210 3671 296 3756 quod
320 3667 378 3736 Oh.
400 3667 546 3756 recepit).
590 3669 642 3733 Ex
664 3668 807 3734 eiusdem
836 3672 945 3734 autem
973 3668 1200 3752 explanatione
1223 3667 1290 3732 effi·

144 3779 230 3843 oitur
253 3778 287 3842 in
310 3778 457 3842 oratione
476 3773 654 3860 Chrysippi
676 3777 753 3860 post
773 3768 899 3840 τοιαῦτ’
919 3773 1021 3852 ἔξεστι
1040 3772 1149 3858 λέγειν
1167 3773 1291 3858 aliquid

146 3907 166 3948 a
195 3885 339 3950 librariis
369 3883 527 3948 omissum
557 3905 640 3968 esse3
669 3903 747 3947 nam
777 3880 919 3946 Galenus
949 3882 1059 3967 pergit
1086 3875 1182 3964 ὑπὲρ
1211 3881 1291 3944 τῶν

146 3987 299 4077 νεύρων
321 3984 403 4075 ἡμῖν
425 3984 470 4066 ῶς
493 3988 528 4054 έκ
549 3986 611 4074 μὲν
628 3990 686 4073 τῆς
704 3989 848 4073 κεφαλῆς
865 3981 1075 4073 ἀρχομένων,
1094 3982 1157 4052 ἀπὸ
1178 3983 1214 4052 δέ
1233 3987 1290 4069 τῆς

144 4099 284 4183 καρδίας
313 4092 376 4180 τῆν
407 4095 577 4182 ἐνέργειαν
608 4092 762 4179 ἐχόντων.
819 4095 933 4180 Itaque
963 4116 1024 4160 nos
1055 4097 1131 4178 post
1162 4086 1287 4158 τοιαῦτ’

145 4204 248 4282 ἔξεστι
276 4202 386 4286 λέγειν
413 4204 602 4288 adiecimus,
633 4202 718 4286 quod
750 4225 863 4268 sensus
890 4203 960 4286 ipse
989 4204 1023 4264 et
1050 4198 1165 4264 Galerii
1193 4200 1287 4263 inter·

145 4312 290 4396 pretatio
321 4311 503 4396 postulant,
538 4307 626 4395 περὶ
657 4309 733 4374 τῶν
765 4301 932 4395 νεύρων,
969 4306 1066 4372 simul
1102 4309 1291 4390 corruptum

145 4419 225 4486 illud
258 4419 317 4503 τῆς
348 4413 385 4482 (lt
418 4417 495 4482 τῶν
526 4412 722 4502 κινήσεων
752 4410 868 4504 ἀρχῆς,
899 4413 985 4501 quod
1017 4413 1195 4478 sententiae
1226 4413 1293 4481 vim
