3136 5136
766 440 807 450 —
854 403 1009 470 266-

310 559 389 628 δέον
412 558 477 648 γὰρ
504 556 550 639 ὥς
577 557 761 646 ἄνθρωπον
788 555 999 647 ἇνεγναιιότα
1026 558 1211 640 τοσούτους
1236 557 1371 646 ποιητὰς
1398 561 1446 626 ναί

308 665 517 753 γινώσκοντα
540 669 656 753 σαφῶς
673 663 774 734 ἅπασι
793 679 863 746 τοῖς
882 664 1048 754 δόγμασιν
1065 663 1189 747 αὐτοὺς
1207 670 1448 756 μαρτυροῦντας

308 772 426 843 ἄλλοτε
457 773 539 842 κατὰ
572 772 656 842 ἄλλα
682 775 750 842 τῶν
782 774 886 858 ἐπῶν,
918 770 1028 862 ὥσπερ
1057 775 1113 842 ιιαὶ
1141 773 1358 862 Πλούταρχος
1387 775 1403 840 έ
1432 775 1439 796 ’

282 879 417 963 ‘derisu
441 883 477 950 ἐν
503 895 574 961 τοῖς
600 884 669 950 τῶν
685 877 872 968 Ὁμηρικῶν
893 883 1055 968 μελετῶν,
1088 881 1234 968 ἐκλέγειν
1261 880 1324 969 μὲν
1346 882 1378 962 ἐξ
1399 876 1449 948 αὖ·

242 989 391 1073 λοιπῶν,
419 985 482 1056 ὅσα
504 999 667 1076 μαρτυρεῖ
687 990 731 1077 τῷ
755 987 1012 1078 σπουδαζομένῳ
1035 986 1119 1076 πρὸς
1144 987 1149 1076 Ι
1176 983 1283 1056 αὐτοῦ
1308 985 1471 1076 ἐόγματι,’

309 1101 524 1182 παραλείπειν
552 1093 590 1163 di
612 1091 652 1162 τὰ
675 1091 845 1181 μαχόμενα
873 1093 929 1162 καί
951 1097 1019 1164 πᾶν
1046 1094 1152 1163 ἐνίοτε
1175 1092 1450 1176 κατασκευάζοντα

308 1199 510 1272 τούναντίον
546 1199 670 1290 ὁμοίως
703 1200 776 1287 ἑξῆς
811 1197 971 1270 ἁπάντων
1007 1202 1179 1289 μέμνηται.
1226 1199 1269 1269 τὰ
1301 1199 1364 1288 μέν
1393 1199 1451 1290 γὰρ

307 1312 446 1376 τοιαῦτα
468 1311 537 1376 τῶν
560 1310 649 1376 ἐπῶν
677 1305 808 1376 ἅπαντα
831 1307 932 1396 ἐχρῆν
959 1303 1024 1378 ὑπὸ
1054 1305 1160 1377 αὐτοῦ
1181 1315 1450 1396 παραλελεῖφθαι.

309 1415 365 1482 διὰ
388 1406 438 1483 ὧν
461 1415 497 1484 δὲ
521 1417 607 1483 νοῦν
633 1414 689 1482 καὶ
711 1415 838 1503 φρένας
863 1415 918 1483 καὶ
943 1415 1100 1485 διάνοιαν
1122 1415 1177 1484 καὶ
1200 1414 1367 1504 λογισμὸν
1388 1413 1453 1484 elad

270 1543 296 1583 ¹⁰
309 1549 359 1602 τις
381 1521 519 1610 ποιητὴς
546 1523 583 1590 ἐν
609 1525 731 1612 καρδίᾳ
758 1523 985 1610 περιέχεσθαι,
1012 1521 1174 1609 συνάγειν
1196 1525 1279 1608 ἔδει,
1307 1520 1451 1606 καθάπερ

310 1632 375 1714 ἔχει
397 1628 453 1697 καὶ
475 1627 516 1696 τὰ
538 1633 689 1698 τοιαῦτα·

354 1735 427 1803 *καὶ
450 1735 523 1805 τότε
546 1735 588 1823 δὴ
613 1737 767 1824 στηθέων
789 1743 809 1822 †
832 1733 871 1804 θ’
897 1733 965 1824 ἅμα
988 1735 1114 1824 φρένας
1136 1736 1262 1818 ἐξέλετο
1289 1733 1392 1814 Ζεύς]

309 1868 364 1910 και

354 1951 489 2035 ‘drumm
510 1947 732 2038 Ἐννοσίγαιε,
755 1947 838 2038 ἐμὴν
862 1951 900 2018 ἐν
922 1947 1062 2038 στήθεσι
1084 1948 1233 2036 βουλήν]

146 2069 149 2076 ’
271 2075 295 2118 ιο
308 2062 369 2124 καί

311 2223 501 2232 ..μ-..-
508 2225 523 2231 ι-

347 2351 363 2398 2
392 2337 481 2398 adrui
509 2341 590 2399 codd.
614 2342 675 2398 edd.
700 2337 807 2407 αὐτοὺς
834 2359 892 2399 nce.
917 2373 950 2382 -
977 2350 992 2396 3
1019 2337 1108 2406 ἄλλοις
1130 2359 1159 2395 τε
1184 2341 1233 2394 καὶ
1256 2331 1347 2395 τᾶλλα
1369 2339 1399 2394 L.
1421 2369 1451 2378 -

310 2423 326 2470 4
346 2410 455 2484 ἐκλέγει
469 2413 603 2470 MnBch
623 2409 748 2484 ἐκλέγειν
763 2413 825 2470 LK.
841 2445 873 2454 -
894 2421 910 2470 6
928 2415 1097 2484 παραλείπει
1115 2410 1252 2466 ΜΑΒΟὶι
1271 2413 1451 2480 παραλείπειν

311 2485 372 2542 LK.
397 2518 429 2527 —-
458 2480 710 2554 παρασκευάζοντα
734 2486 765 2542 L.
793 2517 826 2526 —
858 2492 873 2540 '1
898 2479 1065 2541 τούναντίον
1089 2477 1135 2538 ὅδ’
1165 2477 1269 2568 ὁμοίως
1299 2479 1451 2538 LMABCh

309 2579 332 2612 τ.
353 2551 368 2613 ὁ
387 2553 417 2612 δ’
437 2552 462 2616 ὁ.
481 2558 507 2612 Κ
525 2551 572 2612 dd'
593 2555 732 2613 eiecimus.
753 2589 787 2600 -—
806 2565 822 2612 9
842 2554 873 2612 δέ
895 2574 947 2613 om.
967 2557 999 2614 L.
1020 2589 1053 2598 -
1078 2563 1111 2611 10
1130 2573 1248 2624 ποιητης
1266 2557 1335 2612 ente
1354 2550 1386 2610 έτ
1402 2566 1449 2608 om

310 2629 452 2696 ABChK3
482 2629 517 2684 of.
539 2627 625 2684 Proll.
650 2647 677 2700 p.
706 2635 749 2684 35.
777 2623 905 2698 (ποιητής
927 2628 1014 2684 etiam
1037 2627 1058 2682 L
1086 2626 1192 2695 habet).
1218 2657 1251 2666 -
1286 2621 1404 2696 συνάγει
1426 2623 1449 2678 Μ

310 2696 444 2769 συνάγειν
463 2697 522 2755 ἐστι
540 2717 594 2754 om.
619 2699 649 2755 L.
676 2731 708 2740 —-
740 2705 772 2755 12
796 2699 845 2754 ιιαλ
872 2701 938 2755 ante
963 2695 1026 2754 τότε
1054 2694 1090 2768 δι’]
1119 2715 1173 2753 om.
1197 2695 1282 2782 ΟμΚς
1312 2697 1348 2754 σί.
1374 2695 1450 2778 Pron,

310 2791 335 2842 p.
358 2777 400 2826 bd.
419 2802 452 2812 -
477 2769 606 2838 στηθέων
625 2765 679 2825 ἅθ’
704 2765 764 2842 ἅμα
782 2771 811 2825 Μ
838 2789 876 2827 στ.
896 2765 951 2826 ἅθ’
971 2765 1072 2841 ἅμαΙι
1096 2787 1137 2824 στ.
1155 2762 1190 2823 θ’
1209 2788 1267 2838 ομα
1287 2769 1342 2824 ΑΒ
1365 2769 1439 2824 oce

313 2833 375 2912 οἶμα
395 2841 467 2896 ChK
486 2841 563 2896 loeus
582 2845 736 2912 corruptus.
755 2873 790 2883 —
811 2847 847 2898 14'
861 2842 898 2897 Jl.
918 2841 979 2912 XX,
998 2849 1033 2897 20
1052 2835 1192 2912 ένοσίγαιε
1212 2840 1243 2894 L.
1264 2869 1298 2880 -

310 3131 346 3195 In
377 3155 441 3216 quo
469 3129 635 3214 stupidum
663 3153 714 3196 me
743 3135 831 3196 tonet
859 3131 1037 3218 Chrysippi
1064 3132 1331 3218 magnanimitas.
1376 3133 1449 3196 (ἴσον

310 3238 410 3321 enim,
445 3238 501 3323 qui
524 3239 576 3302 tot
605 3239 719 3321 poetas
751 3238 946 3324 perlegisset
977 3239 1142 3324 probeque
1176 3231 1274 3304 sciret
1307 3239 1448 3306 omnibus

309 3343 448 3409 decretis
472 3341 656 3428 suffragari,
680 3341 754 3408 aliis
777 3345 811 3410 in
835 3345 908 3412 aliis
928 3346 1087 3430 versibus,
1109 3346 1142 3411 id
1160 3345 1245 3431 quod
1264 3347 1367 3412 etiam
1384 3345 1449 3410 Plu-

310 3449 443 3515 tarchus
470 3450 505 3515 in
533 3449 801 3517 meditationibus
830 3451 1014 3519 Homericis
1048 3453 1203 3537 ostendit,
1235 3451 1368 3518 deberet
1399 3471 1447 3514 coe

311 3559 438 3623 tantum
462 3557 596 3644 eligere,
619 3557 674 3643 qui
698 3558 844 3641 decreto,
870 3561 956 3644 quod
984 3559 1055 3645 ipse
1079 3560 1335 3646 amplexaretur,
1360 3558 1445 3624 fidem

309 3665 468 3749 fecerent,
500 3664 631 3731 omissis
659 3665 790 3752 ceteris,
821 3667 877 3752 qui
909 3667 960 3732 vel
988 3669 1207 3756 repugnarent
1238 3665 1288 3732 vel
1323 3685 1446 3752 prorem

310 3770 508 3837 contrarium
526 3794 757 3858 nonnunquam
776 3775 1013 3862 confirmarent,
1036 3798 1147 3842 omnes
1166 3774 1350 3860 promiscue
1367 3771 1445 3838 dein·

310 3897 385 3962 ceps
409 3883 651 3944 commemorat
695 3879 927 3946 Huiuscemodi
949 3882 1034 3948 enim
1059 3904 1169 3948 versus
1193 3903 1305 3947 omnes
1327 3881 1444 3946 fuerant

309 3983 603 4070 praetermittendi,
639 3985 690 4052 illi
727 3989 834 4052 antem
872 3987 1060 4074 colligendi,
1096 3987 1213 4073 quibus
1243 3987 1445 4068 intellectum,

309 4093 465 4176 mentem,
497 4091 729 4179 cogitationem
760 4093 984 4180 rationemque
1020 4095 1055 4161 in
1086 4095 1182 4162 corde
1214 4117 1285 4162 esse
1317 4095 1444 4182 probare

310 4199 472 4284 quispiam
495 4203 620 4286 posset3
644 4201 823 4268 cuiusmodi
846 4203 881 4268 hi
905 4205 993 4269 sunt:

390 4305 558 4392 ‘duppiter
581 4307 701 4394 eripuit
724 4311 801 4374 tnnc
824 4309 872 4375 illi
896 4333 913 4375 e
936 4313 1067 4396 pectore
1090 4315 1242 4377 mentem.

310 4417 343 4480 et
387 4413 575 4482 ‘consilium
597 4421 761 4502 nostrum,
785 4416 951 4504 Neptune,
973 4417 1008 4484 in
1031 4423 1162 4504 pectore
1184 4419 1293 4487 noeti!
