3296 5150
616 401 858 467 -395-

164 559 446 648 ’ἐγχρονιζομίνης
483 559 519 628 δὲ
553 555 709 628 ἀνίεσθαι
739 557 760 648 ἡ
792 567 937 647 συστολη
969 568 1040 646 καί,
1071 558 1117 640 ὡς
1147 557 1256 649 οἶμαι,
1290 557 1308 650 ἡ

163 666 228 735 ’ἐπὶ
250 666 313 754 τὴν
335 665 503 756 συστολὴν
525 662 622 754 ὁρμή.
666 664 770 754 τυχὸν
792 665 829 735 δὲ
856 668 910 736 καί
937 666 1060 754 ταύτης
1087 665 1310 755 διαμενούσης

164 769 237 860 ὀὐχ
273 769 497 849 ὑπακούσεται
533 772 573 841 τὰ
606 773 679 861 ἑξῆς
714 771 771 841 διὰ
803 772 904 843 ποιὰν
937 772 1042 862 ἄλλην
1074 776 1310 862 ἐπιμινομίνην

165 879 332 949 “διοίοεσιν
363 877 606 968 ἀσυλλόγιστον
632 879 763 950 τούτων
790 881 988 970 γινομένων.
1042 879 1130 950 οὕτω
1162 880 1226 968 γὰρ
1254 883 1309 950 καὶ

164 989 345 1068 ’κλαίοντες
371 986 536 1057 παύονται
567 989 623 1056 καί
654 986 700 1076 μὴ
731 987 932 1076 βουλόμενοι
964 994 1091 1057 κλαίειν
1123 993 1335 1072 κλαίονσιν,5

164 1091 257 1162 (ὅταν
280 1091 398 1182 ὁμοίας
419 1093 459 1164 τὰ
482 1093 683 1182 ὑποκείμενα
705 1102 891 1183 φαντασίας
912 1098 991 1184 ποιῇ
1013 1094 1069 1162 καὶ
1089 1095 1259 1180 ἐνίστηταί
1277 1122 1308 1162 τι

165 1195 196 1288 ’ἢ
226 1203 346 1288 μηδέν.
397 1197 439 1270 δν
464 1200 591 1289 τρόπον
622 1201 686 1290 γὰρ
718 1201 738 1292 ἡ
766 1202 908 1290 θρήνων
934 1205 1055 1282 παῦσις
1081 1207 1208 1289 γίνεται
1230 1202 1306 1292 καὶΙ

164 1309 375 1395 (κλαυθμῶν,
402 1311 539 1376 τοιαῦτα
567 1307 709 1397 εὔλογον
737 1311 792 1378 καί
820 1311 871 1377 ἐπὶ
899 1310 1037 1377 ἐκείνων
1066 1307 1308 1396 συντυγχάνειν
1317 1325 1375 1384 400

165 1415 213 1482 ‘dv
235 1429 307 1494 ταῖς
329 1412 445 1502 ἀρχαῖς
471 1417 599 1502 μᾶλλον
619 1420 688 1484 τῶν
709 1415 911 1505 πραγμάτων
933 1415 1135 1504 κινούντων,
1157 1415 1308 1503 καθάπερ

165 1522 229 1588 ’ἐπὶ
252 1524 321 1590 τῶν
341 1521 402 1590 τὸν
419 1521 545 1608 γέλωτα
563 1521 752 1592 κινούντων
774 1530 929 1611 γίνεσθαι
953 1527 1050 1610 ἔφην,
1073 1524 1127 1590 καὶ
1149 1521 1190 1592 τὰ
1209 1521 1308 1611 ὅμοια
1323 1546 1348 1584 1⁰

166 1627 328 1708 ‘codrum'
365 1626 415 1696 ὅτι
438 1628 499 1716 μὲν
518 1619 582 1698 οὖν
605 1630 643 1698 ἐν
663 1633 709 1722 τῷ
732 1629 842 1721 χρόνῳ
865 1628 1004 1698 παύεται
1026 1627 1177 1718 τὰπάθη
1201 1637 1308 1699 καίτοι

165 1739 223 1822 τῆς
250 1735 348 1822 δόξης
375 1735 613 1824 διαμενούσης,
642 1733 743 1818 αὐτὸς
776 1733 795 1805 ὁ
823 1735 1018 1822 Χρύσιππος
1048 1733 1219 1824 ὁμολογεῖ·
1251 1736 1308 1805 διὰ

163 1847 239 1910 τίνα
269 1844 385 1932 μέντοι
421 1841 483 1930 τὴν
519 1845 629 1912 αἰτίαν
657 1847 756 1913 τοῦτο
793 1849 936 1931 γίνεται,
968 1841 1189 1930 δνσλόγιστον
1222 1842 1312 1912 εἶναί

165 1969 279 2036 φησιν.
324 1946 391 2017 εἶδ’
417 1949 490 2037 ἑξῆς
513 1950 606 2037 ἔτερα
629 1957 865 2039 παραπλησίως
887 1949 1047 2039 γινόμενα
1070 1950 1206 2039 γράφει,
1233 1953 1307 2039 περὶ

164 2047 213 2124 ὧν
236 2051 315 2124 οὐδὲ
339 2053 451 2126 αὐτῶν
474 2056 631 2145 δηλονότι
653 2057 716 2145 τὴν
739 2062 850 2126 αἰτίαν
869 2059 1098 2144 ἐπαγγέλλεται
1122 2057 1308 2144 γινώσκειν.
1322 2077 1347 2118 ισ

200 2296 216 2344 4
235 2285 450 2360 δνσνλλόηιστον
468 2292 492 2344 Α
516 2286 697 2360 δνσλόγιστον
715 2288 848 2345 MABCb
871 2283 1069 2358 ἀσυλλόγιστον
1088 2306 1150 2356 nos3
1176 2291 1211 2345 cl.
1234 2292 1308 2348 infra

164 2380 191 2449 p.
211 2367 276 2431 400,
296 2369 312 2416 2
331 2363 360 2416 et
377 2381 405 2432 p.
424 2367 474 2416 401
495 2379 521 2431 p.
541 2361 613 2416 med.
638 2393 666 2402 -
691 2357 867 2416 ὅπαύονται
887 2376 941 2416 om.
960 2358 1067 2414 Assch.
1091 2391 1124 2400 -
1149 2357 1222 2432 6μὴ
1241 2365 1307 2418 ante

163 2435 264 2503 ομοίως
278 2432 409 2487 eiecimus
424 2433 487 2515 coll.
505 2432 579 2516 infra
596 2451 623 2502 p.
643 2439 703 2501 400,
724 2439 765 2488 16.
786 2463 817 2473 -
838 2427 1061 2500 tricennarius
1078 2425 1113 2486 τὰ
1131 2426 1307 2504 ὑποκείμενα

165 2505 245 2560 codd.
265 2505 341 2572 edd.;
365 2506 396 2559 at
418 2503 482 2558 vide
504 2504 578 2560 infra
600 2522 628 2575 p.
648 2510 709 2573 400,
729 2511 769 2560 16.
791 2534 823 2544 -
847 2509 864 2559 8
883 2501 1025 2572 κλανδμολ
1043 2502 1122 2559 codd.
1140 2504 1203 2560 cdd.
1222 2509 1306 2560 κλαο-

162 2577 247 2647 ομῶν
266 2592 324 2630 nos.
343 2606 375 2616 -
398 2582 429 2630 15
449 2570 519 2630 αύτδ
538 2575 575 2631 Μ.
595 2607 628 2616 -

164 2811 241 2877 lum
274 2833 370 2894 esse,
403 2809 467 2875 sed
504 2811 762 2877 inveteratam
798 2810 975 2896 efficere,
1009 2815 1051 2877 ut
1083 2812 1308 2878 remittatur

165 2917 385 2986 contractio
422 2922 460 2982 et
495 2940 576 2984 mec
611 2918 766 3003 quidem
803 2919 1003 2984 sententia
1043 2918 1224 2983 incitatio
1261 2918 1306 2982 ad

164 3025 481 3092 contractionem.
517 3024 702 3091 Fortasse
721 3025 837 3090 etiam
857 3025 926 3090 hac
949 3027 1196 3109 permanente
1215 3023 1305 3088 reli-

163 3155 237 3218 qua
256 3155 330 3198 non
349 3131 687 3217 obtemperabunt,
706 3155 787 3196 curn
803 3135 963 3216 propter
981 3131 1171 3217 quendam
1189 3130 1305 3194 aliam

165 3240 416 3306 affectionem
445 3239 785 3324 supervenientem
812 3238 1131 3322 inexplicabilem
1158 3237 1196 3302 id
1222 3236 1306 3302 fiet

163 3347 224 3412 Ita
252 3347 351 3412 enirn
383 3351 419 3412 et
450 3347 594 3410 flentes
626 3345 822 3410 desistunt
849 3349 902 3430 ct,
933 3347 997 3430 qui
1029 3344 1127 3410 flere
1156 3345 1306 3428 nolunt,

164 3453 276 3536 flent,
299 3453 544 3520 cumsimilis
564 3475 689 3518 rerum
709 3453 858 3536 species
878 3449 1034 3518 obiecta
1057 3453 1109 3518 sit
1128 3457 1165 3517 et
1184 3452 1306 3517 instet

165 3559 313 3644 aliquid
341 3563 407 3625 aut
437 3559 546 3624 nihil.
590 3557 699 3642 Nam,
731 3581 804 3644 qno
836 3560 945 3626 modo
977 3560 1236 3624 lamentorum
1269 3561 1306 3622 et

166 3667 388 3750 ploratuum
416 3666 566 3732 sedatio
589 3665 652 3750 fit,
683 3667 740 3732 ita
769 3671 1075 3732 consentaneum
1102 3665 1306 3730 est'etiam

166 3772 203 3836 in
226 3771 311 3837 illis
334 3772 440 3856 fieri,
463 3795 546 3838 cum
561 3771 678 3838 initio
698 3795 757 3838 res
776 3773 899 3858 magis
923 3779 1114 3857 moveant,
1137 3773 1245 3837 velut
1267 3772 1306 3836 in

165 3879 285 3944 risum
303 3881 547 3945 moventibus
567 3880 725 3944 evenire
744 3879 837 3964 dixi,
861 3883 898 3944 et
917 3879 998 3944 alia
1016 3877 1306 3944 huiuscemodi!

163 3985 300 4050 Fatetur
330 3985 432 4072 igitur
464 3987 534 4070 ipae
564 3983 765 4071 Chrysippus
794 3986 1006 4052 diuturnitate
1029 3986 1208 4070 temporis‚·
1230 3986 1307 4051 licet

165 4097 353 4176 permaneat
389 4093 513 4177 opinio,
545 4092 807 4178 perturbationes
839 4093 957 4178 sedari,
992 4094 1077 4178 quod
1109 4096 1218 4156 tamen
1251 4113 1308 4156 cur

164 4199 231 4283 liat,
254 4199 437 4265 abstrusam
460 4200 618 4266 rationem
638 4221 709 4264 esse
727 4200 782 4264 cit.
818 4198 979 4284 Deinceps
1003 4199 1078 4282 clia,
1100 4220 1182 4283 qnae
1206 4198 1306 4263 simili

165 4305 260 4371 modo
293 4306 458 4390 eveniunt,
496 4306 665 4390 adscribit,
703 4329 839 4392 quorum
872 4329 1003 4372 csusam
1034 4328 1100 4371 non
1133 4305 1239 4390 magis
1271 4327 1306 4369 se

165 4433 358 4498 cognoscere
391 4415 571 4480 confitetur.
626 4413 671 4480 At
702 4413 895 4481 Posidonius
926 4435 992 4479 non
1023 4413 1085 4498 ite,
1116 4409 1308 4499 Chrysippo,
