3210 5148
576 465 819 530 -427-

119 619 340 712 όμοιομεριόν,
362 618 408 702 ὥς
426 619 658 712 Ἀναξαγόρας,
682 631 746 692 εἴτε
769 623 805 690 ἐκ
827 624 958 710 θερμοῦ
980 620 1035 689 καὶ
1059 622 1190 707 ψυχροῦ
1212 617 1267 687 καὶ

119 731 222 818 ξηροῦ
245 730 300 797 καὶ
323 725 442 818 ὑγροῦ,
465 729 616 816 καθάπερ
640 729 659 798 ὅ
681 756 717 798 τε
740 729 934 817 Χρύσιππος
957 725 1084 810 δοξάζει
1107 727 1162 794 καὶ
1185 725 1267 794 πάν-

118 861 171 915 τες
193 840 229 904 οί
250 837 395 905 Στωϊκοί
419 837 474 904 καὶ
502 835 565 923 πρὸ
594 824 706 904 αὐτοῖν
725 833 950 924 Ἀριστοτέλης
977 836 1032 902 καὶ
1054 832 1269 920 Θεόφραστος

120 943 175 1011 καί
202 941 274 1030 πρὸ,
296 941 426 1011 τούτων
453 949 499 1011 ἔτι
529 941 674 1011 Πλάτων
700 943 755 1010 καὶ
778 940 1009 1030 Ἱπποκράτης,
1037 939 1057 1028 ἡ
1084 945 1152 1010 τῶν
1180 961 1267 1009 στοι-

120 1055 219 1136 χείων
241 1047 324 1116 κατά
347 1049 455 1118 πάντα
483 1056 666 1140 συμμετρία
688 1049 750 1138 τὴν
773 1047 905 1135 ὑγίειαν
928 1048 1105 1135 ἐργάζεται.
1150 1053 1180 1115 εί
1201 1055 1294 1117 τοί-6

120 1183 185 1224 νυν
213 1157 325 1224 έδέλοι
353 1182 403 1236 τις
429 1155 563 1226 ἅπασαν
590 1154 653 1244 τὴν
685 1154 870 1243 ἀναλογίαν
901 1161 969 1225 τῶν
995 1154 1077 1224 κατδι
1104 1154 1143 1223 τὸ
1173 1159 1268 1244 σῶμα

118 1278 189 1343 τοῖς
220 1262 302 1332 κατὰ
334 1263 397 1349 τὴν
429 1262 541 1351 ψυχὴν
573 1263 765 1348 διασώζειν,
798 1261 843 1345 ὡς
873 1261 1032 1351 ὑπίσχετο
1064 1261 1268 1350 Χρύσιππος,

121 1371 279 1451 ἐπιδείξαι
303 1367 365 1456 χρὴ
388 1373 511 1438 τοῦτον
534 1375 570 1438 ἔκ
591 1397 696 1439 τινων
715 1367 830 1439 ἁπλῶν
849 1367 971 1439 οόσανελ
995 1375 1168 1456 στοιχείων
1190 1390 1268 1456 συγ-

122 1477 278 1563 κειμένην
304 1475 366 1563 τὴν
394 1475 477 1564 ὅλην
504 1476 631 1565 ψυχήν,
661 1481 718 1545 ἵνα
746 1479 783 1545 ἐν
808 1481 849 1567 τῇ
876 1476 1006 1545 τούτων
1032 1475 1116 1562 πρὸς
1142 1474 1267 1564 άλληλα

122 1589 305 1672 συμμετρίᾳ
327 1581 389 1669 τὴν
407 1581 538 1670 ὑγίειαν
560 1586 614 1652 καὶ
637 1583 699 1672 τὴν
722 1583 827 1653 νόσον
848 1581 950 1671 αὐτῆς
972 1581 1052 1673 εῧρη
1076 1585 1267 1670 γινομένην,
1283 1599 1308 1640 ¹⁰

122 1687 202 1777 όιιερ
226 1686 244 1757 ό
264 1688 409 1784 Πλάτων
428 1691 570 1778 ἐποίησε.
608 1691 799 1777 Χρύσιππος
818 1692 855 1760 δὲ
874 1690 949 1760 οὔτε
968 1691 1092 1777 ταύτην
1110 1687 1267 1777 ἠδυνήθη

121 1793 183 1884 τὴν
197 1793 376 1884 ὁμοιότητα
391 1799 494 1880 δεῖξαι
514 1805 620 1866 καίτοι
635 1796 863 1886 ὑποσχόμενος
876 1797 952 1868 οὔτε
967 1797 1029 1885 τὴν
1047 1801 1109 1866 τοῦ
1125 1796 1268 1876 κάλλους

122 2007 204 2076 κατὰ
223 2005 287 2096 γάρ
305 2009 384 2088 τοὺς
403 2013 546 2089 οἰκείους
564 2015 625 2079 τοῦ
643 2011 748 2098 λόγου
766 2011 947 2100 μερισμοὺς
963 2009 1070 2098 καλὴν
1087 2007 1107 2098 ἢ
1126 2008 1267 2098 αἰσχράν

123 2119 225 2201 ἔφησε
252 2121 407 2200 γίνεσθαι
436 2116 559 2204 ψυχήν·
592 2116 794 2204 ὑγιαίνουσα
824 2119 861 2186 δέ
893 2115 913 2206 ἢ
946 2121 1093 2187 νοσοῦσα
1125 2121 1195 2198 πῶς
1224 2113 1267 2184 ἄν
1283 2133 1307 2172 ¹⁵

123 2222 263 2308 γίνοιτο,
285 2223 464 2309 παρέλιπεν
487 2229 534 2303 είς
556 2221 695 2308 ταύτόν,
719 2221 822 2311 οἶμαι,
846 2227 995 2312 συγχέων
1016 2223 1116 2311 άμφω
1145 2225 1197 2291 καὶ
1222 2223 1266 2311 μὴ

123 2327 311 2416 δυνάμενος
336 2328 341 2418 Ι
366 2327 509 2418 άκριβῶς
530 2356 565 2398 τε
588 2331 642 2398 καὶ
666 2327 858 2419 ὡρισμένως
888 2329 972 2418 ὑπὲρ
1000 2327 1112 2398 αότάν
1139 2327 1268 2416 άτιοωή-
1277 2341 1331 2399 461

157 2521 293 2595 strutar
310 2527 341 2582 P.
365 2557 399 2566 —
427 2527 455 2580 in
477 2526 571 2581 verbis
596 2521 639 2596 όγ.
670 2522 817 2596 ἐργάζεται
840 2526 927 2582 desin.
956 2529 1077 2596 excerpt.
1101 2525 1164 2580 XIV
1188 2525 1265 2580 oodd.

121 2599 178 2652 FP.
198 2629 231 2638 -
251 2605 267 2652 6
286 2591 383 2652 αὐτῶν
402 2598 481 2652 οοδδ.
501 2597 562 2652 εδδ.
583 2599 638 2652 τῶν
657 2615 719 2664 nos;
739 2599 773 2654 of.
787 2597 872 2652 Proll.
890 2616 918 2669 p.
938 2605 980 2652 93.
1001 2629 1033 2638 -
1055 2604 1069 2652 7
1090 2599 1149 2652 ίδια
1169 2593 1267 2664 οάζειν

122 2687 172 2740 pro
191 2663 340 2734 διατάξειν
358 2669 388 2723 L.
409 2700 441 2708 -
463 2675 479 2724 8
498 2669 547 2723 τοῦ
567 2665 619 2738 τὴν
638 2687 688 2740 pro
707 2670 807 2724 τοῦτον
826 2669 856 2724 L.
877 2701 909 2708 —
928 2663 1026 2724 άτιλῶν
1040 2668 1155 2722 LMAB
1172 2663 1267 2730 ἁπλῶς

123 2740 203 2795 ChK.
223 2770 256 2779 -·
280 2745 296 2792 9
317 2734 370 2796 οὖν
390 2757 438 2809 pro
458 2740 506 2794 ἵνα
525 2741 554 2795 L.
581 2773 613 2780 —
641 2749 673 2796 tu
691 2735 792 2810 ὑγείαν
810 2741 841 2797 L.
862 2773 893 2781 —
921 2748 952 2796 12
972 2735 1086 2806 διδάξαι
1104 2737 1267 2794 MABchK

122 2812 218 2877 δεξαι
232 2811 263 2866 L.
286 2841 322 2850 -
351 2817 383 2866 13
407 2811 440 2882 τῇ
463 2813 529 2866 ante
547 2805 642 2886 όγιείᾳ
662 2830 716 2868 orn.
735 2813 765 2866 L.
791 2845 822 2852 -
850 2819 881 2867 lo
901 2810 1034 2867 evertis
1052 2807 1090 2881 μὴ
1109 2806 1267 2883 δυνάμενος

124 2883 176 2938 inc.
195 2885 317 2952 excerpt.
337 2881 388 2936 XV
407 2882 486 2938 oodd.
505 2881 562 2940 FP.
583 2915 615 2924 —

123 3083 204 3167 siue,
236 3085 273 3147 ut
301 3079 505 3168 Chrysippus
534 3082 686 3167 opinatur
715 3081 878 3168 Stoioique
907 3105 1019 3148 omnes
1049 3086 1082 3146 et
1109 3085 1183 3148 ante
1211 3104 1267 3146 eos

123 3188 317 3256 Aristoteles
341 3193 375 3254 et
396 3189 641 3274 Theophrastus
670 3195 703 3254 et
724 3191 815 3274 prius
844 3190 944 3255 etiem
967 3189 1062 3256 Plato
1086 3194 1119 3254 et
1141 3188 1267 3274 Hippo·

122 3301 237 3381 crates,
260 3318 298 3361 ex
322 3296 427 3362 oslido
447 3300 480 3360 et
502 3296 632 3382 frigido,
656 3297 742 3362 sicco
761 3301 794 3361 et
811 3296 955 3378 humido,
978 3297 1209 3363 elementorum
1232 3297 1268 3362 in

124 3403 274 3467 omnibus
298 3402 514 3489 aequabilitas
542 3403 717 3468 sanitatem
742 3403 850 3468 efficit.
896 3401 1018 3478 Quodsi
1042 3404 1114 3488 quis
1141 3403 1268 3486 horum,

125 3529 206 3592 quae
231 3508 265 3572 in
284 3531 418 3594 corpore
442 3514 526 3594 sunt,
550 3533 622 3574 oum
646 3511 697 3594 iis,
721 3533 802 3595 quse
825 3509 998 3592 inanimo,
1021 3509 1267 3576 similitudinem

125 3635 263 3694 omnem,
288 3613 372 3680 sicut
394 3615 561 3699 pollicitus
585 3619 634 3681 est
658 3615 869 3702 Chrysippus,
892 3637 1020 3680 servare
1043 3616 1127 3698 vult,
1149 3617 1178 3680 is
1201 3617 1270 3703 pls·

123 3741 200 3784 num
223 3719 329 3784 facere
353 3721 448 3786 debet
472 3745 509 3787 ex
533 3722 726 3808 quibusdum
750 3721 953 3807 simplicibus
982 3723 1075 3805 quasi
1099 3723 1268 3790 elementis

124 3829 272 3892 constare
296 3829 402 3892 totum
423 3829 575 3912 animum,
598 3834 635 3894 ut
657 3829 773 3894 horum
792 3829 878 3892 inter
895 3851 929 3892 se
948 3830 1159 3912 proportione
1183 3829 1269 3895 suni-

123 3937 226 4000 tutem
250 3937 284 3998 et
305 3933 455 3998 morbum
479 3935 547 3999 eius
571 3936 729 4002 contineri
752 3936 906 4011 inveniet
928 3935 962 4000 id
985 3936 1071 4019 quod
1094 3934 1268 4001 aPlutone

122 4041 327 4106 factumest.
373 4039 578 4125 Chrysippus
602 4045 709 4106 sutem
737 4064 841 4126 neque
868 4041 952 4106 beno
976 4041 1127 4107 sanitatis
1154 4041 1269 4106 simili·
1333 4029 1339 4038 ’

122 4147 279 4230 tudinem,
302 4169 498 4232 quamquam
517 4149 723 4232 promiserat,
745 4171 848 4234 neque
866 4148 1117 4233 pulchritudinis
1140 4149 1269 4214 demon-

124 4259 228 4320 strare
247 4254 365 4339 potuit,
384 4255 438 4319 sed
457 4253 731 4338 pulchritudinem
746 4278 818 4320 oum
838 4255 978 4320 sanitate
993 4254 1146 4320 confudit.
1182 4253 1269 4319 Num

124 4362 298 4427 secundum
318 4362 468 4446 proprius
487 4361 624 4426 rationis
643 4361 817 4426 divisiones
832 4360 1003 4446 pulchrum
1022 4361 1073 4424 vel
1091 4361 1268 4426 deformem

123 4469 269 4534 animum
292 4468 361 4534 fieri
385 4467 479 4554 dixit3
507 4473 541 4533 ut
567 4490 631 4553 quo
654 4467 752 4534 modo
774 4469 825 4532 vel
854 4489 950 4534 sunus
973 4468 1026 4532 vel
1049 4489 1146 4554 aeger
1167 4467 1269 4551 fieret,
