3376 5144
634 407 875 469 -777-

180 563 240 650 [ὥς
263 569 298 634 οἰ
317 564 413 648 κατὰ]
428 562 587 651 βοήθημα
601 563 704 632 τοῦδέ
714 588 806 640 τινος
819 564 880 628 τοῦ
901 561 1044 644 πάθους,
1068 555 1154 646 οἷον,
1177 567 1209 629 εί
1220 561 1326 649 τύχοι,

180 676 402 760 πλευρίτιδος,
426 667 681 756 ἀποφηνάμενοι
700 667 763 755 τὴν
782 673 1017 755 φλεβοτομίαν,
1040 673 1124 735 ἔνιοι
1142 669 1178 736 δὲ
1193 668 1256 755 τὴν
1269 669 1327 737 κά-

178 787 321 866 θαρσιν,
357 776 467 864 ὥσπερ
506 802 542 862 γε
565 777 619 843 καί
643 777 767 864 πυρίαν
800 778 836 842 οἰ
862 773 923 861 μέν
956 773 1012 842 διὰ
1036 774 1206 863 σπόγγων,
1230 780 1267 844 οἰ
1288 775 1325 843 δὲ

179 885 238 954 διά
272 889 340 953 τῶν
372 885 590 971 καλουμένων
623 881 687 950 ὑπὸ
720 885 788 950 τῶν
821 885 945 967 ἰατρῶν
979 888 1155 969 μαρσίπωυ
1184 881 1204 968 ἤ
1233 909 1327 962 τινος

179 993 303 1080 ἑτέρου.
348 991 430 1060 κατὰ
466 987 569 1058 ταύτά
608 989 644 1057 δὲ
680 991 736 1057 καί
765 990 840 1076 περὶ
870 991 1022 1075 λουτρῶν
1048 990 1103 1056 καί
1131 989 1205 1075 περί
1228 986 1353 1058 ἄλυν-ε

179 1105 251 1178 τίας
282 1100 511 1186 διηνέχθησαν
539 1094 729 1183 ὀξυμέλιτός
757 1122 791 1163 τε
818 1096 874 1164 καί
896 1094 1097 1182 μελικράτου
1123 1096 1178 1163 καί
1205 1093 1328 1175 ὕδατος

180 1207 235 1273 καί
265 1215 363 1274 νίνου
386 1206 441 1272 καὶ
464 1203 625 1290 πτισάνης
652 1201 725 1290 ἤτοι
753 1207 814 1271 τοῦ
842 1203 1053 1290 διηθημένον
1088 1206 1192 1289 χυλοῦ
1220 1201 1328 1289 μόνον

181 1313 334 1390 διδόντες
357 1307 377 1378 ἰ
406 1315 409 1400 l
436 1315 494 1398 τῆς
512 1311 704 1398 κριθωδους
726 1309 846 1397 μόνης,
871 1313 906 1378 οἰ
927 1308 964 1377 δὲ
986 1311 1041 1378 καὶ
1064 1317 1195 1394 σιτίων,
1218 1308 1394 1384 άλλων762

183 1417 220 1485 δὲ
244 1417 349 1487 άλλοι.
395 1417 630 1506 διορισάμενος
654 1410 716 1485 οὖν
752 1417 811 1496 τάς
837 1442 872 1484 τε
900 1416 1066 1504 διαφορὰς
1091 1422 1160 1486 τῶν
1185 1417 1328 1505 καμνόν-

182 1553 251 1593 των
278 1527 333 1593 καί
369 1530 437 1594 τῶν
471 1526 655 1612 εἰρημένων
683 1524 911 1612 βοηθημάτων
939 1523 1156 1614 Ἱπποκράτης
1192 1528 1326 1610 ἔδειξεν,
1342 1549 1368 1587 ιο

183 1630 278 1699 ὅσων
302 1632 411 1721 χρῄζει
434 1631 471 1700 τὸ
495 1635 553 1719 τῆς
574 1636 784 1718 πλευρίτιδος
811 1630 930 1710 πάθος.
976 1628 1063 1710 ὅπως
1091 1631 1153 1718 μὲν
1182 1623 1247 1699 οὖν
1270 1630 1329 1699 ad·

179 1737 237 1817 τὸς
260 1741 402 1825 διῆλθεν
424 1735 645 1826 άτακτότερον
668 1743 797 1824 πρῶτος
820 1735 1000 1824 εὑρίσκων,
1029 1739 1067 1804 ἐν
1087 1751 1158 1816 τοῖς
1180 1734 1328 1824 ὑπομνά-

178 1865 282 1931 μασιν
305 1845 464 1934 ἐξήνημαι
487 1848 548 1913 τοῦ
571 1845 646 1933 περὶ
670 1849 798 1931 διαίτης
821 1841 936 1928 ὀξέων,
960 1842 978 1912 ὅ
1001 1871 1089 1923 τινες
1111 1844 1173 1932 μὲν
1196 1845 1329 1933 ἐπιγρά-

178 1971 282 2038 φουσι
306 1949 390 2038 πρὸς
411 1952 470 2032 τάς
497 1957 641 2032 Κνιδίας
678 1951 827 2039 γνώμας,
859 1957 944 2019 ἔνιοι
981 1950 1018 2018 δὲ
1053 1952 1128 2038 περί
1159 1951 1330 2038 πτισάνης,

178 2058 327 2146 ἑκάτεροι
357 2064 545 2148 μοχθηρῶς.
600 2057 663 2146 ἐγὼ
701 2060 754 2143 δέ,
788 2063 844 2125 ἵνα
876 2059 931 2125 καί
964 2058 1089 2126 τούτου
1128 2061 1190 2127 τοῦ
1227 2059 1331 2144 λόγου
1345 2082 1370 2124 ιι

179 2171 279 2252 ἔχωσι
310 2164 366 2234 διδι
395 2166 573 2254 συντόμων
601 2171 692 2254 σαφῆ
720 2165 782 2252 τὴν
815 2168 1035 2232 διδασκαλίαν
1063 2169 1099 2232 οἰ
1118 2173 1330 2252 φιλομαθεῖς,

181 2305 303 2312 ——-
315 2305 394 2311 ......-.-

215 2370 228 2416 ι
249 2382 288 2424 ως
306 2359 336 2415 ο
352 2357 424 2417 κατὰ
445 2363 571 2447 (fortasse
590 2379 623 2417 ex
643 2356 849 2447 glossemate
831 2382 869 2425 ως
894 2358 923 2416 oi
944 2359 1094 2416 Κνιδιαιιολ
1117 2363 1226 2430 natum)
1249 2361 1329 2416 uncis

180 2433 406 2488 seclusimusoe
374 2430 459 2488 -τά
461 2453 496 2505 ηη
516 2434 595 2489 codd.
615 2434 676 2488 edd.
697 2429 778 2502 τύχοι
795 2451 860 2499 ιιοις
879 2432 914 2488 cf.
933 2432 1016 2488 Proll.
1036 2451 1063 2501 p.
1083 2439 1179 2488 80.-
1203 2431 1329 2518 ὀτοῦτμ

178 2504 378 2560 MABcn-
409 2512 424 2560 6
450 2503 641 2596 διηλέηθηοαν
664 2505 759 2560 Μ.-
789 2511 805 2560 8
834 2475 922 2592 ἄλλως
950 2500 1028 2558 ἄλλοι
1052 2501 1250 2574 διορισαμένον
1279 2499 1331 2566 τάς

178 2575 259 2631 codd,
278 2576 340 2630 edd.
364 2571 456 2631 ἄλλων
474 2575 506 2632 st
526 2580 613 2633 αλλοι,
608 2571 837 2701 [διορισάμενος
849 2595 902 2630 ουν
920 2571 971 2638 τάς
990 2592 1100 2631 uos,-
1069 2582 1155 2630 -10
1175 2571 1330 2660 εἰρημένων

180 2645 270 2712 ἔδειξε
290 2647 391 2717 χρῇζον
411 2647 682 2718 οοδδ.ει1δ.ιί.ρημ
702 2642 917 2717 βοηθημάτων
918 2643 1097 2718 λιιιιοιιράτης
1116 2639 1272 2716 ἔδειξενᾎ
1256 2664 1331 2702 ocos

179 2713 275 2789 χρῄζει
295 2735 358 2784 nos;
378 2719 412 2773 cf.
431 2719 516 2774 Proll.
536 2737 563 2789 p.
576 2726 643 2775 108.
664 2751 697 2760 -

177 2919 230 2983 nis
245 2919 380 2984 detraot'
355 2923 479 2984 tionem
490 2940 560 2984 esse
574 2920 842 3004 pronuntiabant,
857 2917 914 2983 alii
928 2920 1169 3003 purgationem,
1180 2921 1331 3004 quemad-

178 3025 311 3092 modum
330 3026 429 3091 etiam
448 3026 639 3112 fomentum,
662 3026 748 3111 quod
766 3025 823 3091 alii
842 3024 1001 3108 spongiis,
1025 3024 1081 3088 alii
1101 3026 1252 3110 sacculis,
1276 3028 1332 3112 qui

179 3157 197 3198 a
221 3132 355 3198 medicis
380 3135 596 3219 appellantur,
620 3133 677 3199 alii
696 3133 771 3198 aliis
794 3134 891 3197 rebus
914 3131 1098 3198 faciendum
1125 3155 1196 3198 esse
1223 3156 1331 3200 cense-

178 3241 267 3306 bant.
317 3241 442 3308 Eodem
470 3241 566 3306 modo
594 3243 632 3306 de
666 3240 832 3306 lavatione
861 3243 894 3304 et
925 3241 1103 3306 lavationis
1133 3241 1334 3306 abstinentia

179 3349 399 3432 dissederunt,
427 3349 465 3412 de
489 3351 582 3414 aceto
606 3348 726 3432 mulso,
750 3347 787 3412 de
812 3367 898 3433 aqua
921 3349 1043 3432 mulsa,
1070 3349 1109 3413 dc
1133 3369 1335 3434 aquaputa,

179 3456 217 3520 de
241 3456 325 3539 vino,
348 3456 387 3520 de
410 3455 543 3539 ptisana
564 3456 616 3519 vel
639 3455 844 3538 percolatum
876 3457 1104 3522 tantummodo
1128 3477 1259 3521 succum
1283 3477 1334 3521 ex-

178 3562 329 3630 hibentes
353 3562 404 3627 vel
423 3562 617 3626 hordaceam
642 3563 761 3648 solam,
785 3561 843 3628 alii
862 3563 962 3627 etiam
983 3563 1083 3647 cibos,
1107 3563 1172 3629 alia
1196 3561 1333 3648 denique

182 3670 238 3734 alii
258 3669 467 3734 adhibebant.
499 3668 673 3734 Distinotis
692 3669 795 3755 igitur
814 3673 846 3733 ct
865 3671 1108 3755 aegrotantium
1127 3675 1159 3736 et
1177 3669 1333 3736 remedio·

179 3798 250 3842 rum
289 3775 480 3842 differentiis
518 3776 752 3862 Hippocrates,
791 3776 907 3861 quibus
952 3778 1114 3862 indigeret
1150 3777 1336 3861 pleuritidis

185 3882 325 3964 affectio,
349 3882 596 3948 demonstravit.
634 3882 727 3959 Quod
746 3905 811 3969 quo
835 3884 931 3949 modo
951 3884 1020 3969 ipse
1043 3888 1233 3968 persecutus
1252 3889 1339 3950 essct

187 3989 284 4073 paulo
308 3989 570 4074 incompositius,
594 3990 714 4075 quippo
739 3991 795 4074 qui
819 3991 944 4074 primus
967 3991 1001 4056 id
1024 3991 1216 4074 invenisset,
1240 4012 1337 4075 expo·

180 4096 229 4161 sui
252 4096 287 4161 in
311 4097 553 4162 commentariis
578 4095 617 4161 de
640 4098 724 4164 libro
749 4099 828 4182 eius,
852 4099 908 4184 qui
928 4102 979 4162 est
997 4098 1036 4162 de
1059 4097 1148 4162 victu
1171 4097 1205 4161 in
1229 4098 1336 4162 acutis

181 4203 316 4288 morbis,
349 4225 444 4288 quem
475 4204 626 4269 nonnulli
659 4209 772 4271 contra
810 4204 941 4272 Gnidiae
974 4205 1171 4288 sententias,
1205 4204 1262 4268 alii
1296 4203 1335 4268 de

181 4311 311 4394 ptisana
338 4310 535 4396 inscribunt,
563 4333 663 4396 prave
691 4312 828 4397 utrique.
879 4311 953 4398 Ego
979 4333 1070 4396 vero,
1098 4315 1137 4375 ut
1167 4311 1268 4377 etiam
1297 4312 1337 4377 de

182 4415 241 4482 hac
278 4439 312 4482 re
350 4417 503 4482 brevibus
542 4418 738 4502 explicatam
775 4420 971 4485 sententiam
1007 4417 1153 4484 habeant
1190 4418 1338 4504 studiosi,
