3296 5150
648 413 889 480 -361-

192 568 349 657 ειιινὴσιις
371 569 465 657 πάθη
489 595 522 638 τε
546 571 698 658 λέγονται
722 571 775 640 καὶ
799 570 889 660 παρὰ
912 571 1018 660 φύσιν
1042 569 1125 640 εἶναι
1150 569 1205 640 dre
1230 573 1337 658 ἐκβαί-

192 679 323 746 ’νουσαι
355 675 417 765 τὴν
452 677 591 767 λογικὴν
622 677 804 747 σύστασιν.’
863 684 932 760 πῶς
964 677 1084 760 οὕτωςς
1122 673 1143 765 ἢ
1181 677 1335 765 δηλονότι

191 785 290 871 χωρὶς
317 782 421 870 λόγου
443 784 567 866 παντὸς
593 785 647 854 καὶ
676 783 940 874 άπεστραμμέναι
964 785 1024 855 τὸν
1052 786 1169 874 λόγον,
1196 781 1237 854 dv
1265 783 1337 872 ἡγε-

190 890 278 980 μόνα
309 895 433 960 ἕύωιιεν
459 890 539 979 ἡμῖν
567 889 587 980 ἡ
616 891 717 979 φύσις
744 889 882 962 ἁπασῶν
913 897 981 962 τῶν
1012 892 1093 962 κατά
1121 895 1221 982 μέρος
1247 893 1336 980 ἐνερ-

191 1003 307 1084 γειώνς
340 995 401 1086 ούχ
433 995 558 1086 ἡγεῖται
587 999 623 1068 dl
656 1001 693 1068 ἐν
720 1015 789 1080 τοῖς
819 999 977 1070 πάθεσιν·
1009 999 1093 1070 ὅθεν
1125 1001 1364 1087 ἐκβεβηκέναι

190 1107 272 1194 φησὶ
303 1105 364 1194 τὴν
397 1105 537 1193 λογικὴν
568 1105 730 1175 σύστασιν
761 1105 890 1188 ἁπάσας
916 1107 975 1189 τὰς
1001 1108 1082 1177 κατὰ
1110 1107 1219 1186 πάθος
1245 1105 1336 1194 κινή-

191 1233 270 1297 σεις,
294 1210 462 1301 ὀρθότατα
482 1215 598 1301 λέγων.
634 1219 665 1281 εἰ
682 1214 746 1303 γὰρ
769 1212 789 1301 ἡ
812 1215 874 1303 μὶν
893 1215 1008 1303 λογικὴ
1031 1219 1092 1284 τοῦ
1116 1213 1201 1306 ζῴον
1219 1212 1336 1282 σύστα-

190 1340 242 1400 σις
269 1318 416 1408 ἡγεμόνα
443 1321 594 1408 κέκτηται
623 1319 685 1388 τὸν
712 1319 830 1408 λόγον,
859 1320 900 1390 ού
928 1337 1042 1411 κρατεῖ
1071 1322 1107 1390 dl
1136 1313 1233 1400 οὗτος
1257 1316 1336 1388 odat

193 1423 315 1514 ἡγεῖται
338 1431 406 1496 τῶν
428 1425 571 1496 κατὰτὸ
599 1427 710 1508 πάθος
732 1428 908 1516 κινήσεων,
936 1430 1090 1518 ἐκβέβηκε
1112 1425 1175 1515 τὴν
1198 1424 1337 1514 λογικὴν

190 1533 296 1619 φύσιν
318 1531 336 1602 ὁ
361 1533 442 1603 κατὰ
465 1533 575 1615 πάθος
602 1533 810 1622 κινούμενος.
854 1537 908 1604 καὶ
936 1536 1019 1624 μήν,
1048 1545 1137 1624 εἴπερ
1168 1531 1210 1602 ού
1237 1533 1336 1620 λόγος
1351 1559 1376 1596 ιο

191 1637 295 1729 ὁρμῆς
314 1637 450 1728 ἡγεῖται,
473 1638 778 1730 ἀποκρινάσθωσαν
801 1639 882 1730 ἡμῖν
901 1647 936 1712 oi
956 1643 1029 1730 περὶ
1048 1641 1109 1712 τὸν
1128 1640 1337 1729 Χρύσιππον,

191 1744 211 1816 ὅ
233 1774 264 1815 τι
288 1749 369 1817 ποτέ
390 1751 457 1817 ἐστι
481 1747 518 1818 τὸ
542 1745 743 1838 ἡγούμενον.
789 1746 830 1819 ού
858 1749 921 1836 γάρ
949 1747 991 1837 δι)
1015 1747 1194 1838 ἀποχρήσει
1218 1775 1254 1835 γε
1279 1745 1337 1816 αύ·

192 1867 262 1934 τοῖς
294 1859 415 1940 εἰπεῖν,
451 1853 498 1937 ὡς
534 1854 609 1924 οὔτε
646 1855 745 1944 λόγος
782 1854 857 1926 orire
890 1856 972 1943 άλλη
1010 1855 1152 1944 δύναμις
1188 1853 1337 1944 οὐδεμία.

190 1965 399 2050 συγχωροῦσι
437 1961 501 2050 γάρ
539 1959 644 2044 οὕτως
676 1961 829 2032 άνιιίτιόν
865 1991 940 2032 τινα
977 1970 1125 2052 κίνησιν,
1162 1959 1181 2031 d
1213 1961 1337 2042 παντὸς

190 2074 318 2158 μᾶλλον
340 2069 566 2157 φυλάττεσθαι
590 2075 791 2159 παραινοῦσι
815 2072 869 2140 καὶ
897 2072 1088 2159 μέμφονταί
1111 2095 1148 2157 γε
1170 2069 1231 2138 τὸν
1250 2067 1336 2138 Ἐπί·
1353 2091 1376 2130 1⁵

190 2203 326 2265 κονρον,
349 2176 485 2246 ἐπειδάν
507 2205 583 2246 τινα
606 2177 765 2265 τοιαύτην
788 2176 997 2264 ύποτίθητοι.
1033 2185 1122 2265 εἴπερ
1146 2169 1209 2245 οὖν
1231 2177 1336 2264 μηδὲν

190 2280 347 2363 άναιτίως
378 2289 503 2370 γίνεται
535 2285 590 2352 καὶ
617 2283 717 2353 τοῦτό
746 2287 836 2352 ἐστιν
863 2282 1020 2352 ἁπάντων
1052 2282 1174 2370 σχεδόν
1204 2309 1236 2350 τι
1268 2287 1336 2351 τῶν

227 2475 407 2550 Ἰύρθύτηια
426 2481 515 2565 M.-—
543 2487 575 2536 12
600 2475 635 2550 dri
655 2501 685 2552 γε
706 2475 862 2550 άποχρήσει
885 2481 965 2536 codd.
989 2479 1050 2534 cdd
1074 2473 1148 2548 δύ’
1129 2473 1283 2564 απρχρήσει
1303 2499 1334 2548 γε

192 2571 257 2620 nos·
276 2555 309 2608 cl.
329 2571 357 2678 M
377 2561 427 2608 ⁴0⁷
448 2553 485 2608 in.
505 2553 537 2609 Κ.
557 2555 586 2608 et
604 2553 669 2608 edit
690 2557 775 2608 nostr.
742 2547 931 2608 trGaleui“
914 2573 958 2608 οτι
977 2546 1088 2620 ἄριστος
1107 2545 1203 2620 ἰατρὸς
1221 2550 1269 2606 aad
1288 2571 1336 2620 φι-

190 2593 312 2694 λύιιάφος
344 2625 696 2695 rlang.1873p.20.—-

191 2823 512 2909 perturbationes
552 2822 738 2888 dicuntur
775 2845 860 2887 esse
897 2825 935 2887 et
970 2825 1106 2888 contra
1142 2827 1335 2908 naturam,

191 2931 334 3016 quippe
364 2930 428 3016 qui
461 2951 478 2992 e
512 2929 702 2994 rationali
740 2929 1027 2994 constitutione
1062 2928 1333 3016 egrediantur!

192 3038 274 3116 Quid
303 3037 374 3103 ita?
419 3037 470 3102 An
495 3035 631 3120 scilicet,
659 3036 735 3122 quia
762 3035 831 3100 sine
858 3037 926 3102 ulla
949 3037 1073 3102 ratione
1102 3041 1177 3102 sunt
1200 3059 1334 3122 eamque

191 3149 419 3232 aspernantur,
446 3166 543 3230 quarn
567 3143 663 3208 nobis
690 3144 802 3208 ducem
827 3143 972 3210 omnium
996 3143 1211 3230 singularium
1235 3145 1333 3209 actio·

191 3275 268 3318 num
286 3257 404 3318 natura
422 3249 604 3316 concessit?
640 3251 715 3318 Non
734 3251 841 3337 praeit
859 3251 892 3316 in
912 3250 1227 3337 perturbationibus3
1251 3253 1334 3317 unda

192 3358 384 3424 orationali
408 3357 640 3423 constitutione
669 3359 777 3444 egredi
806 3379 917 3424 omnes
946 3358 1227 3440 perturbationum
1251 3381 1335 3424 cour·

192 3465 351 3529 motiones
384 3465 430 3528 ait
461 3463 556 3550 idque
588 3465 783 3551 rectissime3
816 3487 893 3530 nam
926 3464 953 3530 si
984 3463 1155 3529 rationalis
1184 3465 1334 3529 animalis

192 3571 381 3634 constitutio
404 3570 517 3636 ducena
545 3570 645 3636 habet
668 3571 841 3656 rationem,
866 3593 907 3634 aa
930 3555 1126 3636 autemnon
1150 3570 1336 3636 dominatur

191 3699 294 3762 neque
316 3677 598 3761 perturbationum
621 3677 762 3743 motibus
786 3681 927 3762 praeest,
955 3675 1119 3762 egreditur
1142 3677 1335 3743 orationali

191 3787 317 3868 natura,
335 3783 389 3868 qui
409 3784 652 3868 perturbatione
671 3787 828 3850 moretur.
859 3784 935 3850 Jam
954 3805 1040 3866 vero,
1059 3783 1086 3846 si
1105 3783 1189 3848 ratio
1209 3784 1334 3868 appeti·

191 3891 273 3956 tioui
301 3913 367 3956 non
398 3895 540 3976 praeest,
571 3891 766 3976 respondeat
797 3890 891 3956 nobis
920 3894 1009 3954 secta
1037 3887 1226 3974 Chrysippi,
1258 3889 1335 3975 quid

191 3999 271 4064 illud
299 3997 430 4064 tandem
458 3997 514 4082 sit,
544 3997 630 4082 quod
660 4001 796 4082 praeest.
847 3997 924 4062 Non
947 3997 1033 4062 enim
1062 3995 1202 4061 sufficiet
1231 3997 1334 4062 dicero

190 4125 294 4190 neque
313 4105 473 4170 rationem
492 4125 595 4188 neque
614 4103 713 4168 aliam
731 4103 918 4188 quampiam
942 4103 1142 4169 facultatem.
1178 4103 1230 4167 lta
1248 4103 1333 4168 enim

192 4215 316 4276 motum
345 4211 485 4297 aliquem
514 4210 583 4274 sine
606 4232 705 4276 causa
728 4233 797 4275 esse
827 4210 1016 4294 concedent,
1042 4209 1128 4294 quod
1151 4213 1188 4273 ut
1214 4211 1266 4274 rel
1289 4210 1333 4274 in-

191 4318 306 4402 primis
330 4339 510 4400 caveamus,
535 4316 596 4401 ipsi
620 4318 824 4402 praecipiunt
848 4321 944 4402 atque
964 4316 1140 4400 Epicurum
1163 4316 1333 4401 reprelien-

191 4423 284 4508 dunt,
311 4425 366 4509 qni
395 4427 493 4489 talem
523 4429 647 4489 nautum
676 4425 830 4510 posuerit.
881 4423 1001 4500 Quodsi
1031 4421 1114 4486 nihil
1144 4423 1213 4486 sine
1237 4447 1334 4488 eausa
1380 4473 1384 4480 .
