3300 5146
605 435 850 500 -317—

150 594 217 659 τείν
240 589 322 660 κατὰ
345 589 382 660 τὸ
407 595 540 677 βιβλίον
568 596 706 678 ἔπρεπεν
728 589 828 679 ἀνδρὶ
851 591 1027 683 φιλοσόφῳ
1034 643 1043 677 ,
1073 563 1146 680 περὶ
1171 584 1219 662 ὧν
1242 595 1296 663 καί

149 695 244 784 ῆμεῑς
271 699 309 765 ἐν
333 701 379 790 τῷ
407 697 471 786 πρὸ
499 698 622 767 τούτου
649 698 737 790 λόγῳ
765 697 1012 786 διεληλύθαμεν
1033 696 1235 786 ὑπερβάντες
1257 699 1296 768 τδι

151 808 308 891 περιττῶς
330 801 588 892 ῆδολεσχημένα.

239 912 331 980 Νυνὶ
358 912 472 998 μέντοι
499 912 581 980 κατὰ
608 916 707 980 τοῦτο
730 911 768 980 τὸ
796 917 944 1000 βιβλίον,
977 912 1089 1000 ἐπειδὴ
1116 915 1297 982 καὶταῦτα

151 1019 243 1098 ἔδοξε
265 1027 465 1106 προσθεῖναι
487 1018 585 1087 τότε
609 1018 691 1088 όιλλα
713 1019 754 1088 τὰ
776 1019 1012 1108 προηγούμενα
1036 1025 1196 1107 διῆλθον,
1224 1021 1323 1108 ἑξῆςῡ

150 1123 336 1212 προσθήσω
358 1123 420 1194 τὸν
447 1126 521 1213 περὶ
548 1130 607 1213 τῆς
630 1123 775 1214 Ἀθηνᾶς
797 1125 910 1213 λόγον.
954 1127 1158 1216 αἰσθόμενος
1184 1127 1248 1216 γὰρ
1278 1127 1296 1196 ὁ

151 1229 347 1318 Χρύσιππος
370 1233 630 1321 ἐναντιούμενον
652 1248 723 1312 τοῖς
746 1233 867 1302 ἑαυτοῦ
891 1232 1033 1321 δόγμασι
1057 1233 1117 1303 τὸν
1143 1236 1217 1322 περὶ
1240 1239 1299 1322 τῆς

149 1340 236 1406 θεοῦ
258 1342 373 1425 μῦθον
395 1337 460 1408 ἀπὸ
484 1344 542 1427 τῆς
563 1343 625 1409 τοῦ
648 1339 733 1420 Διὸς
755 1343 900 1427 κεφαλῆς
922 1337 1166 1430 ὑπειλημμένης
1187 1368 1298 1428 γενεν-

150 1447 277 1530 νῆσθαι
303 1444 418 1514 τοιάδε
449 1449 549 1533 λε’γει·
578 1446 782 1576 παραηρύψω
810 1445 874 1534 γὰρ
904 1449 909 1534 Ι
939 1445 1072 1516 ἅπασαν
1103 1446 1208 1517 αύτοῦ
1235 1449 1364 1538 sirudis

150 1551 266 1638 ῥῆσιν,
290 1557 321 1620 εἰ
341 1549 396 1622 καί
419 1554 606 1683 μακροτέρα
629 1553 699 1634 πύς
727 1555 868 1622 ἐστιν·
875 1551 987 1623 ἀκούω
1015 1557 1055 1623 δέ
1074 1583 1168 1637 τινας
1190 1559 1299 1643 λέγειν
1313 1577 1338 1616 ¹⁰

151 1659 491 1747 παραμυθουμένους
517 1659 601 1750 πρὸς
621 1659 659 1729 τὸ
689 1663 787 1729 ἐν
748 1688 788 1750 τη
811 1666 939 1750 κεφαλῇ
967 1660 1052 1730 εἶναι
1079 1662 1117 1732 τὸ
1145 1661 1298 1751 ἡγεμονι-

150 1763 225 1832 ’κιίν
254 1769 313 1853 τῆς
339 1770 447 1854 ψυχῆς
473 1769 620 1856 μέρος.
629 1765 666 1836 τὸ
695 1767 758 1856 γὰρ
786 1768 849 1855 τῆν
873 1765 1037 1857 Ἀθηναν,
1064 1775 1163 1858 μῆτιν
1193 1763 1299 1839 οῦσαν

151 1872 219 1940 ’καί
243 1867 318 1940 οἷον
340 1873 520 2007 φρόνησιν,
545 1875 641 1942 ἐκ
602 1901 661 1962 της
681 1878 827 1962 κεφαλῆς
849 1877 1007 2006 ηενέσθαι
1030 1881 1092 1946 τοῦ
1110 1876 1196 1956 Διὸς
1217 1875 1299 1966 σύμ-

150 1977 268 2064 εβολόν
294 2001 399 2066 φασιν
426 1979 512 2050 εἶναι
539 1985 601 2050 τοῦ
628 1983 665 2050 ἐν
696 1980 799 2071 ταύτῃ
831 1981 867 2051 τὸ
899 1979 1102 2071 ἡγεμονικὸν
1129 1982 1228 2053 εἶναι·
1256 1981 1298 2052 ού

149 2083 226 2173 ’γὰρ
250 2083 357 2167 ἄλλως
383 2083 427 2155 dv
455 2089 492 2156 ἐν
519 2091 558 2176 τῆ
581 2091 708 2178 κεφαλῆ
730 2090 890 2176 γενέσθαι
917 2093 1017 2177 μῆτιν
1040 2091 1095 2158 καὶ
1117 2091 1297 2179 φρόνησιν,
1312 2108 1338 2148 1⁵

150 2194 194 2258 ‘el
224 2191 268 2281 μῆ
301 2193 339 2262 τὸ
376 2192 579 2282 ἡγεμονικὸν
611 2195 648 2264 ἐν
683 2193 786 2282 ταύτῃ
820 2197 901 2264 ἐστι’·
933 2201 1083 2266 πιθανοῦ
1115 2198 1177 2284 μέν
1208 2225 1299 2277 τινος

150 2350 289 2459 ’δεξῆς
313 2410 341 2445 τε
365 2389 446 2474 opdd.
464 2391 527 2446 edd.
551 2411 580 2446 τε
604 2391 749 2459 eiecimus3
774 2391 808 2446 cf.
828 2391 949 2462 Proll.p
952 2397 1091 2448 ,113-
1115 2387 1297 2447 Ίὲναντιού-

148 2462 340 2546 μενοςΜ.-
306 2463 408 2531 -τῆς
425 2464 500 2518 θεοῦ
520 2463 648 2518 ΜΔΒτ.
668 2462 741 2526 θεᾶς
760 2462 891 2517 ΟίιΚ.-
860 2410 1117 2550 -δρῆεγενῆσθαι
1136 2464 1215 2549 codd.
1235 2464 1297 2521 edd.

149 2532 343 2618 γεγεννῆσθαι
366 2549 416 2588 nos
443 2534 506 2588 eoll.
523 2552 556 2618 p.
577 2539 628 2588 353
653 2538 722 2588 extr
688 2535 838 2588 tx.-
862 2527 1013 2589 θῦπασαν
1036 2529 1126 2590 αύτοῦ
1144 2555 1197 2622 την
1208 2532 1297 2620 βῆσιν

148 2597 217 2656 M''
198 2622 313 2658 απαοαν
332 2600 425 2674 τῆνό.
445 2599 535 2660 αύτοῦ
555 2603 746 2660 ABchK.-
775 2611 807 2660 10
826 2599 1001 2675 μακρότερον
1024 2605 1120 2662 Μ.-
1087 2601 1240 2691 -ύκσύοι
1264 2605 1296 2689 δὲ

148 2669 220 2728 Μ’
202 2695 230 2729 α.
253 2671 289 2744 δὴ
314 2675 511 2732 ΔΒΟίιΚ-
537 2682 569 2730 13
593 2674 726 2745 γινέσθαι
749 2675 810 2746 (sie)
830 2677 926 2732 M-
953 2684 985 2731 14
1010 2673 1041 2732 ἒν
1066 2681 1132 2732 ante
1155 2673 1244 2749 ταύτῃ
1267 2677 1298 2732 ίιι

149 2745 231 2800 eodd.
251 2695 312 2802 edd.
332 2747 527 2802 omissum-
494 2754 580 2802 -16
599 2744 674 2811 uste
692 2748 729 2803 Μ.
749 2777 783 2788 -

152 2867 203 2874 ..ι-
222 2869 244 2874 -
266 2869 331 2874 ...-.

150 2947 360 3032 conveniunt3
380 2945 418 3010 de
437 2946 554 3030 quibus
570 2947 668 3012 etiem
687 2971 746 3013 nos
761 2948 926 3032 superiore
945 2947 1028 3013 libro
1047 2949 1297 3032 praetermissis,

149 3073 232 3138 quae
261 3052 493 3118 abundantium
521 3053 683 3138 quandem
711 3075 878 3140 nugasque
912 3053 1024 3118 inanes
1052 3054 1189 3137 hebent,
1216 3056 1296 3118 setis

149 3159 398 3244 disputavimus,

237 3265 334 3332 Nune
369 3271 493 3350 tamen,
525 3267 783 3352 quandoquidem
819 3267 882 3334 hoo
915 3267 950 3331 in
986 3267 1070 3332 libro
1108 3267 1208 3332 etiam
1240 3269 1297 3333 ille

149 3373 268 3439 addere
301 3372 407 3438 visum
440 3377 490 3438 est
521 3377 555 3438 et
587 3374 652 3439 elia
684 3373 861 3459 praecipue
895 3374 961 3438 iam
994 3377 1183 3457 persecutus
1216 3397 1297 3458 sum,

148 3481 310 3564 deinceps,
333 3503 415 3566 quae
438 3481 477 3546 de
500 3479 647 3546 Minerva
671 3479 816 3564 scripsit,
839 3479 964 3571 addam.
1004 3479 1085 3545 Cum
1109 3481 1195 3544 enim
1218 3481 1296 3546 deae

147 3587 295 3654 tabulam
318 3587 456 3654 decretis
485 3588 552 3652 suis
580 3587 745 3653 adversari
772 3586 993 3672 intellegeret,
1020 3587 1140 3672 quippe
1169 3609 1251 3671 quse
1279 3611 1296 3650 e

147 3695 244 3760 Jovis
268 3695 374 3780 cupite
396 3695 508 3781 genite
530 3715 600 3760 esse
624 3694 873 3777 existimaretur,
895 3694 944 3759 ite
966 3693 1060 3778 dioit3
1082 3692 1186 3777 ipsius
1210 3694 1296 3759 enim

148 3802 259 3886 verbe,
282 3801 359 3868 lieet
380 3803 477 3888 paulo
501 3801 653 3888 longiore
676 3805 764 3886 sunt,
788 3800 898 3866 omnis
922 3800 1119 3866 adscribam:
1155 3799 1295 3867 ‘Audio

149 3911 280 3974 eutem
303 3909 487 3994 quosdam
508 3907 566 3973 ita
589 3909 735 3992 dicere,
758 3913 799 3972 ut
821 3906 1084 3993 persuadeant
1105 3906 1145 3972 in
1168 3907 1296 3991 ospite

149 4016 300 4082 enimse
338 4015 600 4102 principalem
633 4019 787 4100 partem
824 4037 917 4082 esse.
974 4013 1080 4091 Quod
1112 4012 1297 4092 Minerva,

148 4145 247 4207 quae
285 4122 443 4189 seilicet
474 4123 686 4188 eonsilium
720 4125 760 4186 et
795 4121 903 4186 velut
933 4119 1142 4205 prudentie
1174 4121 1247 4204 est,
1279 4143 1296 4184 e

147 4229 260 4296 Jovis
294 4231 422 4315 eapite
454 4233 545 4294 nats
582 4231 650 4314 sit,
686 4228 724 4295 id
757 4228 861 4314 signi
895 4251 977 4292 esse
1010 4228 1121 4292 aiunt
1156 4226 1229 4291 hee
1256 4226 1296 4290 in

148 4339 263 4420 purte
286 4337 556 4421 principatum
580 4357 678 4422 esse3
706 4357 829 4421 neque
853 4335 956 4401 onim
983 4335 1022 4400 in
1050 4333 1181 4418 cupite
1205 4355 1295 4398 oon·

149 4443 283 4509 silium
317 4467 358 4509 ae
388 4443 638 4528 prudentiam
671 4442 781 4528 gigni
815 4441 1004 4526 potuisse,
1039 4440 1117 4506 nisi
1149 4439 1295 4505 ibidem
