3246 5148
771 435 809 445 -
862 417 926 463 VIII
973 435 1014 444 -··

319 561 373 642 qui
396 559 587 643 praesertim
612 560 731 642 insigni
755 559 944 622 amicissimi
967 580 1056 642 cura,
1084 557 1121 622 B.
1145 559 1363 642 Dombarti,
1392 583 1464 644 pro-

239 749 256 770 ..
319 673 451 739 fossoris
470 675 631 760 gymnasii
650 673 872 758 Erlangensis
895 696 971 738 usus
991 674 1063 758 sim,
1086 673 1287 758 factumest,
1310 675 1364 740 sed
1385 676 1465 767 555⁰
1593 739 1594 764 p

318 791 425 856 nescio
461 813 525 874 quo
552 789 721 854 machinae
754 789 883 873 accidit,
913 793 950 853 ut
978 792 1167 854 accentuum
1198 793 1294 853 notae
1322 813 1342 854 a
1370 794 1464 873 typo·

319 905 418 969 thetis
454 905 753 989 correctoribusque
789 908 876 968 reete
913 909 945 968 et
977 906 1071 988 plene
1104 905 1253 989 appictac
1285 905 1320 968 in
1353 905 1464 969 multis

320 1021 558 1104 exemplaribus
583 1024 818 1085 evanescerent.

409 1135 470 1200 Sed
499 1136 549 1200 his
578 1135 617 1199 de
651 1137 747 1201 rebus
777 1136 857 1200 satis
885 1135 951 1199 iam
979 1134 1101 1199 dietum
1129 1139 1191 1218 est,
1222 1157 1263 1200 ne
1291 1136 1463 1201 ambitiose

320 1254 377 1314 aut
399 1251 529 1315 laudare
554 1255 610 1316 aut
632 1273 784 1316 excusare
804 1273 855 1316 me
874 1250 992 1314 videar.
1028 1250 1152 1334 Restat,
1176 1255 1212 1315 ut
1230 1251 1292 1315 hoc
1311 1252 1462 1316 volumen

319 1389 338 1429 a
362 1366 540 1450 bibliopola
562 1366 767 1430 nobilissimo
791 1366 897 1430 forma
921 1365 1164 1449 elegantissima
1187 1370 1354 1448 ornatum,
1378 1366 1464 1451 quod

318 1481 409 1545 brevi
442 1482 548 1565 spatio
575 1482 745 1546 interiecto
774 1482 912 1545 alterum
940 1483 1090 1564 sequetur
1123 1482 1360 1548 enarrationem
1389 1504 1463 1548 con-

319 1595 435 1678 tinens,
453 1595 570 1660 faustis
588 1596 738 1680 precibus
757 1618 944 1680 prosequar,
966 1594 1048 1659 nihil
1067 1597 1171 1680 magis
1192 1602 1347 1680 exoptans
1366 1619 1464 1681 quam

320 1715 355 1773 nt
378 1733 450 1774 mea
474 1733 572 1794 opera
595 1712 820 1796 qualicumque
844 1711 938 1775 multi
961 1709 1121 1795 philologi
1152 1711 1191 1775 ad
1215 1711 1330 1778 Galeni
1354 1713 1463 1802 studia

318 1825 390 1908 plns
418 1825 543 1890 fructus
572 1849 669 1910 quam
697 1827 768 1910 quis
799 1827 949 1911 opinetur
976 1825 1177 1910 philologiae
1212 1826 1353 1892 allatura
1380 1827 1462 1892 exei-

318 1943 436 2005 tentur.

407 2082 536 2147 Dabam
559 2083 764 2148 Boneideliae
789 2107 898 2149 mense
923 2083 1106 2168 Septembri
1131 2081 1426 2150 MDOOOLXXIV.
