3376 5144
650 325 893 388 -795ψ

190 489 320 572 ψυχῆς,
344 479 452 570 ὥσπερ
477 483 514 549 ἐν
536 495 607 561 τοῖς
631 494 749 568 φυτοῖς
772 480 832 567 μὲν
855 480 892 548 τό
921 481 1173 569 ἐπιθυμητικόν,
1198 485 1236 551 ἕν
1259 494 1354 564 θεοῖς

190 591 232 659 δὲ
259 591 297 658 τὸ
321 588 523 676 λογιστικόν,
547 590 584 655 ίν
608 585 778 678 ἀνθρώπῳ
803 587 839 655 dl
863 586 963 675 ἄμφω
986 615 1020 656 τε
1043 592 1146 656 ταῦτα
1165 589 1218 656 καὶ
1238 596 1353 678 τρίτον

194 698 251 766 ἐπὶ
283 693 397 776 αὐτοῖς
419 694 456 763 τὸ
480 697 675 782 θυμοειδές,
699 701 785 781 ἔγνω
809 693 874 762 σὺν
901 695 1007 786 τούτῳ
1038 700 1105 764 τῶν
1134 691 1261 783 ἆρετῶν
1290 695 1351 764 τὸν

192 803 350 890 ἀριθμὸν
369 803 423 870 καὶ
442 801 505 888 τὴν
524 800 671 890 δύναμιν
690 802 745 869 καί
764 800 827 889 τὴν
845 806 973 889 κτῆσιν,
997 801 1106 891 ὥσπερ
1130 799 1148 870 ὁ
1168 802 1271 889 γνοὺς
1288 801 1379 890 τὴνι

194 909 348 998 φυσικὴν
371 908 579 995 κατασκευὴν
600 908 832 996 τοῦσώματος
856 907 962 996 ἡμῶν,
987 912 1023 978 ἐν
1047 909 1108 997 μὲν
1136 911 1140 998 l
1169 920 1239 988 τοῖς
1259 907 1415 997 ‹ipos-77?

195 1017 332 1106 ομερίσι
371 1021 575 1103 συμμετρίαν
601 1020 669 1084 τῶν
700 1022 888 1101 στοιχείων,
923 1018 960 1084 ἐν
991 1017 1027 1084 δὲ
1055 1032 1126 1096 τοῖς
1162 1013 1353 1104 ὀρμανιιιοίς

196 1127 236 1192 ἐκ
259 1127 317 1210 τῆς
341 1127 409 1190 τῶν
433 1119 642 1210 ὁμοιομερῶν
664 1120 849 1208 ποσότητος
871 1149 905 1190 τε
929 1123 984 1190 καὶ
1008 1121 1226 1209 πηλικότητος
1249 1127 1295 1190 ἔτι
1319 1149 1353 1190 τε

196 1229 407 1309 διαπλάσεως
431 1227 648 1302 ἑκάστουκαὶ
672 1230 799 1308 θέσεως
822 1226 1057 1298 ἀποτελεῖσθαι
1081 1227 1119 1296 ro*
1141 1228 1223 1297 κατὰ
1247 1228 1353 1316 φύσιν

197 1340 238 1405 ἐν
252 1335 377 1427 ἑκάστῳ
393 1334 520 1421 σώματι
539 1333 634 1427 ζῴου,
650 1338 708 1422 τῆς
721 1342 924 1424 συμμετρίας
938 1335 1095 1423 δηλονότι
1110 1333 1190 1403 καθ’
1213 1337 1353 1404 ἕκαστον

199 1449 286 1536 ξῷον
308 1449 376 1511 τῶν
400 1443 585 1530 είρημὲνων
609 1442 860 1529 φυλαττομένης
883 1449 1015 1530 οίιιείας,
1038 1436 1137 1522 οὗτός
1159 1469 1196 1530 γε
1214 1447 1283 1511 τῶν
1296 1470 1351 1510 νο-
1368 1469 1393 1507 ιο

198 1549 358 1637 σημάτων
391 1546 568 1637 εὐπορήσει
600 1553 658 1636 της
689 1549 922 1636 προσηκούσης
955 1549 1079 1640 ἑκάστῳ
1111 1555 1291 1638 θεραπείας
1317 1576 1352 1616 τε

199 1657 256 1724 καὶ
279 1659 505 1744 προφυλακῆς.

290 1760 439 1841 Εἰκότως
466 1754 529 1830 οὖν
561 1768 645 1830 ε”νιοι
669 1761 822 1850 τὴντῶν
846 1761 973 1851 ὁμοίων
996 1791 1029 1832 τε
1058 1764 1112 1832 καὶ
1138 1760 1199 1852 οὐχ
1223 1761 1351 1851 ὁμοίων

202 1867 321 1956 νἰκριβη
350 1871 479 1955 γνῶσιν
508 1865 655 1957 αὐτάρκη
684 1871 880 1958 νομίζουσιν
909 1868 1071 1960 ὑπάρχειν
1094 1879 1141 1953 είς
1167 1870 1354 1961 μεθοδικὴν

202 1976 364 2044 σύστασιν
388 1973 516 2061 ἁπάσης
538 1977 665 2062 τέχνης,
689 1985 722 2044 εί
741 2003 778 2063 γε
805 1978 859 2044 καὶ
888 1977 971 2065 πρὸς
997 1979 1061 2066 τὴν
1091 1983 1159 2047 τῶν
1187 1975 1354 2065 ἆμφισβη·
1368 2003 1393 2042 rs

201 2085 375 2171 τουμένων
411 2089 523 2171 κρίσιν
566 2082 664 2170 ίκανὴ
707 2083 854 2170 ποθηγός
903 2085 1001 2153 ἐστιν.
1050 2083 1247 2172 ὁμοιότητος
1288 2085 1351 2174 γὰρ

240 2295 307 2354 2ίν
331 2296 487 2386 οω.,οράᾲ.
512 2297 587 2363 edd.;
614 2296 647 2353 cf.
672 2297 756 2352 Proll.
775 2316 807 2386 p.
830 2305 887 2353 107.
908 2330 940 2338 —-
965 2305 979 2352 7
1006 2297 1046 2352 ἔτι
1070 2297 1159 2384 clun.
1185 2331 1216 2340 -
1241 2294 1350 2382 quub’

203 2371 254 2426 ἕνα
272 2370 302 2424 Μ
326 2373 386 2423 καθ
419 2386 540 2435 εκαστην
559 2367 688 2422 ABChK
711 2373 772 2422 καθ
804 2367 922 2424 ἕκαστον
946 2370 1156 2438 (delatuturus,
1179 2373 1212 2426 ut
1229 2371 1350 2440 videtur)

203 2443 343 2568 ξηιὲοΒῶ
378 2447 410 2495 10
430 2434 503 2508 ζωὴν
527 2439 606 2494 codd.
631 2440 692 2494 edd.
717 2441 788 2512 ζῷον
812 2457 871 2496 nos.
897 2473 929 2481 -
960 2440 1066 2504 οἰκοίας
1089 2443 1121 2499 Α.
1147 2473 1179 2482 -
1208 2437 1295 2504 αὐτός
1318 2461 1349 2510 γε

204 2650 415 2660 ...ἡ-ιο·-

203 2733 238 2796 in
263 2730 418 2814 stirpibus
444 2728 739 2812 concupiscentem,
769 2729 965 2795 rationalem
990 2731 1126 2816 indiis,
1157 2733 1269 2798 sedin
1295 2731 1354 2800 hc·

203 2837 290 2903 mine
323 2839 494 2920 utramque
526 2833 610 2899 hanc
644 2837 677 2898 et
712 2836 844 2900 tertiam
881 2836 1014 2921 insuper
1050 2839 1244 2902 irascentem
1283 2861 1353 2904 esse

207 2943 410 3032 cognoverit,
439 2942 467 3007 is
496 2941 592 3006 simul
621 2941 779 3007 virtutum
807 2965 976 3007 numerum
1005 2945 1038 3006 et
1065 2943 1132 3008 vim
1162 2948 1195 3007 et
1223 2965 1351 3028 posses-

206 3055 330 3120 sionem
358 3049 560 3136 oognoverit,
592 3049 876 3134 quemadmodum,
909 3050 964 3136 qui
991 3049 1174 3116 naturalem
1204 3052 1351 3134 corporis

204 3159 309 3226 nostri
326 3156 592 3223 constitutionem
611 3158 812 3241 perspexerit
827 3161 923 3243 atque
942 3158 976 3224 in
995 3158 1036 3222 iis
1055 3158 1194 3244 quidem,
1213 3180 1349 3242 quorum

206 3265 385 3352 particulae
414 3263 499 3329 inter
528 3286 562 3327 se
595 3263 717 3329 similes
747 3269 835 3350 sunt,
869 3267 1101 3331 elementorum
1133 3287 1203 3330 esse
1236 3285 1351 3350 aequa-

206 3374 384 3456 bilitatem,
426 3371 460 3434 in
497 3371 659 3456 organicis
697 3393 735 3436 ex
773 3372 904 3438 illorum
939 3395 1071 3437 numero
1104 3377 1136 3436 et
1168 3371 1351 3457 quantitate

206 3482 347 3564 itemque
375 3477 631 3543 conformatione
660 3478 861 3564 singularum
889 3481 1033 3563 partium
1062 3483 1095 3544 ct
1129 3479 1193 3544 situ
1221 3483 1351 3557 natura·
1381 3531 1385 3542 .

206 3589 269 3653 lem
297 3589 331 3653 in
359 3607 551 3670 unoquoque
584 3585 758 3651 animantis
792 3607 925 3670 corpore
954 3585 1038 3650 effici
1071 3586 1352 3670 compositionem,

207 3692 438 3778 aequabilitate
462 3692 613 3756 videlicet
636 3714 756 3776 eorum,
779 3715 862 3778 quae
885 3691 1033 3776 dirimas²
1056 3692 1091 3758 in
1115 3692 1253 3778 singulis
1277 3714 1350 3758 con·

208 3802 349 3882 servata,
380 3799 408 3863 is
437 3799 679 3864 convenientem
709 3799 823 3884 cuique
855 3800 1057 3865 curationem
1084 3799 1273 3865 morborum
1302 3822 1350 3864 ar-

209 3911 338 3992 temque
362 3928 416 3971 eos
439 3906 653 3989 praecavendi
677 3907 778 3990 probe
802 3907 935 3972 tenebit.

295 4013 394 4078 Recte
418 4014 519 4099 igitur
540 4012 690 4078 nonnulli
722 4017 869 4078 exactam
900 4013 1056 4079 similium
1084 4017 1117 4077 et
1143 4011 1350 4078 dissimilium

209 4121 428 4208 cognitionem
457 4120 497 4184 ad
529 4142 788 4206 unamquamque
817 4125 920 4186 artem
958 4122 1012 4185 via
1048 4143 1085 4184 ac
1116 4120 1241 4184 ratione
1274 4143 1350 4185 con·

208 4228 405 4294 atitnendam
439 4228 519 4292 satis
553 4249 623 4290 esse
657 4227 870 4312 arbitrantur,
903 4229 931 4292 si
958 4228 1086 4312 quidem
1115 4225 1214 4292 etiarn
1238 4227 1278 4291 ad
1302 4227 1350 4292 in-

208 4336 328 4400 dicium
356 4335 394 4398 do
430 4334 525 4398 rebus
559 4334 777 4398 controversis
809 4334 991 4398 faciendum
1024 4333 1105 4398 satis
1138 4333 1255 4398 idonea
1287 4334 1350 4398 dux
