3300 5146
768 379 1010 442 —296—

319 539 398 609 ούδδ
422 537 515 627 ἡμεῖς
537 536 822 626 ἀμφισβητοῦμεν,
845 528 870 603 oi
895 531 1106 621 γενναιότατε
1126 531 1310 618 Χρύσιππε,
1333 529 1375 598 ού
1397 530 1467 618 μὴν

252 646 430 726 assisinis
457 673 493 732 γε
521 644 727 733 κυριτότατον
759 641 845 711 εἷναι
873 640 1130 728 συγχωρούίμεν.
1182 635 1224 707 ού
1259 636 1322 726 γὰρ
1351 637 1467 727 ἄρχειν

319 751 399 822 αύτὸ
428 755 483 821 καὶ
516 752 687 833 δεσπόζειν
720 754 787 818 τῶν
815 746 926 815 ἄλλων
958 743 977 833 ἡ
1011 745 1112 833 φύσις
1144 750 1289 833 ἔνειμεν,
1319 743 1401 813 ὅταν
1428 773 1465 833 γε

317 859 551 946 προσηκόντως
573 860 675 946 μέλλῃ
699 859 865 942 διοικῆσαι
893 852 933 921 τὰ
961 851 1043 920 κατὰ
1066 851 1128 920 τὸν
1150 850 1350 940 ἄνθρωπον,
1381 850 1467 920 ἀλλὰ

285 965 488 1054 εέγκεφόλςα
519 963 582 1051 μέν
611 963 740 1052 ἄρχειν,
776 959 960 1030 ὑπακούειν
997 959 1034 1026 δέ
1069 962 1110 1047 τῇ
1146 962 1282 1048 καρδίᾳ,
1314 957 1466 1047 καθάπερ

320 1071 412 1160 ἡμεῖς
435 1069 688 1158 όποδείκνυμεν.
728 1071 844 1155 ἐφεξῆς
867 1065 903 1133 δέ
927 1075 997 1145 τοῖς
1020 1066 1207 1154 εἰρημένοις
1230 1062 1248 1133 ὁ
1272 1064 1468 1153 Χρύσιππος

319 1178 397 1246 τάδε
421 1177 554 1265 γράφει·
583 1173 754 1263 (ὁρμῶμεν
782 1172 863 1242 κατὰ
887 1176 986 1240 τοῦτο
1010 1170 1047 1239 τὸ
1071 1172 1172 1258 μέρος
1194 1173 1249 1239 καὶ
1272 1193 1466 1259 συγκατατι-

320 1285 463 1371 ’θέμεθα
484 1283 590 1374 τούτῳ
609 1282 664 1349 καὶ
683 1286 730 1360 εἰς
747 1285 846 1348 τοῦτο
866 1285 1030 1347 συντείνει
1053 1277 1093 1345 τὰ
1112 1278 1315 1368 αἰσθητήρια
1337 1279 1466 1347 πάντα)

320 1394 422 1458 ταῦτα
444 1388 484 1457 τὰ
512 1388 676 1475 κεφάλαια
702 1387 790 1475 μόνα
817 1391 886 1454 τῶν
915 1389 1179 1473 ίπιστημονικῶν
1206 1385 1353 1454 ἐστικαὶ
1376 1395 1467 1475 εἴπερ

282 1527 306 1562 ιο
321 1494 491 1577 ἀπέδειξεν
523 1493 540 1564 ὁ
576 1495 768 1582 Χρύσιππος
805 1490 904 1578 αύτύ,
936 1491 1009 1560 τότε
1042 1488 1084 1559 ἂν
1117 1493 1305 1580 έπηνούμέν
1340 1519 1375 1560 τε
1406 1492 1469 1561 τὸν

321 1603 429 1691 ἄνδρα
453 1603 507 1669 καί
530 1617 600 1680 τοῖς
622 1600 788 1689 δόγμασιν
811 1599 1016 1686 ε’πειθόμεδα
1040 1603 1106 1666 τῶν
1129 1602 1301 1666 Στωϊκῶν.
1337 1601 1405 1667 ἐπεὶ
1429 1600 1468 1667 δὲ

322 1706 492 1788 ἀποδεῖξαι
515 1707 577 1794 μέν
601 1705 662 1776 οὐκ
685 1709 908 1796 ἐπεχείρησεν,
937 1703 1128 1792 ἀπεφήνατο
1158 1704 1194 1772 δὲ
1222 1704 1346 1793 μόνον,
1373 1703 1469 1794 ἡμεῖς

323 1815 359 1883 δὲ
382 1815 534 1902 πρόσθεν
558 1812 621 1902 ἤδη
645 1815 718 1902 περὶ
740 1817 809 1881 τῶν
831 1811 943 1882 αὐτῶν
967 1810 1194 1899 ἀπεδείξαμεν,
1217 1809 1263 1891 ὡς
1286 1810 1361 1880 οὔτε
1384 1811 1469 1880 κατὰ

322 1920 384 2008 την
415 1925 558 2008 καρδίαν
594 1926 719 2007 γίνεται
755 1921 811 1989 καὶ
846 1920 982 1988 πάντων
1019 1914 1131 1986 αύτιόν
1166 1918 1347 2005 ἐγκέφαλός
1377 1920 1469 1987 ἐστιν

284 2057 308 2095 ιι
323 2026 417 2116 ἆρχί,
438 2029 493 2095 καὶ
513 2027 568 2096 διὰ
586 2032 655 2096 τῶν
673 2029 789 2115 ἐφεξῆς
808 2027 843 2095 δὲ
859 2024 964 2095 ὀὐδὲν
987 2017 1087 2112 ἧττον
1105 2022 1334 2113 ἀποδείξομεν,
1358 2023 1468 2094 οὐκέτι

322 2131 365 2204 ἂν
393 2133 484 2222 οἶμαι
508 2138 641 2204 δίκαιον
663 2133 748 2203 εἶναι
775 2149 846 2214 τοῖς
873 2139 1070 2220 Χρυσίππου
1096 2131 1264 2200 πιστεύειν
1291 2131 1469 2220 δόγμασιν,

352 2303 534 2310 -.φ--

358 2383 590 2456 4προσηκόντυς
609 2387 752 2453 διοικῆσαι
771 2384 903 2439 MABCh
924 2405 969 2452 πρ.
988 2379 1131 2452 διοικῆσαι
1150 2383 1174 2437 Κ
1193 2402 1238 2452 πρ.
1258 2383 1343 2455 με’ίίη
1362 2387 1471 2456 διοικη-

323 2478 370 2514 σαι
389 2477 452 2524 σοις
476 2459 510 2514 cf.
530 2459 614 2514 Proll
633 2477 680 2528 pp
700 2465 734 2513 63
754 2461 783 2512 et
808 2464 857 2511 108
877 2450 978 2524 ότανγε
1005 2476 1050 2524 πρ.
1075 2456 1166 2510 διοικ
1170 2475 1216 2509 ται
1236 2455 1367 2510 Corn.—
1393 2457 1471 2521 8εἰς

323 2531 373 2584 τοῦ
402 2531 541 2585 συντείνει
568 2530 666 2583 Μ.-
696 2537 711 2583 9
738 2525 822 2597 έπιτη
805 2528 947 2613 ημονικών
974 2529 1069 2581 Μ.-
1100 2534 1133 2581 10
1151 2475 1294 2597 δπινοοῦμ
1297 2547 1328 2581 εν
1352 2529 1411 2584 ΑΒ
1437 2561 1469 2569 -

327 2609 359 2726 1η
380 2597 514 2725 {maffeio
517 2604 573 2726 εξδα
596 2600 743 2655 ΜΑΒ-
769 2608 801 2656 13
827 2595 956 2669 πρόσθεν
979 2619 1031 2669 μεν
1050 2594 1107 2668 ἤδη
1130 2547 1294 2652 ΑΒΟΙιΚμ
1284 2617 1328 2667 πρ.
1353 2595 1408 2669 ἤδη
1427 2602 1469 2672 Μς

325 2691 339 2726 c
403 2690 432 2725 ro
483 2690 510 2742 p.
592 2703 628 2712 -

324 2911 495 2974 litigamus,
524 2891 645 2973 optime
674 2888 872 2975 Chrysipp03
904 2889 959 2953 sed
989 2889 1138 2954 absolute
1166 2889 1377 2974 praecipuum
1400 2914 1471 2956 esse

324 3019 391 3063 uon
410 2996 623 3060 concedimus.
659 2996 771 3081 Neque
792 2998 877 3060 enim
897 2997 930 3060 id
943 2999 1061 3061 natura
1076 2996 1105 3060 ei
1125 2996 1249 3079 tribuit,
1271 3001 1309 3060 ut
1327 2997 1471 3064 domine-

274 3089 278 3096 *
325 3109 379 3168 tur
402 3103 539 3188 aliisque
566 3104 715 3187 partibus
739 3104 891 3188 imperet,
920 3103 947 3168 ai
972 3103 1101 3187 quidem
1123 3125 1175 3168 res
1202 3102 1372 3170 hominum
1396 3129 1470 3173 con-

326 3212 491 3276 venienter
523 3209 791 3275 administratura
823 3215 886 3295 est,
919 3210 974 3275 sed
1002 3211 1133 3274 cerebro
1164 3211 1351 3296 imperium,
1382 3215 1472 3280 cordi

327 3317 509 3383 obocdient'
500 3341 627 3401 iam,u
629 3321 725 3382 tnos
749 3318 1022 3400 demonstramus,
1050 3317 1264 3382 demandavit.
1243 3318 1471 3406 tDeinceps

328 3422 531 3507 Chrysippus
567 3425 647 3489 haec
683 3425 811 3488 scribit.
871 3424 967 3489 ‘Hac
999 3427 1110 3508 parte
1141 3423 1370 3510 incitamur,
1401 3428 1472 3495 hac

329 3530 574 3614 assentimur,
614 3531 660 3594 ad
695 3531 793 3596 hanc
831 3555 1007 3596 sensuum
1045 3529 1175 3596 omnia
1210 3479 1472 3600 instruuienta

328 3640 414 3720 pert
420 3637 533 3702 inerit.
512 3637 673 3701 t'llaeo
696 3638 825 3702 demum
849 3638 950 3702 sola'
942 3661 976 3702 in
999 3637 1175 3702 disserendi
1199 3639 1275 3703 subt
1260 3640 1381 3705 tilitate
1404 3666 1473 3708 ver-

330 3746 442 3806 santur
464 3744 579 3826 capita.
552 3743 737 3820 aQuodsi
762 3767 800 3808 ea
822 3745 1003 3829 probasset
1026 3749 1059 3808 et
1080 3744 1245 3810 hominem
1268 3747 1474 3816 laudaremus

331 3853 364 3913 ct
384 3847 566 3914 Stoicorum
585 3852 715 3916 decreta
733 3850 1010 3935 amplecteremur.
1048 3851 1207 3927 Quoniam
1226 3875 1302 3918 vero
1323 3877 1369 3938 ca,
1392 3879 1474 3942 quae

330 3956 424 4039 dixit,
455 3959 643 4022 confirmare
666 3981 733 4023 non
756 3964 890 4023 conatus
915 3963 977 4042 cst,
1010 3959 1065 4023 sed
1092 3959 1316 4044 pronuntiavit
1337 3965 1475 4050 tantum,

329 4086 389 4128 nos
414 4067 522 4148 autem
541 4063 621 4130 hacc
640 4067 751 4130 eadem
770 4065 837 4129 iam
856 4089 954 4150 supra
972 4066 1182 4150 probavimus
1200 4088 1304 4150 neque
1326 4069 1361 4134 in
1380 4073 1474 4136 cordo

331 4170 400 4234 ficri
423 4173 456 4233 et
484 4170 616 4235 illorum
644 4173 788 4238 omnium
813 4172 972 4257 originem
996 4173 1164 4238 cerebrum
1188 4196 1258 4236 esse
1285 4197 1344 4239 nec
1368 4177 1474 4244 minus

330 4277 415 4340 infra
442 4277 528 4342 idem
556 4279 724 4362 probaturi
748 4302 872 4362 sumus,
901 4279 967 4343 iam
988 4302 1055 4344 non
1079 4267 1217 4364 aequum
1241 4303 1311 4344 esse
1334 4283 1476 4350 arbitror

332 4381 516 4468 Chrysippi,
541 4384 596 4448 sed
615 4384 825 4470 Hippocratis
850 4390 883 4452 et
900 4385 1046 4452 Platonis
1070 4387 1208 4452 decretis
1226 4386 1323 4452 fidem
1345 4387 1475 4456 habere.
