3376 5144
604 422 846 486 -793-

156 577 261 648 αὐτὸν
289 577 415 666 τρόπον
443 575 608 666 ἀλλήλαις.
654 581 689 648 οί
709 577 746 646 δὲ
774 578 874 666 χωρὶς
898 581 959 646 τοῦ
984 578 1118 666 τέμνειν
1141 583 1188 656 είς
1210 577 1297 666 ris!

152 692 275 766 οίκείας
299 685 465 773 διαφοράς
488 686 628 755 ἕκαστον
649 689 716 754 τῶν
734 689 844 772 γενῶν
866 681 1123 772 ἀποφηνάμενοί
1140 711 1173 754 τι
1196 683 1365 758 καθά-115

155 801 220 862 λον
253 793 307 862 καὶ
344 789 543 880 ἀδιορίστως
576 797 686 881 ἰατροί
713 819 748 860 τε
784 793 838 860 καλ
871 789 1053 878 φιλόσοφοι
1089 789 1195 860 πολλὰ
1229 794 1298 859 τῶν

155 902 306 989 ἐναργῶς
328 901 545 987 φαινομένων
571 897 730 987 ὁσημέραι
767 897 937 987 μαχόμενα
968 911 1039 977 ταῖς
1071 897 1198 966 ἑαυτῶν
1220 894 1298 966 άπο-

151 1006 297 1095 φάσεσιν
330 1016 491 1094 ἴσχουσιν.
537 1004 555 1074 ὁ
589 1003 652 1093 γάρ
682 1005 921 1092 ἐπαινούμενος
949 1001 1013 1072 ὑπὸ
1037 1007 1105 1072 τῶν
1132 1002 1214 1072 κατὰ
1242 1002 1326 1084 τάςο

151 1113 270 1200 τέχνας
302 1109 460 1182 ἀπάντων
493 1110 677 1198 ἀξιολόγων
710 1109 845 1200 ἀνδρῶν
877 1110 1050 1199 διορισμὸς
1083 1112 1118 1179 ἐκ
1153 1116 1214 1180 τοῦ
1249 1139 1299 1198 γε·

153 1218 350 1307 γυμνάσθαι
373 1218 455 1288 κατὰ
478 1218 537 1300 τὰς
560 1218 622 1288 δύο
646 1217 767 1296 ταύτας
789 1225 949 1307 θεωρίας,
980 1217 1063 1307 ὑπὲρ
1086 1210 1135 1288 ῶν
1158 1220 1194 1287 ἐν
1216 1222 1300 1310 τῷδε

152 1329 197 1418 τῷ
228 1324 393 1414 γράμματι
423 1331 582 1414 διῆλθον,
615 1322 828 1394 ἀποτελεῖται.
873 1328 957 1412 λέγω
987 1325 1023 1394 δὲ
1057 1325 1119 1394 δύο
1156 1331 1302 1413 θεωρίας

152 1432 216 1520 τήν
238 1459 273 1500 τε
297 1434 413 1519 ἕκτης
436 1437 503 1502 τῶν
527 1431 654 1520 ὁμοίων
682 1458 716 1499 τε
744 1431 799 1500 καὶ
822 1427 994 1520 ἀνομοίων
1022 1435 1218 1521 διακρίσεως
1245 1433 1300 1500 καὶ

153 1539 217 1627 τὴν
245 1542 280 1607 εἰι
307 1544 365 1626 τῆς
392 1537 474 1608 κατὰ
511 1544 676 1628 διαίρεσιν
712 1542 780 1606 τῶν
807 1542 914 1625 γενῶν
949 1537 1025 1627 ἄχρι
1061 1543 1129 1608 τῶν
1166 1536 1301 1628 ἀτόμων
1315 1563 1340 1602 ιο

153 1645 239 1714 ὁδοῦ
265 1650 323 1734 τῆς
351 1673 385 1715 τε
409 1643 633 1733 ἀντιστρόφου
665 1645 786 1732 ταύτης
817 1646 960 1731 θέσεως,
991 1645 1148 1733 δηλονότι
1180 1649 1238 1734 τῆς
1265 1649 1300 1715 ἐκ

154 1757 223 1822 τῶν
250 1753 332 1821 κατὰ
361 1754 461 1843 μέρος
493 1752 544 1820 ἐπὶ
571 1751 607 1820 τὸ
641 1755 774 1838 πρῶτον
802 1753 899 1838 γένος
926 1750 1054 1822 ἀνόδου
1082 1752 1138 1822 διὰ
1166 1755 1235 1822 τῶν
1263 1755 1301 1820 ἐν

153 1864 198 1950 τῷ
223 1859 345 1946 μεταξὺ
374 1863 556 1947 διαφορῶν.
601 1859 656 1926 καὶ
679 1858 800 1939 ταύτας
828 1854 1018 1947 ἀμφοτέρας
1044 1859 1102 1942 τὰς
1132 1857 1303 1948 μεθόδους

154 1964 313 2034 κάλλιστα
345 1967 399 2034 καὶ
433 1963 550 2053 άριστα
582 1968 650 2034 τῶν
683 1969 874 2052 ἔμπροσθεν
907 1970 1033 2054 ίατρῶν
1064 1995 1098 2036 τε
1124 1967 1180 2036 καὶ
1208 1975 1304 2054 φιλο-

155 2071 275 2158 σόφων
303 2069 520 2161 Ἱπποκράτης
540 2099 574 2140 τε
598 2073 653 2140 καὶ
676 2070 820 2140 Πλάτων
843 2064 945 2158 εὖρον
968 2073 1139 2156 έπέδειξάν
1157 2067 1195 2142 ’τε
1218 2074 1301 2144 κατὰ
1317 2097 1342 2136 1⁵

154 2178 262 2246 πολλὰ
281 2179 521 2268 συγγράμματα
539 2176 579 2246 τά
598 2182 730 2260 ψευδῶς
747 2180 924 2265 λελεγμένα
941 2178 1025 2267 πρὸς
1047 2184 1115 2249 τῶν
1138 2177 1302 2270 ἀγνοούν-

162 2327 366 2335 ——ss-—m-

193 2389 258 2447 1οί
274 2390 306 2446 δὲ
326 2393 354 2446 Μ
373 2392 453 2448 Corn.
478 2389 507 2446 εί
523 2390 554 2446 δὲ
575 2394 599 2446 Α
623 2389 650 2446 εί
671 2389 702 2446 δὲ
727 2390 840 2459 BOhK3
864 2391 897 2447 cf.
922 2393 1017 2464 Progr.
1042 2395 1080 2462 ΙΙ,
1108 2401 1140 2449 17
1164 2397 1194 2449 et
1215 2395 1300 2450 Proll.

155 2484 183 2534 p.
211 2471 251 2520 14.
280 2495 312 2503 -
342 2470 358 2519 5
381 2466 407 2518 A
429 2463 522 2519 verbis
546 2458 561 2518 ὁ
587 2459 640 2532 γὰρ
666 2463 750 2545 incip.
776 2465 898 2533 excerpt.
921 2463 1048 2519 XXXXV
1078 2465 1161 2522 codd.
1183 2465 1239 2523 FP.
1267 2499 1298 2506 -

157 2543 173 2591 8
194 2529 366 2603 ἀποτελὴται
384 2536 415 2592 Ρ.
431 2565 461 2574 -
485 2542 518 2589 10
536 2536 675 2600 διαίρεσιν
694 2554 749 2588 των
768 2535 818 2588 FP
837 2537 862 2588 δ.
881 2555 910 2589 τε
930 2537 986 2590 τῶν
1000 2534 1148 2604 MABch;
1168 2537 1201 2592 el.
1215 2537 1300 2593 Proll.

155 2626 184 2676 p.
204 2613 260 2661 115.
281 2633 315 2644 -
335 2614 367 2661 11
383 2607 468 2674 δῆλον
483 2601 551 2660 ένΡ
570 2600 700 2674 δηλονότι
720 2601 752 2660 ἐκ
765 2605 958 2662 FMsBchK
975 2601 1105 2692 δηλονότι
1118 2607 1169 2678 τῆς
1188 2604 1219 2662 ἐκ
1239 2625 1302 2674 u0s3

156 2678 191 2732 cf.
212 2677 295 2734 Proll.
315 2694 341 2745 p.
364 2685 422 2731 106.
443 2709 475 2717 -
504 2683 536 2731 15
556 2696 584 2730 τε
604 2673 691 2730 πολλὰ
710 2677 791 2732 codd.
811 2678 873 2731 edd.
892 2697 921 2732 τε
942 2699 1014 2732 κατα
1033 2697 1062 2733 π.
1081 2697 1146 2746 n0s3
1165 2679 1200 2737 el.
1218 2679 1303 2736 Proll.

156 2768 183 2818 p.
207 2755 265 2803 107.
287 2779 318 2788 -
344 2754 378 2803 16
397 2742 444 2802 δυ’
465 2743 633 2818 γγράμματα
652 2747 711 2816 (sic)
729 2748 760 2802 P.
780 2777 811 2788 -
838 2743 873 2802 τά
894 2766 944 2804 nos
963 2749 1142 2819 inseruimus3
1167 2751 1201 2808 cf.
1220 2751 1306 2807 Proll.

157 2839 182 2888 γ.
209 2827 264 2872 sss.
286 2852 308 2858 -
339 2818 459 2889 λεγμένα
478 2819 507 2873 Ρ.
529 2852 559 2860 -

157 3058 273 3103 nerum
296 3035 331 3101 in
353 3033 503 3120 proprias
527 3033 725 3100 differentius
750 3036 890 3101 sectione
914 3035 948 3101 in
971 3035 1157 3104 universum
1181 3039 1305 3124 aliquid

157 3149 192 3209 et
214 3143 380 3210 indefinite
403 3141 616 3226 pronuntiant
639 3143 689 3206 vel
712 3141 829 3208 medici
854 3143 903 3208 vel
927 3140 1129 3229 philosophi,
1151 3144 1176 3210 ii
1199 3146 1304 3212 multu

158 3250 305 3336 quotidie
338 3249 503 3315 evidenter
536 3249 729 3333 apparentia
761 3251 828 3315 suis
861 3249 1030 3316 sententiis
1053 3272 1234 3338 repugnare
1257 3253 1303 3318 vi-

157 3359 243 3424 dent.
289 3356 377 3422 Nem
401 3379 453 3440 ea,
482 3379 564 3441 quae
593 3357 635 3422 ub
663 3356 814 3422 omnibus
838 3357 873 3422 in
896 3359 964 3422 crte
988 3357 1098 3444 ulique
1120 3358 1304 3444 insignibus

157 3463 238 3528 viris
268 3463 433 3548 laudatur,
469 3462 636 3528 distinctio
678 3485 716 3528 ex
743 3463 860 3529 herum
888 3463 1024 3530 duarum
1051 3466 1229 3551 rationum,
1265 3465 1304 3532 de

159 3571 276 3654 quibus
304 3570 367 3637 hoc
396 3570 430 3635 in
453 3570 537 3636 libro
561 3570 712 3654 disserui,
742 3570 971 3636 exercitatione
995 3572 1169 3654 perficitur.
1214 3571 1304 3638 Due-s

159 3679 293 3762 inquam
325 3677 483 3743 rationes:
526 3699 637 3761 unam,
670 3700 752 3763 quae
785 3699 801 3740 e
834 3675 990 3742 similium
1027 3681 1061 3742 et
1097 3677 1304 3744 dissimilium

159 3783 368 3850 distinetione
396 3787 539 3868 constat,
574 3785 724 3868 alteram,
760 3806 842 3868 quae
869 3806 885 3847 e
913 3785 969 3850 vie
995 3783 1157 3850 dividendi
1184 3806 1305 3871 genera

159 3911 261 3976 usque
290 3891 331 3954 ad
354 3890 521 3956 individue
548 3895 642 3957 etex
666 3891 818 3976 opposito
840 3890 916 3956 huic
939 3891 1050 3975 modu,
1075 3891 1138 3956 hoc
1162 3893 1226 3976 est,
1254 3915 1304 3958 as·

160 4019 257 4062 censu
286 4021 306 4061 a
339 3997 558 4083 singularibus
589 3998 630 4064 ad
658 4000 799 4084 primum
826 4021 926 4082 usque
958 4020 1060 4084 genus
1092 4021 1151 4082 per
1181 3997 1304 4064 medias

161 4104 368 4170 differentias.
423 4103 530 4189 Atque
567 4109 736 4190 utramque
772 4104 857 4170 hane
893 4105 981 4170 viam
1016 4103 1235 4189 pulcherrime
1272 4109 1306 4170 et

162 4211 285 4294 optime
310 4233 347 4276 ex
371 4211 521 4278 omnibus
544 4212 708 4277 veteribus
732 4211 865 4278 medicis
889 4210 1157 4296 philosophisque
1180 4211 1304 4296 Hippo-

161 4322 265 4382 crates
295 4321 328 4382 et
355 4317 449 4383 Pluto
482 4319 675 4386 invenerunt
705 4319 740 4385 in
767 4319 941 4402 multisque
969 4317 1062 4382 libris
1095 4319 1306 4385 ostenderunt

162 4447 213 4510 ee,
253 4447 336 4510 quae
372 4449 544 4510 perpetem
581 4426 668 4491 dicta
704 4429 812 4491 essent
840 4425 881 4490 ab
908 4425 962 4510 iis,
998 4424 1053 4509 qui
1076 4425 1306 4492 communica
