3298 5136
762 386 1009 451 -236-

316 541 503 632 ὁρμωμένη,
526 544 584 623 τὰς
607 542 669 611 δύο
694 544 755 630 μὲν
778 541 880 631 ἀρχὰς
902 541 966 632 ἤδη
991 547 1106 630 σαφῶς
1128 545 1259 632 ἕξομεν,
1287 545 1403 630 ἐφεξῆς
1426 543 1467 612 δὲ

314 652 368 718 καλ
392 649 454 738 τὴν
475 657 592 738 τρίτην
616 648 738 737 ὁμοίως
761 652 989 739 ἐξευρήσομεν.
1026 648 1110 718 ἀλλὰ
1132 649 1312 738 τοῦτομὲν
1334 655 1381 730 εἰς
1403 649 1467 719 τὸν

314 759 475 845 μέλλοντα
499 757 602 843 λόγον
628 755 882 845 ἀναβεβλήσθω.
927 759 1006 826 νυνὶ
1033 758 1070 825 δὲ
1099 757 1335 844 ἐπανέλθωμεν
1362 749 1467 838 αὖθις

315 864 366 930 ἐπὶ
391 865 520 932 ἐκεῖνον
542 863 603 931 τὸν
626 863 742 952 λόγον,
766 863 850 933 ὅθεν
873 871 919 944 εἰς
941 868 1063 932 τοῦτον
1087 865 1259 951 ἐξέβημεν,
1287 861 1332 943 ως
1355 861 1420 952 ἄρα
1446 862 1465 933 ὁ

281 992 294 1030 ι
316 968 508 1057 Χρύσιππος
527 972 864 1061 ἐναντιολογοάμενος
883 973 987 1063 ἐαυτῷ
1002 970 1091 1058 παρὰ
1109 970 1215 1050 πόδας
1229 968 1290 1038 οὐκ
1304 971 1467 1040 αἰσθάνε-

314 1103 379 1160 ται,
401 1077 554 1166 καθάπερ
578 1081 798 1167 ἐπεδείξαμεν,
822 1079 878 1148 διά
901 1106 935 1146 τε
957 1083 1019 1147 τοῦ
1042 1080 1116 1166 περὶ
1139 1082 1197 1165 τῆς
1219 1081 1337 1165 φωνῆς
1358 1077 1467 1162 λόγου

314 1185 369 1251 καὶ
392 1189 453 1252 τοῦ
477 1185 618 1271 φάσκειν
636 1188 742 1255 ἐνίοτε
760 1187 821 1274 μὲν
841 1184 1002 1272 οὐδεμίαν
1021 1195 1184 1272 αἴσθησιν
1207 1183 1287 1271 ἡμῖν
1306 1189 1465 1270 γίνεσθαι

314 1294 374 1357 τοῦ
401 1293 610 1379 περιέχοντος
637 1292 741 1362 τόπου
768 1292 805 1363 τὸ
833 1292 1051 1380 ἡγεμονικόν,
1084 1293 1190 1360 ἐνίοτε
1218 1289 1255 1358 δέ
1278 1297 1466 1377 φαίνεσθαι

314 1393 427 1466 αὐτόν.
472 1396 555 1467 ἀλλὰ
581 1398 644 1487 γὰρ
673 1398 752 1468 οὐδὲ
782 1404 881 1468 τοῦτο
909 1396 990 1467 αὐτὸ
1019 1398 1191 1486 πρόκειταί
1214 1424 1271 1485 μοι
1295 1400 1360 1464 νῦν
1382 1393 1466 1463 άπο-

248 1505 492 1590 westsaxoniae,
515 1505 564 1574 ὅτι
589 1505 633 1594 μὴ
657 1507 837 1594 πάρεργον·
858 1509 862 1596 λ
884 1504 967 1574 ἀλλὰ
991 1499 1033 1593 ἦν
1053 1508 1086 1586 ἐξ
1110 1503 1212 1592 ἀρχῆς
1229 1503 1267 1572 τὸ
1290 1510 1465 1591 προκείμε-

275 1635 298 1672 n
315 1637 377 1678 νον
400 1613 436 1678 ἐν
463 1613 570 1704 τούτῳ
593 1618 638 1706 τῷ
662 1615 827 1701 γράμματι
852 1611 911 1694 τὰς
932 1615 1087 1701 τέτταρας
1114 1609 1280 1698 διαφορὰς
1302 1609 1462 1690 ἐπιδεῖξαι

307 1720 381 1783 ’τῶν
409 1719 598 1806 λημμάτων.
648 1721 790 1790 ἐκάλουν
823 1721 860 1790 δέ
891 1721 928 1789 τὸ
962 1720 1024 1808 μὲν
1056 1723 1190 1806 πρῶτον
1221 1720 1319 1805 γένος
1349 1713 1464 1784 αὐτῶν

314 1823 571 1911 ἐπιστημονικόν
594 1854 626 1896 τε
651 1830 705 1895 καὶ
724 1825 967 1912 άποδεικτικόν,
990 1827 1027 1895 τὸ
1048 1827 1083 1894 δέ
1104 1824 1263 1912 δεύτερον
1281 1843 1465 1911 γυμναστι-

314 1927 375 1997 κόν
402 1957 436 1998 τε
464 1939 533 2018 καί,
561 1932 606 2013 ὡς
630 1931 852 2022 Ἀριστοτέλης
880 1933 1071 2023 ὀνομάσειε,
1101 1929 1325 2016 διαλεκτικόν,
1356 1926 1394 1997 τὸ
1425 1928 1464 1996 δέ

275 2061 299 2100 15
313 2042 426 2123 τρίτον
449 2041 598 2108 πιθανόν
620 2069 655 2108 τε
678 2043 732 2108 καὶ
752 2040 941 2128 ῥητορικόν,
963 2039 1001 2109 τὸ
1022 2041 1058 2108 δὲ
1081 2040 1239 2126 τέταρτον
1263 2033 1464 2123 σοφιστικὸν

312 2144 527 2214 ἐπεδείκννόν
548 2174 583 2215 τε
607 2146 646 2216 τὰ
670 2147 731 2237 μλν
759 2146 823 2216 ἀπὸ
847 2152 915 2215 τῶν
938 2144 1159 2235 ὑπαρχόντων
1187 2144 1295 2214 τεκαὶ
1319 2147 1463 2229 συμβαι-

313 2249 443 2320 νόντων
466 2258 506 2342 τῇ
533 2261 654 2346 καρδίᾳ
677 2255 900 2341 συνιστάμενα
928 2253 1010 2323 κατὰ
1037 2252 1146 2342 μόνον
1173 2249 1254 2321 αὐτὸ
1282 2247 1320 2319 τὸ
1346 2248 1463 2336 ζητού-

349 2437 364 2484 ὅ
394 2426 601 2488 ἐπαισθάνεται
625 2435 647 2488 L
676 2431 729 2490 ουίι
756 2431 926 2488 αἰσθάνεται
951 2435 1020 2488 MA.
1045 2464 1077 2473 -
1111 2440 1127 2487 6
1150 2427 1342 2499 ἀπεδείξαμεν
1365 2430 1395 2483 L.
1428 2461 1461 2468 —

314 2506 329 2554 '1
349 2501 520 2572 αἰσθητικὴν
539 2507 560 2560 L
581 2509 714 2574 αἴσθησιν
729 2508 794 2560 MA.
815 2537 847 2544 -
868 2513 884 2560 8
904 2509 1061 2573 φαίνεσθαι
1076 2504 1168 2574 λέγειν
1187 2503 1266 2558 codd.
1286 2501 1347 2556 edd.
1366 2499 1462 2569 λέγειν

313 2571 457 2639 eiecimus;
482 2577 514 2629 cf.
541 2577 625 2630 Proll.
649 2597 675 2648 p.
698 2585 756 2632 128.
782 2610 814 2616 —
841 2583 857 2630 9
881 2573 960 2631 τοῦτ’
982 2568 1110 2638 αὖθιςΙι
1135 2576 1218 2630 τοῦτο
1241 2567 1313 2627 orriri
1337 2573 1403 2626 MA.
1427 2603 1461 2612 -

315 2651 350 2727 13,
375 2645 424 2768 'mli
452 2639 632 2716 άγάμναστον
660 2650 708 2704 καλ
734 2645 771 2711 ὠς
796 2651 825 2704 L.
855 2679 888 2688 —
918 2657 950 2704 16
976 2644 1032 2703 ὑπὸ
1061 2648 1116 2702 τῶν
1140 2649 1170 2701 L.
1196 2677 1228 2685 -—
1254 2651 1285 2699 1⁷
1310 2639 1383 2698 κατὰ
1406 2641 1461 2712 μὲν

314 2733 384 2768 αυτο
427 2757 433 2769 .
454 2748 487 2756 -
1009 2741 1017 2756 ·

314 2901 490 2983 constabit,
518 2902 581 2968 duo
604 2905 670 2968 iam
693 2905 928 2989 proculdubio
952 2904 1113 2988 principie
1135 2901 1343 2985 habebimus,
1371 2901 1460 2966 dein-

313 3031 388 3092 ceps
411 3008 544 3073 tertium
563 3011 662 3076 simili
681 3011 777 3076 modo
800 3011 1038 3096 indagabimus.
1076 3009 1137 3074 Sed
1160 3010 1193 3074 id
1217 3009 1459 3092 insequentem

311 3114 431 3180 librum
455 3116 634 3202 differatur3
657 3140 742 3182 nuno
765 3141 812 3201 eo,
836 3119 919 3182 unde
941 3119 1005 3182 huo
1028 3117 1158 3182 deflexit
1181 3116 1296 3198 metm,
1318 3114 1459 3198 redeam,

313 3218 549 3307 Chrysippum,
572 3226 609 3287 ut
631 3222 938 3308 demonstravimus,
961 3247 1028 3290 non
1051 3223 1306 3288 animadvertere
1335 3245 1368 3286 se
1392 3222 1459 3288 sibi

208 3365 212 3374 .
312 3330 376 3412 ipsi
400 3331 513 3395 statim
536 3332 700 3396 adversari
725 3355 797 3396 cum
821 3333 855 3397 in
879 3332 1099 3416 disputatione
1123 3333 1161 3396 de
1180 3351 1267 3412 voce,
1290 3333 1360 3394 tum
1383 3353 1458 3394 cum

312 3437 475 3502 interdum
507 3442 605 3523 neget
640 3439 742 3502 ullum
774 3463 834 3504 nos
869 3462 999 3504 sensum
1033 3437 1132 3520 sedis,
1164 3459 1228 3521 qua
1264 3437 1457 3520 principalis

312 3544 440 3609 animae
464 3568 539 3628 pars
563 3547 776 3630 contineatur,
800 3547 928 3628 habere,
953 3546 1115 3609 interdum
1138 3542 1313 3608 manifesto
1335 3542 1457 3608 habere

312 3651 387 3714 aiat
438 3651 499 3716 Sed
527 3677 567 3717 ne
598 3654 660 3718 hoo
688 3654 817 3739 quidem
849 3653 913 3716 nisi
944 3652 1050 3716 obiter
1076 3673 1161 3716 nunc
1188 3652 1327 3735 probare
1360 3651 1455 3716 nobis

311 3759 689 3845 proposuimus;‚verum
713 3761 793 3825 illud
816 3761 850 3825 in
873 3759 1034 3843 principio
1056 3757 1189 3822 huiusce
1212 3757 1289 3822 libri
1307 3758 1456 3842 proposi·

311 3868 380 3928 tum
410 3865 486 3948 fuit,
514 3871 551 3930 ut
579 3869 776 3932 sumtionnm
807 3867 1005 3931 differentias
1036 3869 1176 3949 quatuor
1203 3864 1454 3929 ostenderemus.

311 3970 456 4036 Primum
479 3995 580 4058 genus
605 3997 715 4038 earum
739 3976 870 4059 elegans
894 3976 927 4036 et
950 3970 1236 4036 demonstrationis
1260 3971 1454 4036 auctoritate

310 4079 503 4162 praeditum,
527 4082 701 4145 seeundum
721 4081 961 4165 gymnastioum
981 4083 1022 4161 et,
1045 4083 1082 4142 ut
1101 4077 1294 4142 Aristoteles
1317 4077 1453 4160 dicebat,
1524 4091 1526 4093 ’

310 4185 525 4270 dialecticum,
543 4189 677 4252 tertium
691 4187 861 4271 probabile
877 4190 909 4250 et
923 4185 1111 4268 oratorium,
1131 4188 1281 4268 quartum
1300 4184 1452 4269 sophisti-

311 4315 384 4357 cum
404 4293 567 4378 appellavi
586 4298 683 4378 atque
702 4293 921 4358 demonstravi
941 4293 1119 4356 sumtiones
1138 4291 1221 4374 illes,
1240 4313 1323 4375 quse
1342 4290 1452 4374 abiis,

310 4420 392 4481 quse
407 4399 495 4462 cordi
508 4399 653 4464 inessent
667 4401 699 4462 et
713 4397 903 4482 occiderent,
921 4400 1122 4482 ducerentur,
1141 4399 1279 4464 simodo
1298 4420 1336 4462 ex
1356 4419 1394 4461 ea
1408 4419 1450 4482 re,
