3166 5192
569 453 609 461 —
658 416 721 478 537
769 451 806 460 ·--

116 573 303 662 γεγονότων
327 570 346 660 ἢ
371 577 539 660 διοίκησιν
569 574 637 640 τῶν
659 570 903 658 διοικουμένων
927 570 1042 657 ἑτέραν
1065 566 1170 656 ἀρχὴν
1195 569 1261 636 ἐπι-

114 681 326 768 τηδειοτέραν
349 677 461 766 εὑρεῖν
478 683 536 766 τῆς
554 675 713 764 ἀληθοῦς.
748 673 769 764 ἡ
792 676 855 764 μὲν
877 674 941 762 γὰρ
964 679 1022 762 τῆς
1043 680 1150 755 οἰκίας
1172 677 1261 761 γε’νε-

114 809 167 866 σις
193 784 413 873 ἀναγκάσειεν
443 783 487 854 ἀν
513 789 648 871 πρῶτον
675 787 906 872 μνημονεῦσαι
933 785 1000 850 τῶν
1029 785 1211 868 θεμελίων,
1239 776 1260 865 ἡ

115 894 152 962 δὲ
170 898 228 981 τῆς
247 891 329 972 νεῶς
348 895 353 984 λ
373 896 431 980 τῆς
449 890 603 979 τρόπεως.
640 888 726 960 οὕτω
746 890 782 958 δὲ
801 889 855 957 καὶ
876 894 906 956 εί
924 894 1128 976 βουληθείης
1147 885 1324 972 &apyri-547

115 1011 239 1069 σασθαι
259 1000 385 1079 πόλεως
403 996 562 1086 ἢέθνους
580 993 600 1084 ἢ
616 997 841 1084 στρατοπέδου
860 1001 1037 1084 διοίκησιν,
1057 991 1099 1062 ἀν
1117 991 1287 1080 ἀνάγκα-ε

114 1114 230 1194 σθείης
252 1111 310 1193 τῆς
327 1105 458 1192 πρώτης
480 1103 582 1192 ἀρχῆς
597 1105 638 1172 ’ἐν
657 1103 782 1194 ἑκάστῳ
801 1107 1039 1192 μνημονεῦσαι.
1077 1099 1261 1188 θαυμάζειν

115 1204 178 1280 οὖν
208 1211 318 1296 ἀξιον,
354 1211 427 1280 ὅσοι
465 1212 597 1294 διδάξαι
630 1210 691 1299 μὲν
724 1208 837 1298 ὀρθῶς
873 1210 1038 1297 ἑτέρωθεν
1074 1205 1261 1295 ἀρξάμενον

114 1317 285 1388 ἀδύνατον
317 1316 407 1387 εἶναι’
436 1339 555 1405 φασιν,
588 1316 725 1405 ἀγνοεῖν
756 1317 793 1387 δὲ
825 1315 888 1404 τὴν
920 1314 1025 1396 ὄντως
1054 1312 1161 1402 ἀρχὴν
1193 1317 1261 1382 τῶν

115 1429 258 1512 φλεβῶν,
303 1422 458 1514 ἀλλήλοις
485 1424 548 1512 γὰρ
576 1423 676 1513 ἄμφω
701 1427 864 1512 συνῆπται
892 1427 995 1491 ταῦτα
1022 1423 1077 1490 καὶ
1101 1419 1162 1509 οὐχ
1187 1415 1261 1488 οίόν

115 1534 151 1600 ιε’
173 1533 239 1602 ἐστι
268 1534 368 1619 χωρίς
390 1529 544 1619 ἀλλήλων
572 1533 729 1618 γενέσθαι
758 1532 1024 1609 διασπασθεύτα,
1055 1527 1118 1616 τὴν
1151 1525 1262 1615 ὀρθὴν
1277 1552 1301 1591 ιο

115 1635 220 1726 ἀρχὴν
243 1641 328 1725 λέγω
359 1643 416 1726 τῆς
444 1644 659 1719 διδασκαλίας
685 1643 743 1726 τῆς
774 1637 880 1718 ὄντως
906 1635 1008 1724 ἀρχῆς
1031 1639 1091 1704 τοῦ
1114 1633 1261 1722 πράγμα-

114 1772 180 1828 τος,
211 1741 295 1812 ἀλλὰ
327 1755 391 1814 είτε
424 1743 536 1834 ὀρθῶς
568 1746 719 1814 διδάσκει
749 1773 813 1828 τις,
852 1741 916 1812 ἀπὸ
953 1748 1011 1830 τῆς
1042 1741 1124 1810 κατὰ
1156 1741 1261 1828 φύσιν
1330 1791 1339 1806 .

115 1849 217 1940 ἀρχῆς
239 1851 383 1941 ἄρχεται,
408 1863 471 1922 εἴτε
494 1852 565 1940 τὴν
579 1852 685 1933 ὄντως
706 1849 814 1940 ἀρχὴν
833 1849 906 1919 οἶδε’
922 1877 981 1934 τις,
1003 1849 1066 1937 τὴν
1088 1854 1145 1936 τῆς
1169 1853 1260 1917 διδα-

115 1967 252 2039 σκαλίας
266 1956 336 2056 Ιοὐκ
359 1958 481 2046 ἀγνοεῖ.

196 2064 311 2153 Ἤρκει
344 2065 406 2154 μὲν
439 2059 501 2135 οὖν
534 2068 588 2135 καλ
621 2071 723 2134 ταῦτα
756 2065 840 2153 πρὸς
871 2063 1043 2145 ἀπόδειξιν
1075 2069 1132 2152 τῆς
1160 2061 1261 2150 ἀρχῆς
1277 2085 1301 2124 1⁵

117 2175 184 2238 τῶν
207 2177 355 2260 φλεβῶν,
378 2170 479 2241 οὐδὲν
507 2173 574 2261 μὴν
600 2166 699 2260 ἧττόν
722 2175 789 2240 ε’στι
818 2174 872 2241 καλ
896 2171 935 2240 τὰ
958 2173 1120 2260 με’λλοντα
1144 2170 1260 2258 λεχθή-
1310 2248 1314 2256 ,

151 2413 166 2460 ‘2
186 2399 201 2458 ὁ
222 2401 324 2488 μὲν
293 2425 347 2473 γαρ
366 2405 456 2460 Μ.-
424 2403 587 2473 -γένεσιν
601 2405 690 2460 Μ.-
711 2411 727 2458 3
746 2399 937 2472 ἀναγκάσειεν
952 2399 1123 2457 MABCh'
1106 2397 1262 2471 αναγκάσει

117 2470 386 2546 Κάναγκάοειεν
369 2497 405 2530 αν
424 2493 490 2540 nor,
510 2476 543 2532 ολ.
561 2477 644 2532 Proll.
664 2495 711 2601 pp.
727 2483 760 2531 66
780 2477 809 2530 ελ
825 2481 924 2529 107.-
927 2468 1097 2529 -ῠιλνοω
1113 2473 1260 2538 Minci„

115 2547 149 2602 ef
168 2547 252 2602 Pron.
272 2565 299 2631 p.
320 2555 407 2604 66.-
409 2542 645 2634 -ἀναγκασθείη
698 2545 810 2612 ΑΒΟλις
829 2547 863 2602 of.
871 2547 967 2630 prou.
987 2565 1013 2616 p
1037 2551 1134 2600 100.-
1139 2552 1212 2599 -10
1230 2544 1260 2600 ιε’

115 2635 165 2673 noe
182 2619 417 2674 inseruimueoe-
381 2627 474 2674 -12
493 2614 566 2674 κατά
587 2615 717 2703 διηγησιν
740 2637 790 2686 της
812 2612 899 2686 ἀρχῆς
921 2635 972 2689 pro
991 2639 1016 2672 ιι.
1036 2611 1124 2686 φάσιν
1141 2611 1204 2686 ἀρη
1223 2617 1260 2670 Μ

116 2722 148 2730 —
170 2697 201 2744 1³
220 2685 336 2758 ἄρξεται
355 2691 444 2745 Μ.-
463 2691 518 2745 είτε
538 2689 570 2746 δὲ
590 2687 643 2758 τὴν
662 2689 741 2744 codd.
761 2689 822 2744 edd.
843 2687 874 2744 δὲ
894 2689 1140 2760 expunximus.—

117 2925 224 2990 datius
249 2925 292 2990 sit
311 2947 408 3012 quom
432 2926 474 3010 id,
497 2928 583 3012 quod
604 2949 714 2990 verum
734 2929 791 2990 eet.
828 2923 952 2989 Domus
972 2928 1062 2989 ortus
1086 2924 1125 2988 de
1148 2923 1259 2988 funda·

117 3031 235 3097 mentis
268 3037 376 3117 coget,
409 3033 502 3098 novis
533 3033 572 3097 de
607 3033 717 3098 ourino
748 3032 888 3116 primam
916 3030 1112 3096 mentionem
1145 3031 1260 3095 fucere.

115 3137 239 3204 Eodem
267 3139 378 3222 modo,
408 3140 435 3205 si
466 3140 607 3206 volueris
635 3139 777 3204 civitatis
806 3143 863 3216 aut
886 3139 994 3224 gentis
1022 3142 1079 3202 aut
1101 3137 1260 3202 exercitur

115 3245 431 3312 administrationem
462 3246 638 3332 explicere,
670 3246 776 3332 prima
812 3245 847 3310 in
878 3266 1069 3330 unoquoque
1101 3267 1135 3308 re
1167 3245 1260 3330 origo

115 3352 177 3417 tibi
200 3353 263 3417 erit
285 3354 469 3436 repetenda.
511 3353 673 3418 Demirori
697 3353 799 3439 igitur
818 3351 967 3419 convenit
986 3374 1051 3436 eoo,
1074 3352 1129 3436 qui
1153 3355 1260 3416 sumto

116 3458 244 3524 aliunde
272 3459 433 3544 principio
461 3465 584 3526 rectam
612 3461 795 3527 doctrinam
823 3460 913 3525 nullo
941 3459 1037 3526 modo
1065 3457 1135 3524 fieri
1164 3481 1260 3542 posse

115 3566 149 3626 et
170 3567 281 3629 tumen
300 3587 334 3630 se
354 3588 463 3630 veram
483 3567 644 3653 originem
664 3589 816 3632 venerum
840 3568 991 3652 ignorare
1015 3565 1134 3630 dieunt.
1171 3565 1260 3630 Haeo

116 3669 202 3734 enim
221 3671 284 3735 duo
308 3672 394 3737 inter
413 3693 446 3736 ee
467 3695 587 3738 conexu
610 3677 686 3740 eunt
704 3696 742 3740 eo
763 3674 834 3738 fieri
853 3696 918 3738 nou
937 3675 1055 3756 potest,
1078 3675 1115 3736 ut
1132 3673 1260 3737 divulsa

115 3776 201 3841 inter
224 3799 258 3840 se
282 3783 485 3864 separentur,
508 3786 631 3846 rectum
655 3781 821 3846 doctrinae
844 3780 916 3844 dieo
940 3784 973 3843 et
995 3801 1106 3843 verum
1129 3779 1176 3843 rei
1200 3779 1259 3844 ini·

116 3881 208 3966 tium,
231 3883 287 3948 eed
311 3885 379 3949 eive
403 3890 490 3951 reete
513 3889 585 3971 quis
609 3887 717 3972 docet,
740 3912 760 3953 a
783 3887 926 3953 naturali
949 3886 1112 3970 principio
1136 3886 1260 3970 incipit,

116 3989 184 4053 sive
207 4011 318 4054 verum
346 3992 392 4056 rei
420 3993 617 4078 principium
645 3996 751 4080 novit,
782 3998 906 4060 rectum
934 3993 1100 4058 doctrinae
1128 3991 1259 4057 initium

114 4117 180 4160 non
203 4095 343 4182 ignorat

204 4203 311 4287 Atque
339 4203 418 4270 haee
445 4205 574 4291 quidem
598 4208 638 4271 od
666 4207 826 4293 originem
855 4230 1008 4274 venarum
1037 4207 1258 4272 demonstrau-

115 4308 190 4374 dam
214 4309 411 4396 sufficerent3
435 4333 516 4397 quae
539 4315 650 4378 tumen
672 4335 756 4378 nune
774 4313 919 4404 dioturus
943 4337 1024 4398 eum,
1046 4313 1259 4380 nihilomiuus

114 4416 187 4500 ipse
209 4439 336 4501 quoque
361 4417 455 4482 firmo
473 4423 568 4484 erunt
591 4424 792 4506 argumenta,
815 4441 873 4483 eur
891 4441 947 4485 eor
963 4441 1066 4504 neque
1090 4421 1258 4508 sanguinis
