3212 5146
575 444 815 512 —6ao-

120 629 156 689 γε
180 603 262 672 κατὰ
286 601 420 684 εὐθείας
443 601 529 690 δρᾶν
556 601 643 691 ἡμᾶς
665 603 817 691 γραμμὰς
843 599 863 690 ῆ
890 608 951 672 τοῦ
973 603 1035 691 τῆν
1059 603 1156 690 ὄψιν,
1185 607 1267 673 έπει-

122 708 186 777 δάν
217 707 361 798 ἀκριβῶς
387 739 453 778 τινι
485 716 562 802 λείῳ
594 710 648 777 καὶ
682 714 848 794 στίλβονιι
880 713 1066 799 προσπέσῃ,
1096 711 1178 779 κατὰ
1205 711 1268 798 τῆν

122 825 199 902 ίσην
222 813 431 884 ἀνακλᾶσθαι
459 824 587 903 γωνίαν
611 807 631 905 ῆ
654 817 872 902 προσέπεσεν,
900 814 1084 898 ἀποδείξεις
1108 819 1271 905 φέρονται’

121 949 217 1001 τινες.
254 931 344 1011 είπερ
369 916 474 1011 οὖνὴ
499 922 575 1004 ὄψις
597 922 684 1010 μόνη
707 926 775 990 τῶν
799 921 910 991 ἄλλων
933 923 1125 1010 αἰσθήσεων
1149 924 1267 992 atroa-

122 1055 213 1097 νεται
241 1034 302 1096 τοῦ
329 1035 505 1109 κινοῦντος
532 1027 638 1116 αὐτὴν
666 1032 832 1116 αἰσθητοῦ
855 1026 911 1096 διδι
943 1031 1047 1116 μέσον
1074 1035 1134 1099 τοῦ
1161 1028 1295 1118 ἀέρος,5

126 1133 186 1222 οὐχ
210 1133 254 1214 ὡς
272 1142 451 1224 βακτηρίας
469 1136 571 1218 τινός,
595 1135 677 1205 ἀλλὰ
702 1133 747 1216 οῦς
765 1135 941 1223 ὁμοειδοῦς
963 1139 1069 1204 τεκαὶ
1094 1143 1269 1225 συμφυοῦς

123 1242 222 1329 ἑαυτῆ
252 1249 374 1330 μορίου
401 1243 455 1311 καὶ
479 1242 566 1332 μόνη
594 1247 692 1310 τοῦτο
722 1244 890 1330 ἐξαίρετον
917 1240 999 1332 αῦτῆ
1028 1247 1161 1312 δέδοται
1188 1244 1268 1332 μετὰ

122 1354 183 1418 τοῦ
214 1350 268 1416 καὶ
302 1348 358 1417 διὰ
390 1347 602 1428 ἀνακλάσεως
634 1347 733 1437 ὁρᾶν,
766 1349 900 1429 εἰκότως
927 1348 1049 1437 ἐδεήθη
1082 1351 1270 1438 πνεύματος

123 1455 259 1523 ἀνωθεν
283 1457 493 1543 ἐπιρρέοντος
512 1452 720 1540 αδηοειδοῦς,
744 1452 762 1523 δ
782 1471 990 1544 προσπῖπτον
1012 1461 1056 1548 τῷ
1080 1460 1173 1546 πέριξ
1196 1457 1268 1546 ἀέρι

123 1563 178 1630 καὶ
206 1557 281 1629 οἷον
309 1564 505 1649 ἐπιπλῆττον
532 1559 636 1630 αὐτὸν
668 1563 773 1654 εἀντςῦ
806 1563 1071 1650 συνεξομοιώσει.
1126 1565 1270 1646 δεόντως
1284 1588 1309 1626 1⁰

126 1661 189 1736 οῦν
222 1670 363 1755 ἐροῦμεν
394 1667 566 1756 αὐγοειδὲς
597 1668 659 1754 μὲν
694 1666 779 1736 εἶναι
811 1668 848 1736 τὸ
881 1673 939 1756 τῆς
971 1668 1079 1750 ὅψεως
1110 1671 1269 1760 ὄργανον,

125 1773 292 1863 ἀεροειδὲς
316 1775 351 1842 δὲ
375 1775 412 1843 τὸ
437 1781 495 1863 τῆς
523 1773 639 1861 ἀκοῆς,
670 1771 840 1861 ἀτμοειδὲς
864 1775 899 1843 δὲ
927 1774 965 1845 τὸ
995 1781 1053 1864 τῆς
1083 1775 1188 1865 ὀδμῆς
1215 1780 1269 1846 καὶ

124 1881 161 1950 τὸ
190 1881 252 1968 μὲν
279 1886 337 1967 τῆς
366 1882 509 1968 νεύσεως
536 1880 658 1969 ιιγρόν,
686 1878 723 1948 ιδ
754 1879 791 1947 δὲ
817 1885 876 1968 τῆς
898 1879 985 1968 ἁφῆς
1012 1887 1141 1968 γεῶδες.
1192 1882 1270 1952 οὐδὲ

125 1987 189 2075 γὰρ
213 1985 288 2057 οἷόν
310 2015 344 2056 τε
364 1982 406 2076 ῆν
425 1989 543 2076 ἑτέρως
561 1994 649 2074 ἔχειν
668 1984 751 2054 αὐτὰ
770 1992 828 2074 τῆς
847 1990 882 2055 έκ
901 1993 968 2057 τῶν
988 1987 1115 2076 ὁμοίων
1134 1987 1271 2059 ἀλλοινί-

126 2117 208 2174 σεως
239 2095 400 2184 χρῄζοντα
436 2096 490 2162 καὶ
526 2099 623 2162 τοῦτο
657 2093 721 2182 ἀρα
759 2087 816 2180 ῆν,
853 2090 871 2162 δ
904 2095 1058 2180 βούλεται
1092 2100 1219 2182 δηλοῦν
1252 2094 1311 2165 61⁵

126 2199 347 2289 Ἐμπεδοκλῆς
370 2204 407 2268 έν
430 2196 480 2280 οἷς
503 2220 585 2287 φησι

217 2311 309 2398 “γαίη
333 2308 395 2395 μὲν
418 2311 482 2396 γὰρ
505 2321 606 2393 γαῖαν
630 2305 820 2394 ὀπώπαμεν,
844 2307 940 2375 ῦδατι
960 2305 998 2374 δ’
1023 2307 1128 2397 ὕδωρ,
1157 2311 1162 2398 Ι

164 2495 179 2542 3
199 2485 288 2555 φέρον
307 2485 337 2540 τέ
357 2505 430 2549 τινες
449 2486 486 2540 Μ.
507 2517 539 2526 -
566 2492 598 2539 10
617 2481 733 2548 dederas
751 2487 787 2542 M.
808 2517 840 2526 —-
868 2493 900 2540 12
919 2481 938 2540 ἀ
957 2486 985 2539 in
1005 2481 1093 2554 ἀκοῆς
1111 2487 1140 2540 in
1160 2504 1213 2541 ras.
1232 2489 1269 2543 M.

127 2591 159 2598 —
183 2566 214 2612 17
234 2559 267 2612 cl.
288 2559 402 2612 Aristot.
422 2558 545 2627 Motaph.
565 2558 599 2626 ll,
618 2565 643 2610 4.
664 2589 696 2596 -
717 2564 798 2626 μαῖον
817 2573 868 2627 pro
887 2560 953 2627 γαίη
973 2557 1009 2612 M.
1031 2589 1062 2596 -=

232 2677 339 2686 --ια

127 2739 337 2804 manifestum
361 2739 413 2821 sit,
436 2738 484 2801 ita
506 2737 569 2803 hoo
593 2740 750 2823 statuunt,
773 2761 969 2826 quamquam
992 2762 1058 2804 non
1080 2739 1196 2804 desunt
1218 2741 1270 2804 de·

130 2846 392 2928 monstrationes,
416 2866 472 2909 cur
495 2867 553 2928 per
571 2848 676 2909 rectas
699 2845 803 2909 lineas
827 2867 886 2909 nos
906 2869 1076 2910 cernamus
1100 2847 1151 2911 vel
1175 2847 1272 2930 visus,

127 2953 182 3016 ubi
206 2953 239 3017 in
264 2952 394 3036 aliquod
422 2951 492 3039 leve
521 2951 693 3015 admodum
721 2955 755 3014 et
780 2951 941 3036 fulgidum
969 2973 1086 3036 corpus
1115 2953 1272 3035 inciderit,

128 3060 201 3124 inde
235 3058 362 3143 aequali
399 3057 533 3142 angulo,
566 3080 629 3142 quo
662 3057 790 3141 incidit,
822 3061 1055 3141 retorqueatur.
1108 3056 1143 3122 Si
1172 3058 1273 3142 igitur

127 3167 215 3230 visus
244 3165 333 3230 solus
361 3187 399 3228 ex
428 3165 502 3228 aliis
536 3164 683 3228 sensibus
716 3165 855 3248 percipit
887 3165 1054 3248 sensibile,
1085 3164 1169 3248 quod
1198 3187 1269 3230 eum

66 3278 80 3298 ⁸
128 3274 247 3358 movet,
271 3271 377 3336 medio
402 3275 473 3334 a'e‘re
497 3294 584 3354 usus,
606 3293 669 3337 non
694 3271 786 3354 qnasi
811 3270 928 3334 baculo
948 3271 1096 3356 quodam,
1119 3272 1172 3335 sed
1198 3295 1271 3338 eou-

129 3379 228 3444 simili
266 3382 299 3442 et
331 3381 472 3464 cognata
504 3378 566 3442 sibi
599 3381 692 3462 parte
734 3379 859 3462 solique
892 3378 973 3442 baec
1008 3379 1182 3461 praecipua
1213 3377 1271 3442 dos

129 3507 282 3550 concessa
305 3489 355 3548 est
378 3487 474 3568 atque
498 3507 571 3548 cum
595 3507 633 3548 ea
660 3484 757 3548 simul
781 3483 827 3566 id,
855 3488 892 3548 ut
914 3507 972 3567 per
996 3486 1270 3567 repercussiouem

129 3613 258 3656 cernere
281 3593 392 3674 queat,
421 3591 535 3654 merito
560 3590 588 3653 ei
617 3612 698 3674 opus
726 3590 790 3654 fuit
809 3590 946 3673 desuper
972 3589 1126 3654 influente
1154 3591 1271 3674 spiritu

128 3697 251 3781 lucido,
273 3697 328 3780 qui
354 3697 387 3760 in
416 3701 520 3760 adrem
549 3696 745 3759 ambientem
773 3691 917 3760 tricidens
945 3699 978 3759 ct
1005 3718 1077 3760 eum
1105 3699 1270 3780 tamquam

130 3804 312 3888 percutiens
344 3802 544 3868 consimilem
578 3802 640 3865 sibi
675 3802 831 3866 redderet.
886 3802 1138 3868 Accommodatc
1170 3803 1272 3888 igitur

130 3911 273 3974 dicemus
302 3910 391 3975 visus
419 3909 668 3973 instrumentum
696 3909 839 3974 lucidum
863 3931 946 3993 esse,
975 3915 1104 3974 a'e’rcum
1133 3910 1272 3992 auditus,

130 4016 283 4101 vaporale
303 4017 451 4100 olfactus,
468 4019 620 4100 gustatus
638 4015 818 4099 humidum,
840 4019 1001 4080 terrenum
1020 4019 1136 4080 taetras
1172 4015 1271 4081 Nullo

130 4124 216 4188 enim
241 4123 306 4187 alio
329 4122 424 4188 modo
446 4121 527 4186 haec
551 4144 585 4186 se
607 4121 727 4186 habere
750 4126 897 4205 possunt,
919 4144 992 4186 cnm
1011 4123 1270 4187 immutationem

130 4255 167 4296 ex
201 4230 363 4295 similibus
395 4230 568 4314 requirant.
619 4227 726 4312 Atque
753 4228 816 4292 hoc
848 4232 910 4312 est,
942 4228 1026 4313 quod
1058 4227 1271 4312 Empedocles

130 4339 314 4424 significare
337 4335 442 4400 voluit
463 4335 515 4399 his
539 4335 700 4410 versibus:

131 4445 304 4508 ‘Terram
327 4465 413 4508 nam
435 4445 541 4506 terra
560 4444 673 4524 atquc
698 4441 796 4505 unda
819 4464 886 4508 uos
906 4443 1099 4508 cernimus
1123 4443 1273 4528 undam,

183 4559 263 4598 saleni
277 4559 305 4598 de
319 4558 379 4597 Plac.
394 4557 451 4596 Plat.
466 4560 487 4596 et
502 4556 611 4604 Hippocr.
626 4555 685 4594 libri.
1027 4555 1061 4602 40
