3246 5148
570 1280 758 1356 Praefatio
787 1281 951 1356 editoris.

278 1595 369 1670 Quod
398 1597 473 1658 ante
498 1595 557 1660 hos
585 1595 665 1661 duos
690 1619 791 1662 annos
819 1597 967 1680 promisi,
996 1597 1029 1661 id
1056 1598 1120 1662 ianr
1149 1599 1196 1662 ita
1225 1602 1332 1662 ratum

189 1709 294 1792 effeci,
331 1713 367 1772 ut
403 1708 554 1774 volumen
591 1712 731 1793 primum
763 1712 912 1777 editionis
950 1713 1107 1777 librorum
1139 1712 1255 1778 Galeni
1292 1713 1330 1776 de

189 1823 322 1890 Placitis
358 1823 570 1908 Hippocratis
604 1826 811 1912 Platonisque
848 1829 882 1892 in
919 1828 1021 1892 lucem
1055 1829 1231 1910 mitterem,
1268 1851 1331 1911 quo

186 1939 423 2025 Prelegomena
446 1941 575 2025 critica,
603 1941 771 2027 scriptoris
796 1943 894 2008 verba
917 1943 1001 2026 ipsa,
1025 1943 1193 2007 adnotatio
1217 1943 1331 2007 critica

187 2055 356 2140 versioque
389 2055 493 2122 latina
525 2058 776 2123 continerentur.
820 2056 859 2122 In
891 2058 943 2122 his
977 2059 1127 2124 omnibus
1156 2058 1235 2142 quin
1262 2061 1331 2122 er'u-

186 2171 328 2236 ditorum
347 2173 581 2255 exspectationi
601 2173 832 2258 satisfacerem,
855 2174 985 2239 tametsi
999 2173 1083 2238 nihil
1091 2165 1172 2237 'fere
1191 2177 1331 2257 praeter-

187 2285 314 2351 misisse
343 2287 424 2350 mihi
458 2287 583 2372 videor,
610 2292 720 2354 tamen
749 2292 854 2353 metus
881 2311 1111 2372 nonnunquam
1141 2289 1230 2352 subit
1262 2289 1329 2352 ani-

187 2425 288 2486 mum,
315 2425 356 2466 ne
384 2403 470 2468 vires
493 2426 583 2468 meae
613 2426 727 2486 parum
756 2405 941 2468 suffecerint
967 2407 1058 2468 tanto
1086 2405 1204 2487 labori,
1232 2425 1329 2486 quan·

186 2521 255 2582 tum
292 2540 378 2583 nova
414 2517 502 2584 illius
539 2520 646 2602 operis
683 2519 827 2604 requirat
863 2520 1015 2584 recensio
1066 2519 1153 2584 Nam
1189 2519 1330 2602 primum

184 2633 340 2717 ipsarum,
359 2655 440 2718 quae
459 2658 478 2698 a
498 2633 620 2700 Galeno
643 2637 837 2718 tractantur,
857 2657 964 2698 rerum
982 2657 1049 2701 non
1072 2634 1168 2700 modo
1188 2635 1329 2699 varietas

186 2770 342 2834 perquam
361 2769 489 2834 magna,
511 2750 567 2813 sad
586 2750 760 2814 insolentia
778 2749 877 2814 etiam
897 2773 934 2814 ac
952 2751 1082 2816 novitas
1102 2775 1121 2814 a
1140 2750 1330 2835 vulgaribus

186 2863 387 2949 philologiae
407 2863 523 2928 studiis
543 2864 638 2949 longe
657 2868 783 2930 remota
806 2865 1014 2930 difficultates
1038 2865 1211 2930 editionem
1236 2887 1328 2948 para-

186 2983 259 3044 turo
288 2979 411 3044 creavit
432 3001 499 3045 non
526 2979 670 3064 exiguam
705 2980 782 3063 quid
815 2979 920 3044 dicam
947 3003 1012 3044 non
1040 2981 1196 3065 exiguas?
1228 2980 1328 3044 immo

186 3115 255 3177 eas,
286 3115 368 3178 quae
396 3094 497 3158 videri
525 3098 659 3178 possent
691 3117 793 3179 paene
824 3095 1109 3178 inexsuperabiles.
1159 3095 1211 3159 An
1244 3094 1328 3178 quis-

186 3230 298 3293 quam,
330 3213 366 3273 ut
397 3210 548 3274 omittam
580 3233 645 3295 res,
678 3233 759 3294 quae
784 3211 824 3275 ad
848 3209 987 3294 physica
1010 3215 1176 3295 artemque
1200 3209 1328 3274 medici·

187 3324 295 3389 nalem
328 3328 489 3408 spectant,
527 3325 601 3391 illos
633 3327 736 3410 locos,
773 3347 853 3409 quos
887 3347 903 3388 e
937 3323 1129 3410 Chrysippi,
1161 3324 1328 3390 Posidonii

187 3439 387 3524 aliorumque
411 3437 596 3504 Stoicorum
624 3440 716 3504 libris
741 3441 881 3505 Galenus
906 3441 1018 3506 attulit
1040 3441 1211 3525 plurimos,
1239 3439 1328 3504 facili

189 3575 223 3618 se
245 3537 378 3639 negotio
402 3553 538 3619 eluctari
567 3578 663 3640 posse
689 3555 853 3621 confidat?
899 3554 1076 3640 Chrysippi
1103 3556 1233 3640 quidem
1257 3578 1328 3620 ora-

187 3669 308 3733 tionem
332 3665 473 3734 Galenus
496 3669 566 3754 ipse
589 3671 735 3755 queritur
758 3692 791 3735 se
814 3694 880 3737 non
908 3670 987 3736 satis
1015 3671 1221 3736 intellexisse.
1268 3670 1328 3734 Ac·

187 3783 280 3868 cedit,
302 3785 387 3869 quod
410 3785 509 3850 variis
533 3785 572 3849 de
596 3787 716 3870 causis,
744 3787 782 3850 de
806 3787 922 3871 quibus
946 3809 1020 3851 cum
1043 3788 1078 3852 in
1101 3786 1327 3872 Programma-

186 3899 229 3963 tis
253 3899 378 3964 duobus
403 3901 608 3984 academicis,
636 3905 707 3966 tum
731 3901 765 3966 in
788 3901 1032 3987 Prolegomenis
1055 3902 1151 3968 huius
1175 3901 1327 3967 editionis

186 4013 266 4096 dixi,
293 4017 400 4078 textus
427 4016 497 4100 ipse
520 4016 690 4098 permultis
714 4017 795 4082 locis
824 4016 864 4081 ad
887 4021 1028 4082 aetatem
1056 4023 1204 4083 nostram
1231 4039 1328 4101 quam

186 4130 472 4214 depravatissimus
502 4131 651 4215 pervenit
678 4131 831 4216 vitiisque
864 4137 896 4197 et
924 4135 1045 4217 apertis
1074 4131 1327 4198 commaculatus

187 4247 236 4308 est
259 4249 291 4308 et
314 4245 424 4328 tectis,
452 4267 534 4330 quae
558 4247 586 4312 si
609 4248 681 4332 quis
705 4247 881 4332 perviderit
905 4248 1027 4332 omnia,
1050 4271 1110 4312 nae
1134 4247 1161 4310 is
1181 4245 1327 4329 Lynceus

186 4357 266 4424 mihi
299 4360 370 4424 erit.
419 4359 533 4446 Neque
561 4383 636 4450 vero
669 4362 790 4427 suffieit
825 4363 1008 4448 perspicere
1044 4363 1162 4428 vitiose
1199 4359 1327 4430 tradita.
