3376 5144
623 425 863 488 -803-

159 577 349 669 άπέρρηξεν
369 581 382 671 1
394 577 495 667 αὐτῆς
513 585 720 668 τηλικοῦτον,
744 578 788 660 ὡς
810 581 846 648 τὸ
866 579 1147 666 καταλειπόμενοι·
1164 584 1306 648 ἐοικέναι
1320 599 1376 654 :sl

159 689 300 768 λέοντος
327 692 454 777 μορφῇ,
485 687 589 756 ταῦτα
618 688 712 775 ἕτερά
744 715 778 756 τε
809 692 946 756 τοιαῦτα
974 689 1129 773 λέγουσιν
1159 687 1244 768 ἅπαξ
1272 691 1311 756 ἐν

157 799 279 886 μακρῷ
309 793 419 885 χρόνῳ
447 791 526 861 καθ’
559 792 642 881 ὅίην
669 794 731 884 τὴν
759 797 960 882 οἰκουμένην
988 793 1164 881 γεγονότα.
1191 799 1248 880 της
1271 795 1307 860 dl

158 905 233 969 τῶν
260 904 386 988 τεχνῶν
418 899 565 988 φάσεως,
598 893 637 988 ἧς
665 901 804 982 άπαντες
836 902 1010 990 ἄνθρωποι
1044 901 1141 986 φύσει
1172 908 1308 968 εἰσόπιν

158 1013 295 1095 ἔχουσι,
328 1007 382 1074 καὶ
414 1011 471 1094 τῆς
501 1006 584 1094 πρὸς.
615 1006 717 1088 αὐτάς
749 1007 945 1097 ὁμοιοτάτης
978 1007 1071 1096 ἡμῶν
1103 1007 1335 1087 didacidem-:-

157 1113 375 1182 παντάπασιν
399 1114 698 1202 ἐπιλανθάνονται,
726 1124 832 1185 καίτοι
860 1143 897 1204 γε
925 1113 1068 1204 ὁρῶντες
1091 1118 1309 1202 ἐνεργοῦντας

158 1225 239 1311 περὶ
263 1221 321 1302 τὰς
343 1218 425 1301 ὕλας
443 1222 587 1302 πολλοὺς
609 1221 685 1291 οὔτε
705 1223 927 1312 σκυτοτόμους
945 1221 1211 1312 ὀνομαζομένοις
1232 1223 1310 1292 οὔτε

158 1331 320 1409 τέκτονας
344 1327 420 1396 οὔτε
442 1329 601 1416 πλάστας,
629 1330 688 1398 ἐάν
716 1358 752 1417 γε
775 1329 819 1419 μὴ
844 1337 1001 1417 φαίνηται
1025 1338 1188 1418 χρησίμου
1211 1331 1308 1398 ἕνεκά

159 1462 257 1514 τινος
279 1437 418 1504 ἕκαστον
436 1427 485 1504 ὧν
504 1438 623 1504 ἐκεῖνοι
644 1437 912 1525 ἐόημιούργησαν
930 1439 1117 1525 γεγονέναι·
1139 1434 1185 1516 ὥς
1207 1433 1309 1504 nidis·

160 1541 247 1610 ἄλλο
270 1543 385 1630 τέχνης
403 1539 541 1630 ὑπάρχει
565 1543 736 1631 γνώρισμα
755 1544 843 1630 παρὰ
866 1543 928 1631 τὴν
946 1551 1061 1630 χρείαν
1079 1543 1219 1612 ἑκάστου
1241 1547 1308 1611 τῶν
1324 1565 1349 1604 ιο

161 1652 203 1717 ἐν
235 1653 279 1741 τῷ
314 1652 596 1738 δημιουργηθέντι
628 1657 767 1738 μορίων.
826 1649 884 1718 ἐὰν
916 1649 978 1738 μὲν
1009 1641 1071 1718 οὖν
1104 1647 1122 1717 ὁ
1154 1649 1194 1716 τὰ
1227 1651 1309 1731 ξύλα

159 1758 295 1843 τέμνων
317 1783 352 1824 τε
375 1757 429 1824 καί
457 1763 566 1845 πρίων
591 1759 646 1824 καὶ
674 1757 869 1845 συμπηγνὺς
883 1753 1114 1844 ,ἀπεργάσηται
1143 1761 1309 1844 σκίμποδα

161 1863 272 1930 πάντα
296 1864 463 1951 ἐπιτήδεια
486 1865 526 1931 τὰ
549 1861 650 1952 μόρια
674 1870 792 1951 ἔχοντα
814 1863 897 1953 πρὸς
920 1863 982 1952 τὴν
1005 1869 1130 1952 χρείαν,
1154 1855 1192 1950 ἧς
1215 1866 1310 1932 ἕνεκα

163 1969 343 2056 πήγνυται,
368 1971 544 2057 γεγονότα,
566 1977 718 2058 τεχνίτην
742 1971 847 2057 φασὶν
870 1969 955 2038 εἶναι
979 1973 1040 2039 τὸν
1062 1974 1229 2038 τοιοῦτον·
1252 1967 1312 2038 ἐὰν

164 2078 203 2143 dl
226 2075 298 2164 ἤτοι
322 2077 401 2157 τοὺς
424 2077 554 2159 δεξιοὺς
576 2077 681 2157 πόδας
703 2091 773 2156 τοῖς
799 2074 985 2164 ἀριστεροῖς
1008 2073 1146 2155 ἀνίσους
1168 2072 1310 2164 άπεργά-
1327 2098 1351 2136 1⁵

204 2299 216 2344 1
237 2287 335 2353 αὐτοῖς
352 2293 389 2348 Μ.
414 2322 448 2332 -
473 2287 597 2348 ἐοικέναι
612 2292 714 2378 μορφῆ
734 2290 845 2353 λέοντος
868 2291 905 2344 Μ.
930 2322 963 2330 -
986 2296 1002 2344 2
1026 2290 1116 2343 ταῦτα
1136 2293 1202 2344 ante
1226 2288 1309 2358 ἓτεριι

166 2379 216 2417 nos
235 2361 401 2418 addidimus.
421 2395 454 2402 -
479 2370 494 2417 3
514 2358 588 2417 καθ’
608 2367 660 2418 ooo
679 2349 730 2431 τὴν
749 2361 834 2416 ΜΑΒ
853 2356 924 2414 καθ’
945 2355 1012 2446 ὅλην
1031 2381 1053 2414 τ.
1073 2359 1153 2414 Corn
1174 2361 1254 2415 Chli.
1275 2392 1309 2400 -

167 2435 215 2500 τῆς
232 2453 262 2488 τε
282 2435 337 2487 τῶν
357 2434 437 2489 Corn.
459 2465 490 2474 —-
510 2441 527 2487 4
545 2427 581 2504 ἣν
601 2435 680 2489 codd.
696 2433 757 2488 edd.
778 2425 811 2502 ἧς
831 2451 887 2488 noa.
904 2464 936 2472 —
956 2449 1040 2500 φνσει
1059 2433 1208 2486 ποιοῦνται
1227 2432 1308 2486 codd.

167 2505 227 2558 edd.
248 2501 334 2572 φόόει
354 2503 467 2559 ἔννοιαν
483 2503 576 2573 ἔχουσι
595 2523 652 2560 nos.
669 2537 700 2544 -
721 2511 737 2559 6
757 2499 1015 2572 ἐπιλανθανόμενοι
1030 2501 1111 2556 Corn.
1132 2533 1165 2542 -
1185 2499 1308 2570 ὁρῶντας

139 2631 143 2637 ,
167 2575 194 2627 Μ
213 2571 335 2644 ὁρῶνται
354 2574 485 2630 ABChK
504 2571 625 2644 dodones
644 2593 701 2629 nos.
722 2608 755 2614 —
783 2581 798 2630 Β
818 2577 952 2643 φαίνεται
971 2572 1076 2628 ABCh.
1097 2603 1129 2614 -·
1153 2581 1169 2628 9
1190 2575 1308 2630 ἕκαστον

166 2647 194 2699 Μ
214 2642 334 2700 ἑκάστου
353 2645 483 2701 ABChK
508 2645 610 2701 ἕκαστα
630 2644 711 2703 Corn.
735 2676 769 2686 -
794 2653 824 2701 11
845 2647 932 2716 μορίω
952 2645 980 2700 ll
1004 2646 1090 2718 μορίῳ
1111 2645 1238 2701 ABChK
1261 2665 1310 2716 μο-
1400 2712 1405 2722 Ι

166 2718 233 2784 ρίων
251 2735 313 2784 nos3
333 2717 367 2772 cf.
387 2718 472 2772 Proll.
491 2736 518 2787 p.
539 2723 581 2774 98.
602 2749 634 2758 —

165 2957 244 2998 saxo
269 2935 411 3019 aliquem
434 2936 535 2999 talem
563 2935 633 3000 eius
656 2938 784 3018 partem
808 2933 982 3016 extudissc,
1005 2939 1055 3016 ut,
1086 2937 1171 3020 quod
1198 2941 1310 3020 reslal,

164 3040 267 3106 leonis
290 3040 415 3106 formae
446 3042 654 3126 respoudeat,
686 3040 767 3105 haec
791 3045 824 3104 el
848 3041 912 3104 alia
942 3039 1126 3105 huiusmodi
1161 3041 1308 3126 afferunl,

164 3169 247 3232 quae
271 3148 400 3232 quidem
423 3148 521 3213 semel
544 3150 764 3213 tantumdem
787 3147 886 3233 longo
913 3146 1071 3230 temporis
1100 3146 1207 3230 spatio
1235 3151 1307 3214 loto

164 3257 325 3320 terrarum
345 3255 422 3321 orbe
442 3255 530 3319 facta
550 3257 634 3339 sunl,
651 3259 787 3321 naturae
806 3257 917 3319 aulem
936 3253 1065 3337 artium,
1088 3252 1177 3319 cuius
1197 3277 1308 3320 omnes

163 3359 313 3426 homines
337 3365 454 3426 natura
476 3362 642 3426 notionem
661 3360 796 3446 habent,
821 3365 854 3426 et
882 3360 1149 3428 conformationis
1177 3365 1308 3426 nostrae

164 3467 215 3532 his
244 3467 428 3533 simillimae
459 3490 593 3551 prorsus
621 3468 827 3533 immemores
858 3474 946 3554 sunt,
975 3490 1170 3554 quamquam
1198 3468 1309 3532 vident

164 3575 285 3641 mullos
314 3575 347 3639 in
376 3575 522 3639 materiis
546 3577 730 3658 opereuleS,
757 3574 812 3658 qui
840 3596 943 3658 neque
973 3579 1100 3640 sutores
1126 3597 1230 3660 neque
1259 3597 1307 3640 ar·

165 3681 299 3746 chilecti
320 3703 423 3765 neque
446 3681 575 3745 fictores
595 3680 813 3765 appellantur,
836 3680 899 3745 nisi
923 3681 1164 3766 unumquidque
1187 3703 1308 3764 eorum,

165 3809 247 3872 quae
279 3787 329 3851 illi
361 3787 514 3852 fabricati
542 3791 630 3870 sunl,
663 3788 703 3852 ad
731 3787 809 3852 utile
838 3786 960 3871 aliquid
991 3792 1138 3870 spectare
1167 3789 1307 3873 videtin3

164 3915 240 3958 nam
263 3893 388 3958 nullum
412 3894 492 3958 ariis
517 3897 567 3958 esi
589 3894 744 3959 indicium
758 3894 846 3958 aliud
860 3893 923 3959 nisi
946 3893 1091 3977 parlium
1106 3895 1307 3981 singularum

85 4013 90 4022 '
164 4000 198 4064 in
220 4022 256 4064 rc
279 4000 390 4064 fabrili
413 4023 490 4064 usus
514 4005 610 4085 alque
634 4000 769 4065 utililas.
816 3999 947 4082 Quodsi,
969 4000 1025 4085 qui
1048 4001 1139 4086 ligna
1163 4005 1251 4066 secel
1275 4005 1308 4065 el

165 4110 270 4171 serrat
293 4110 326 4170 el
349 4107 544 4192 compingit,
571 4107 721 4172 lecticam
749 4106 891 4172 effeceril
913 4127 1025 4171 omncs
1048 4113 1157 4191 partes
1181 4131 1305 4174 accom-

164 4213 314 4277 modatas
349 4213 390 4278 ed
427 4236 535 4297 usum,
566 4217 701 4297 propter
736 4235 831 4297 quem
871 4213 1089 4297 componitur,
1122 4212 1305 4299 habentem,

165 4319 322 4384 artificem
362 4341 432 4384 esse
478 4318 603 4404 dicunt,
649 4318 699 4383 sin
744 4319 796 4382 vel
841 4319 971 4384 dextros
1018 4320 1115 4404 pedes
1162 4319 1305 4385 sinistris

163 4425 350 4511 inaequales
372 4425 487 4490 fecerit
508 4425 711 4511 longitudine
733 4425 785 4488 vel
809 4426 1023 4491 crassitudine
1045 4427 1097 4490 vel
1119 4426 1228 4493 forma
1249 4432 1308 4493 aul

1041 4529 1093 4584 51⁸
