3444 5140
660 440 903 505 —749-

210 597 266 687 ‘pir
303 598 382 678 τοὺς
419 598 557 685 ἑτέρους.
591 605 736 683 γελοῖον
772 594 863 685 μέντ’
898 593 941 666 ἂν
963 605 1031 685 εἴη,
1068 602 1143 683 ἔφη.
1192 590 1257 682 ἆρα
1283 596 1355 667 κατ’
1466 651 1471 658 .

211 705 302 774 ‘otilo
338 733 387 791 τι,
420 704 520 774 εἷπον
556 704 636 790 ἐγώ,
674 713 807 790 γελοῖον
843 701 864 793 ἢ
893 703 943 774 ὅτι
970 703 1044 773 τότε
1072 702 1114 772 οὐ
1141 703 1273 784 πάντως
1295 703 1358 792 τὴν

210 809 328 899 ἀὐτὴν
364 813 419 880 καὶ
438 810 518 898 Ιτὴν
551 811 667 898 ἑτέραν
701 811 807 898 φύσιν
843 813 1038 899 ἐτιθέμεθα,
1075 807 1143 878 ἄλλ’
1176 811 1281 878 έκεῖνο
1318 810 1356 878 τὸ

209 917 310 998 εεἶδος
331 923 389 1006 τῆς
412 915 620 997 ἀλλοιώσεώς
642 944 676 985 τε
699 919 754 986 καὶ
783 916 973 1005 ὁμοιώσεως
1001 916 1108 1005 μόνον
1132 916 1358 1004 ἐφυλάττομεν

221 1025 258 1092 τὸ
279 1025 366 1113 ’πρὸς
389 1023 473 1092 αὐτὰ
503 1039 616 1092 τεῖνον
646 1024 686 1092 τὰ
720 1025 976 1112 ἐπιτηδεύματα;
1014 1019 1089 1093 οἷον
1118 1023 1268 1112 ἰατρικὸν
1297 1024 1385 1112 μένε

210 1132 276 1198 (καὶ
306 1133 457 1218 ἰατρικὸν
484 1130 547 1219 τὴν
571 1131 682 1220 ψυχὴν
705 1131 786 1201 ὄντα
814 1131 877 1220 τὴν
913 1129 1020 1219 αὐτὴν
1049 1130 1155 1217 φύσιν
1182 1137 1270 1218 ἔχειν
1293 1133 1359 1200 ἐλέ-

211 1241 338 1326 (γομεν
376 1233 483 1325 ἢούκ
506 1247 584 1320 olem
622 1243 733 1325 ἔγωγε.
779 1237 929 1327 ἰατρικὸν
953 1240 993 1306 δέ
1017 1265 1055 1326 γε
1090 1238 1145 1306 καὶ
1168 1238 1359 1308 τεκτονικὸν

212 1343 346 1431 εἄιῑέ.ην;
374 1344 507 1425 πάντας
534 1373 609 1414 που.
655 1343 796 1431 οὐκοῦν,
829 1338 872 1433 ἦν
896 1343 927 1413 δ’
954 1345 1034 1431 ἐγώ,
1064 1347 1119 1413 καὶ
1151 1344 1188 1412 τὸ
1212 1349 1279 1413 τῶν
1302 1343 1357 1413 ἆν-

212 1455 316 1539 ’δρών
353 1454 407 1519 καὶ
444 1451 481 1520 τὸ
505 1457 575 1520 τῶν
611 1457 782 1538 γυναικῶν
804 1456 916 1539 γένος,
954 1453 1014 1520 ἐὰν
1036 1453 1098 1540 μὲν
1133 1451 1360 1541 apic-rizoni)

210 1557 295 1626 ‘tavei
328 1554 348 1646 ἢ
372 1557 453 1628 ἄλλο
482 1559 682 1647 ἐπιτήδευμα
710 1561 874 1647 διαφέρον
897 1566 1071 1645 φαίνηται,
1098 1563 1197 1626 τοῦτο
1227 1557 1269 1646 δὴ
1297 1559 1360 1647 φή·
1374 1587 1400 1624 ιο

212 1667 328 1751 εοομεν
352 1666 493 1757 ἑκατέρῳ
519 1671 591 1734 δεῖν
614 1663 826 1735 ἀποδιδόναι·
848 1665 914 1733 Ιἐὰν
938 1663 969 1733 δ’
988 1663 1084 1758 ,αὐτῷ
1107 1666 1215 1757 τούτῳ
1239 1672 1358 1754 φαίνη-

209 1773 273 1839 εται
298 1775 482 1858 διαφέρειν,
505 1777 549 1865 τῷ
572 1773 610 1842 τὸ
634 1774 696 1861 μὲν
714 1777 804 1860 θῆλυ
826 1779 956 1861 τίκτειν,
978 1772 1015 1842 τὸ
1040 1770 1067 1840 δ’
1093 1771 1197 1861 ἄρρεν
1218 1771 1360 1861 ὀχεύειν,

211 1875 327 1946 ὀὐδέν
362 1885 397 1947 τί
422 1905 472 1947 πω
508 1879 661 1967 φήσομεν
689 1885 818 1969 μᾶλλον
856 1877 1113 1967 ἀποδεδεῖχθαι,
1151 1877 1197 1958 ὡς
1231 1877 1314 1968 πρὸς
1340 1876 1358 1947 δ

209 1982 314 2072 ’ἡμεῖς
349 1989 489 2074 λέγομεν
525 1988 676 2074 διαφέρει
700 1987 786 2074 γονὴ
824 1984 963 2075 ἀνδρός,
991 1983 1064 2054 ἀλλ’
1090 1991 1137 2055 ἔτι
1175 1987 1360 2075 οἰησόμεθα

211 2093 296 2158 ’δεῖν
333 2090 373 2159 τα
407 2093 490 2161 αὐτὰ
524 2093 729 2181 ἐπιτηδεύειν
756 2093 834 2174 τούς
868 2120 903 2160 τε
926 2090 1077 2179 φύλακας
1107 2091 1189 2179 ἡμῖν
1221 2093 1274 2160 καὶ
1303 2092 1362 2171 τὰς
1376 2118 1400 2158 ιο

253 2296 265 2341 l
286 2286 340 2357 plo
354 2283 381 2342 τ’
401 2282 438 2343 ἂν
452 2289 480 2342 Μ
500 2285 579 2360 μέντ’
600 2283 637 2344 ἂν
651 2289 749 2346 ABCh
768 2289 821 2360 μὲν
838 2283 937 2344 τᾶνΚ.
957 2319 989 2328 -
1010 2295 1026 2342 4
1045 2283 1133 2356 μόνον
1151 2283 1186 2342 ὃν
1205 2283 1360 2356 ἐφυλάττο-

210 2378 263 2428 μεν
281 2359 319 2412 Μ.
346 2390 376 2399 -
403 2368 419 2416 6
439 2358 567 2428 ἰατρικὴν
586 2359 638 2430 τὴν
660 2359 756 2430 ψυχὴν
775 2362 855 2416 codd.
874 2361 950 2425 edd.;
974 2361 1007 2415 cl.
1027 2359 1121 2414 Μῆδοί
1146 2403 1151 2414 .
1171 2360 1242 2414 Adv.
1266 2360 1326 2416 crit.
1347 2361 1358 2412 l

210 2448 237 2500 p.
258 2437 318 2485 422.
341 2461 372 2470 -
400 2427 471 2486 ὄντα
489 2431 576 2486 ΜΑΒ
596 2432 696 2502 ἔχοντα
717 2432 796 2487 chK.
815 2464 849 2473 -
875 2439 908 2486 10
926 2427 990 2486 τινὰ
1008 2427 1090 2485 τᾶλλο
1140 2474 1145 2487 .
1165 2462 1199 2471 -
1224 2433 1359 2498 φαίνεται

209 2499 343 2556 MABcu
364 2504 501 2571 putamus
519 2503 600 2558 Corn.
621 2504 653 2560 K.
677 2535 712 2544 -
736 2505 819 2559 τοῦτο
837 2499 875 2574 μὴ
895 2498 1024 2573 φήσομεν
1047 2501 1128 2558 Corn.
1152 2533 1185 2542 —
1213 2510 1244 2558 12
1267 2498 1358 2571 τὸμὴ

210 2573 288 2642 θῆλυ
308 2573 345 2627 Μ.
366 2605 398 2614 —-
421 2579 453 2628 15
472 2569 551 2645 ἡμῶν
570 2575 649 2630 codd.
670 2575 732 2631 edd.
753 2607 785 2614 --

209 2736 329 2821 ciant,
360 2761 434 2802 non
463 2739 590 2802 sinere
619 2743 807 2823 comatos,
841 2739 901 2803 sin
929 2741 1088 2823 comati,
1115 2737 1247 2804 calvos
1274 2759 1359 2822 pro-

207 2840 355 2907 hibere.
413 2847 461 2908 At
493 2846 699 2910 ridiculum
731 2846 768 2909 id
802 2867 894 2910 sane
931 2849 1044 2909 esset.
1103 2846 1281 2910 Aliamne
1314 2845 1359 2910 ob

209 2972 362 3015 causam
387 2951 593 3017 ridiculum
623 2955 694 3036 est,
723 2953 891 3036 inquam,
914 2974 1025 3035 quam
1048 2953 1146 3036 quod
1170 2957 1260 3018 tuno
1283 2975 1360 3017 non

209 3079 370 3140 prorsus
395 3059 548 3123 eandem
572 3063 610 3123 et
632 3059 828 3126 diversam
851 3062 1027 3123 naturam
1052 3059 1265 3142 posuimus,
1293 3059 1358 3123 sed

208 3162 315 3226 illam
339 3165 540 3229 dumtaxat
557 3164 902 3230 dissimilitudinis
921 3168 959 3228 et
977 3163 1254 3230 similitudinis
1274 3187 1358 3247 spe-

207 3269 304 3333 eiem
329 3271 635 3356 observavimus,
660 3295 753 3357 quae
777 3273 821 3337 ad
850 3273 937 3356 ipsa
965 3272 1094 3338 studia
1117 3271 1358 3355 pertineret?

207 3376 333 3440 veluti
357 3377 464 3461 duos,
498 3379 561 3461 qui
586 3378 744 3442 eundem
778 3379 821 3442 ad
855 3379 1084 3444 medicinam
1116 3380 1243 3462 aptum
1277 3379 1358 3442 ani·
1414 3423 1418 3428 .

212 3505 308 3546 mum
331 3482 531 3569 haberent,
556 3485 707 3550 eosdem
725 3488 902 3550 naturam
921 3487 1078 3551 eandem
1097 3485 1236 3551 habere
1260 3483 1358 3548 ‹lixi-

210 3613 302 3675 mus;
334 3611 380 3653 an
411 3613 486 3656 non
517 3594 591 3656 tibi
616 3593 672 3656 ita
705 3592 880 3658 videtur?
930 3590 1026 3656 Mihi
1055 3593 1216 3677 quidem.
1264 3591 1359 3657 Eum

209 3701 357 3780 contra,
381 3699 445 3780 qui
465 3698 510 3762 ad
533 3699 763 3762 medicinam
783 3702 895 3782 aptus
916 3704 1033 3782 esset,
1057 3703 1094 3762 et
1112 3721 1207 3783 eum,
1230 3700 1294 3783 qui
1314 3700 1358 3764 ad

210 3803 534 3890 architecturam,
551 3805 767 3871 diversam?
808 3805 979 3869 Omnino.
1027 3805 1166 3890 Quare,
1189 3807 1359 3890 inquam,

209 3911 323 3974 etiam
349 3911 518 3976 virorum
547 3913 825 3996 mulierumque
855 3933 974 3996 genus
1003 3913 1035 3975 si
1064 3913 1111 3977 ad
1141 3916 1260 3977 artem
1289 3913 1357 3977 ali-

209 4038 321 4100 quam
346 4023 412 4082 aut
435 4019 541 4083 aliud
566 4018 734 4082 studium
758 4019 863 4083 inter
891 4041 929 4082 se
952 4018 1117 4083 differre
1141 4021 1358 4104 apparebit,

208 4123 280 4188 hoc
303 4125 446 4189 utrivis
471 4126 747 4212 assignandum
772 4147 855 4188 esse
879 4125 1064 4208 dicemus,
1095 4128 1154 4190 sin
1176 4127 1247 4190 hoc
1270 4127 1357 4210 ipso

208 4229 371 4294 differre
409 4232 618 4315 videbitur,
655 4231 754 4315 quod
791 4233 937 4296 femina
968 4234 1087 4317 parit,
1125 4233 1184 4298 vir
1216 4233 1359 4318 gignit,

206 4337 334 4401 nihilo
358 4339 481 4423 magis
509 4340 816 4403 demonstratum
844 4360 927 4402 esse
955 4341 1205 4404 concedemus
1229 4363 1249 4404 a
1275 4340 1357 4404 viro

207 4443 390 4507 feminam
415 4444 459 4507 ad
482 4444 532 4528 id,
555 4445 597 4508 de
621 4466 693 4530 quo
717 4445 926 4528 loquimur,
949 4445 1124 4530 differre,
1148 4447 1210 4511 sed
1236 4447 1358 4510 adhuc
