3166 5192
551 423 792 484 -551-

90 575 174 644 οὕτε
198 577 249 644 ἐπὶ
272 575 335 664 τὴν
357 581 500 664 καρδίαν
528 573 634 664 αὐτὴν
658 575 814 666 ἄντικρυς
837 575 912 646 οὔτε
937 579 988 647 eni
1010 578 1073 666 τὴν
1095 579 1242 667 μεγάλην

90 681 259 772 ἀρτηρίαν
284 681 302 770 ἡ
326 681 425 772 φορά.
461 688 700 770 περιλαβοῦσαι
723 682 787 772 γάρ
812 685 1019 774 ἑκατέρωθεν
1041 684 1104 773 τὴν
1125 685 1242 754 κύστιν

90 795 142 870 είς
166 788 202 858 τὸ
227 789 385 870 κάταντες
408 795 575 878 ἔρχονται,
598 791 755 878 μέχριπερ
778 785 823 858 ἀν
845 789 1005 879 ἐντύχωσι
1033 807 1105 872 ταῖς
1127 793 1179 860 έπί
1202 791 1242 861 τὰ

90 899 194 984 σκέλη
221 899 283 964 τοῦ
309 897 499 984 κυουμένου
525 898 726 986 φερομέναις
753 894 933 986 ἀρτηρίαις.
977 895 1061 967 ἀλλὰ
1089 899 1157 966 ἐπεὶ
1185 903 1243 986 τῆς

21 1081 23 1086 ,
91 1003 178 1074 κατὰ
196 1003 259 1092 τήν
277 1000 390 1089 ὀσφὺν
408 1001 626 1092 ἀφύρμηνται
645 1007 703 1091 τῆς
720 1003 864 1091 μεγάλης
882 1001 1050 1093 ἀρτηρίας,
1070 1003 1126 1073 διὰ
1144 1009 1269 1074 τοῦτοι

92 1119 180 1180 ένιοι
204 1113 272 1178 τῶν
299 1108 510 1197 ἀνατομικῶν
536 1115 583 1190 είς
615 1111 747 1198 έκείνην
774 1109 876 1192 αὐτὰς
903 1117 1034 1198 ἔφασαν
1060 1118 1243 1199 περαίνειν,

92 1225 125 1287 εί
143 1217 206 1306 μέν
225 1214 478 1306 ἀκριβολογοῖτό
495 1243 555 1302 τις,
579 1214 641 1286 ούκ
659 1215 895 1306 ἀληθεύοντες,
918 1223 949 1286 εί
971 1219 1019 1304 δέ,
1042 1216 1087 1298 ὦς
1105 1227 1242 1306 είρηται,

96 1329 162 1394 νῦν
181 1321 298 1393 ἀκούοι
317 1326 385 1391 τῶν
403 1324 604 1410 λεγομένων,
628 1321 704 1392 οὔτε
722 1320 938 1412 ἀκριβοῦντες
955 1329 1017 1394 τοῦ
1034 1327 1244 1414 φαινομένου

20 1517 21 1520 ¹
94 1432 158 1519 τὴν
187 1431 192 1521 i
222 1431 379 1517 διήγησιν
407 1427 483 1499 οὔτε
510 1431 594 1518 μέγα
621 1456 651 1498 τι
680 1431 915 1519 σφαλλόμενοι.
959 1431 1158 1519 θαυμαστὸν
1181 1423 1310 1507 odorico

95 1537 188 1606 εἶναί
207 1565 264 1626 μοι
288 1541 382 1604 δοκεῖ
401 1539 470 1604 τάν
496 1532 646 1624 ἀνδρῶν,
670 1534 744 1605 ὅσοι
767 1537 825 1618 τὰς
850 1538 913 1626 μὲν
936 1535 1093 1626 ἀρτηρίας
1115 1536 1243 1620 ἁπάσας
1258 1563 1283 1601 ιο

95 1644 156 1725 τὰς
187 1642 270 1712 κατὰ
301 1642 338 1710 τὸ
371 1641 489 1732 χόριον
520 1669 555 1711 τε
586 1644 640 1711 καὶ
673 1643 734 1712 τὸν
763 1642 918 1732 ὀμφαλὸν
943 1646 985 1738 ,έκ
1016 1649 1074 1732 τῆς
1104 1650 1244 1734 καρδίας

95 1753 279 1838 πεφυκέναι
303 1755 419 1836 φασίν,
442 1753 549 1817 καίτοι
574 1747 649 1819 οὕτε
673 1751 707 1832 ἐξ
730 1753 857 1838 ἐκείνης
880 1753 1086 1838 έκφυομένας
1109 1749 1185 1820 οὔτε
1208 1755 1243 1820 έκ

95 1865 154 1947 τῆς
176 1857 320 1947 μεράλης
341 1861 400 1942 τῆς
429 1855 511 1924 κατὰ
534 1853 662 1944 ὀσφύν,
692 1853 775 1926 ἀλλά
800 1859 835 1925 έκ
862 1862 930 1926 τῶν
954 1855 1018 1927 ἀπὸ
1048 1861 1175 1947 ἐκείνης
1197 1863 1245 1939 είς

95 1967 136 2036 τὰ
160 1969 257 2052 σκέλη
281 1967 476 2050 πεφυκυιῶν
500 1963 622 2052 ἑτέρων
631 2015 711 2032 .....
734 1967 867 2033 δίκαιον
891 1957 944 2052 ἦν,
968 1963 1072 2054 οἶμαι,
1094 1965 1131 2034 τὸ
1156 1957 1243 2054 ἧπαρ

37 2147 47 2162 .
95 2071 204 2161 ἀρχὴν
231 2077 389 2139 τίθεσθαι
420 2073 488 2138 τῶν
520 2069 602 2138 κατὰ
633 2069 694 2137 τὸν
726 2067 881 2158 ὀμφαλόν
913 2098 947 2140 τε
979 2072 1034 2140 καί
1061 2065 1098 2142 τὸ
1127 2071 1284 2162 χόριονιῡ

257 2217 310 2225 --

133 2293 149 2338 5
169 2279 337 2354 ἀφώρμηται
357 2282 395 2337 Μ.
416 2315 447 2322 -
467 2289 483 2338 t
503 2277 541 2345 ἀς
561 2278 675 2370 ἐκείνην
694 2283 773 2338 codd.
793 2284 855 2362 edd.
877 2283 918 2346 εἰς
938 2279 977 2339 lu.
997 2301 1056 2340 noe.
1076 2317 1107 2326 —
1130 2291 1144 2338 7
1165 2281 1243 2354 ἀκρι-

99 2359 243 2428 βολοηεῑτο
261 2354 315 2409 AB
334 2349 516 2424 ἀκριβολορεῐ
530 2353 559 2408 τέ
580 2353 619 2408 ch
639 2356 864 2426 ακριβολορείται
884 2355 922 2422 Κς
942 2355 976 2410 of.
996 2356 1080 2412 Proll.
1100 2375 1126 2426 p.
1147 2363 1190 2412 21.
1210 2386 1243 2396 -

98 2421 235 2482 8ἀκούει
254 2424 391 2480 ABChK.
419 2455 451 2466 -
479 2431 511 2480 10
530 2427 614 2480 δοκεῖ
627 2425 691 2493 περὶ
713 2425 769 2479 τῶν
794 2420 906 2495 ἀνδρῶν
926 2425 1007 2482 Corn.
1031 2457 1064 2468 —·
1091 2435 1121 2480 11
1142 2429 1244 2497 χωρίον

98 2499 125 2552 Μ
145 2493 240 2568 χόριον
259 2496 321 2550 ΑΒ.
349 2527 382 2535 -
409 2501 441 2551 14
461 2491 544 2562 ἑτέρα
562 2495 648 2550 ΜΑΒ
672 2493 755 2564 ἕτερα
778 2495 848 2551 OhK
875 2493 979 2566 ἑτέρων
1004 2514 1062 2553 nor.
1100 2499 1168 2554 Post
1187 2493 1244 2554 ἕτέ-

98 2590 154 2636 ρων
174 2568 302 2622 nonnihil
321 2567 455 2622 excidisse
475 2566 597 2634 uidetur;
617 2567 802 2635 πεφυκυιάν·
821 2563 871 2652 τὰρ
890 2567 922 2624 δὲ
942 2569 1050 2641 φλέβας
1068 2563 1120 2625 ούκ
1141 2563 1172 2624 ἐκ
1192 2571 1241 2624 τοῦ

101 2637 288 2764 ἥπατοςηκηίλ
306 2633 362 2709 μὴν
376 2637 421 2694 vel
435 2631 505 2693 aiore
525 2638 571 2693 vel
585 2639 633 2692 καλ
652 2633 706 2708 γὰρ
720 2640 833 2694 δίκαιον
853 2659 889 2709 ην
903 2637 983 2695 Corn.
1000 2672 1032 2681 -
1054 2647 1087 2695 16
1106 2641 1242 2696 τίθεσθαι

99 2731 147 2766 τον
166 2730 237 2765 κατα
288 2738 348 2766 .-

99 2929 140 2994 ab
167 2927 323 2993 umbilico
350 2924 614 3012 progrediuntur,
646 2927 681 2992 in
708 2949 807 2992 unam
835 2949 951 2994 venam
980 2931 1104 2994 coeunt
1155 2929 1243 3006 Quae

99 3035 227 3120 quidem
259 3037 349 3098 recta
383 3033 423 3098 ed
455 3033 543 3099 iecur
574 3034 750 3120 pertendit3
787 3035 843 3098 sed
879 3035 960 3100 duae
993 3035 1069 3099 illae
1105 3037 1243 3100 arteriae

98 3165 200 3228 neque
234 3141 274 3206 ad
310 3162 366 3204 cor
397 3140 504 3224 ipsum
538 3141 666 3224 penitus
698 3163 801 3226 neque
835 3141 875 3206 ad
903 3161 1057 3228 magnam
1089 3143 1242 3207 arteriam

99 3251 253 3332 feruntur,
277 3247 396 3333 quippe
415 3269 496 3332 quae
514 3247 654 3312 vesicam
676 3248 837 3334 utrimque
857 3249 1044 3334 complexae
1068 3249 1102 3314 in
1120 3249 1244 3314 declive

99 3359 249 3442 pergant,
281 3354 381 3419 donec
414 3354 449 3418 in
482 3354 632 3438 amerius,
661 3377 743 3440 quae
777 3355 817 3420 ad
847 3377 942 3420 crura
973 3355 1059 3421 fetus
1087 3355 1245 3441 feruntur,

100 3462 251 3527 incidunt.
296 3461 385 3538 Quae
408 3459 563 3545 quoniam
586 3461 627 3526 ab
652 3483 703 3546 ea,
726 3483 808 3546 quae
831 3463 866 3527 in
889 3462 1010 3528 lumbis
1034 3465 1096 3546 est,
1125 3463 1245 3527 arteria

101 3589 217 3652 magna
244 3567 409 3652 profectae
439 3571 529 3652 eunt,
561 3590 599 3632 ea
627 3568 665 3633 de
694 3589 793 3634 causa
819 3569 967 3634 nonnulli
1001 3570 1177 3635 anatomici
1207 3570 1243 3635 in

100 3675 188 3739 illam
212 3695 267 3738 eas
291 3673 378 3738 coire
398 3674 561 3760 dixenmt3
584 3696 649 3739 non
668 3697 742 3739 vere
761 3674 811 3739 illi
834 3675 974 3760 quidem,
998 3676 1025 3740 si
1043 3698 1112 3740 rem
1132 3679 1242 3741 exacte

102 3779 265 3866 anquiraa3
290 3780 341 3844 ain
359 3779 407 3844 ita
425 3781 608 3866 intellegaa,
627 3785 663 3846 ut
682 3805 701 3846 a
720 3803 771 3846 me
790 3781 912 3846 dictum
932 3787 991 3866 eat,
1009 3803 1112 3868 neque
1132 3787 1243 3848 exacte

102 3887 142 3970 id,
164 3885 249 3971 quod
273 3885 403 3950 evidens
423 3889 481 3972 est,
504 3887 680 3972 explanant
701 3909 803 3972 neque
828 3893 937 3952 tamen
956 3888 1129 3953 admodum
1153 3889 1242 3953 aber·
1272 3881 1278 3893 '

102 3997 181 4058 rant
227 3992 433 4078 Quapropter
459 3993 611 4058 demirari
638 3994 786 4060 homines
815 3996 896 4060 satie
923 4017 989 4060 non
1012 4017 1159 4079 possum,
1187 3996 1243 4080 qui

104 4099 237 4166 arteriae
262 4121 387 4184 omnee,
411 4099 550 4184 quaein
574 4101 722 4166 secundis
746 4105 780 4166 et
801 4101 958 4166 umbilico
986 4105 1074 4184 sunt,
1103 4124 1119 4166 e
1148 4102 1243 4167 corde

102 4208 177 4272 oriri
207 4206 332 4289 dicunt,
364 4227 560 4291 quamquam
591 4229 695 4292 neque
723 4230 761 4273 ex
789 4208 846 4273 illo
873 4229 976 4292 neque
1000 4229 1037 4272 er
1067 4229 1186 4294 magna
1209 4209 1243 4274 in

102 4315 217 4380 lumbis
241 4313 363 4378 arteria
386 4312 588 4397 exoriuntur,
611 4313 667 4378 aed
690 4336 728 4378 ex
751 4315 840 4398 aliie,
862 4335 944 4399 quae
967 4313 1097 4399 quidem
1121 4315 1162 4379 ab
1186 4315 1244 4379 illa

103 4421 136 4486 in
167 4443 261 4487 crura
294 4421 480 4486 inseruntur
614 4420 746 4486 Justum
777 4421 860 4504 erat,
893 4420 1023 4504 opinor,
1060 4420 1156 4488 sicuti
1188 4443 1244 4488 cor
