3246 5148
760 444 803 479 ,-
856 405 893 468 12
942 442 981 450 --

302 570 443 648 fuerunt,
471 567 526 649 qui
553 587 671 629 novam
699 564 874 628 editionem
903 567 1066 646 pararent,
1093 568 1129 626 ut
1155 562 1275 626 Tlreod.
1300 560 1454 626 Goulsto-

301 697 374 756 nus,
403 672 544 735 medicus
573 669 801 752 Londinensis,
831 674 863 733 ct
891 667 986 752 Casp.
1014 669 1242 750 Holl'mannus,
1271 669 1453 732 medicinae

302 781 467 864 professor
490 777 685 859 Altortinus,
714 777 753 838 de
777 777 893 859 quibus
924 775 996 838 vide
1020 775 1168 839 Aekerm.
1196 775 1229 838 in
1253 775 1357 838 Praef.
1386 774 1451 838 litt.

304 885 389 969 apud
413 884 537 948 Kuehn.
558 882 630 947 Vol.
653 883 682 966 l,
706 883 771 946 260
786 905 866 966 sqq,
894 881 949 944 sed
978 881 1077 944 otiam
1100 886 1176 962 post
1200 879 1449 944 Charterianam

302 993 391 1073 typis
412 1010 597 1073 expressam
615 1011 680 1052 non
699 989 882 1070 defuerunt,
905 988 959 1070 qni
979 988 1149 1052 consilium
1167 991 1319 1069 caperent
1335 986 1449 1049 Galcni

303 1119 401 1180 opera
430 1101 485 1159 aut
513 1094 621 1158 omnia
650 1100 707 1158 aut
737 1095 864 1179 singula
895 1093 1009 1156 melius
1038 1099 1071 1156 et
1099 1093 1299 1157 emendatius
1327 1091 1451 1175 edendi,

302 1202 357 1265 scd
377 1224 442 1265 non
461 1204 722 1286 exsequerentur,
741 1207 777 1264 ut
792 1199 998 1264 abrahamus
1013 1199 1142 1282 Willet,
1161 1200 1215 1282 qui
1235 1205 1311 1282 post
1326 1199 1450 1262 editum

303 1303 553 1391 Προτρεπτικόν
575 1306 677 1390 Lngd.
700 1305 772 1370 Bat.
800 1307 884 1370 1812
908 1307 941 1369 in
966 1307 1109 1369 animum
1133 1306 1316 1386 induxerat,
1340 1309 1376 1367 ut
1400 1303 1450 1367 ‘ea

304 1413 418 1478 (taleni
443 1436 555 1496 opera,
583 1435 665 1495 quae
690 1417 721 1476 et
745 1436 763 1476 a
787 1412 991 1496 philosophis
1021 1417 1053 1475 ct
1076 1435 1095 1475 a
1119 1413 1251 1476 medicis
1275 1411 1449 1493 praecipue

304 1518 396 1582 lauda
420 1519 519 1601 digna
543 1518 774 1602 censerentur',
798 1522 978 1582 recenseret
1001 1517 1119 1602 (Praei.
1134 1541 1164 1600 p.
1179 1514 1284 1602 XIV),
1306 1517 1355 1580 ita
1373 1521 1449 1600 post

303 1648 395 1689 curas
420 1625 561 1687 Kuclmii
586 1626 792 1707 exstiterunt,
815 1626 869 1708 qui
894 1625 979 1688 idem
999 1625 1169 1688 consilium
1193 1624 1326 1703 inirent,
1350 1630 1386 1686 ut
1409 1623 1447 1686 ad

303 1730 448 1794 codicum
468 1730 563 1792 tidem
583 1753 701 1793 nova-m
723 1729 835 1794 Galeni
856 1753 989 1813 opernm
1008 1731 1227 1795 recensionem
1247 1730 1448 1812 adornarent,

303 1837 342 1898 ad
366 1859 462 1920 quarm
487 1858 555 1899 rem
571 1836 712 1900 Kuelmii
731 1837 831 1901 editio
850 1843 918 1901 tam
938 1859 1051 1899 manca
1069 1841 1200 1919 tamque
1220 1835 1336 1899 debilis
1356 1837 1447 1919 qumi

302 1943 374 2025 ipsa
407 1943 642 2006 adhortaretur.
692 1943 802 2012 llrant¹
829 1949 936 2007 autem
969 1942 1007 2024 ii,
1039 1943 1094 2025 qui
1126 1964 1245 2026 magna
1277 1943 1447 2007 molientes

303 2049 429 2130 (terpus
449 2049 646 2112 medicorum
666 2071 855 2133 graecorum
875 2053 907 2112 et
926 2049 1116 2130 latinorum,
1139 2071 1201 2132 (pro
1217 2049 1331 2112 Galeni
1351 2071 1448 2132 opera

303 2155 557 2236 continerentur,
581 2155 674 2240 edere
698 2156 731 2222 iu
756 2156 864 2220 animo
888 2155 1065 2237 habebant,
1090 2161 1124 2217 ut
1147 2154 1309 2218 Fiekelius
1334 2161 1367 2218 et
1386 2154 1447 2218 Da-

304 2261 500 2345 rembergus.
545 2261 590 2324 Et
613 2261 775 2326 Fiekelius
798 2263 927 2346 quidem
956 2285 1029 2326 cnm
1058 2261 1264 2344 cognovisset
1290 2262 1447 2325 librorum

303 2387 416 2450 graece
440 2368 635 2450 scriptorum
659 2369 815 2434 editiones
840 2369 901 2432 ‘tot
925 2369 1015 2432 vitiis
1040 2367 1226 2450 mendisque
1251 2368 1449 2431 contamina-

303 2479 354 2536 tas
379 2474 428 2537 vcl
458 2474 505 2536 ita
533 2475 649 2537 misere
676 2475 889 2557 interpolatas
918 2499 1002 2559 esse,
1031 2481 1065 2538 ut
1093 2496 1203 2537 corum
1231 2473 1449 2556 intelligentia

303 2603 398 2661 saepe
424 2601 558 2663 magnas
587 2580 722 2645 haberet
750 2582 972 2662 difficultates,
999 2603 1075 2644 sera
1103 2580 1263 2644 sententia
1286 2581 1446 2644 interdum

277 2753 280 2758 ,
304 2685 372 2746 erui
396 2707 461 2747 nou
486 2691 610 2766 posset,
640 2687 678 2749 ad
703 2687 849 2750 coelicum
874 2688 967 2750 fidem
992 2687 1141 2751 sordibus
1170 2708 1308 2772 purgare
1339 2688 1449 2751 onmia

304 2811 415 2871 opera,
438 2813 518 2872 (pirae
537 2813 651 2874 graece
672 2799 747 2856 sunt
766 2794 803 2856 de
825 2793 998 2858 medicina'
1022 2815 1122 2877 caque
1142 2794 1339 2857 coniunctim
1355 2794 1447 2856 edere

304 2897 420 2980 voluit,
445 2903 479 2960 at
502 2905 632 2980 praeter
654 2899 862 2981 prodromum
882 2899 1086 2984 quennales)
1109 2899 1191 2962 nihil
1211 2904 1325 2982 postca
1347 2900 1379 2963 in
1403 2902 1448 2963 lu·

304 3025 372 3065 cern
401 3004 505 3086 misit,
533 3004 617 3087 (procl
647 3006 792 3088 equidem
821 3007 930 3070 sciam.
976 3006 1215 3088 llaremliergus
1244 3011 1353 3070 alitem
1383 3029 1447 3071 non

304 3109 415 3172 inanes
441 3115 476 3172 ut
500 3111 554 3172 ille
578 3134 672 3174 voces
697 3113 794 3194 t'mlit,
817 3113 885 3194 scil,
910 3119 945 3175 ut
969 3121 1037 3174 erat
1061 3112 1218 3195 singulari
1242 3112 1447 3195 antiqmrrum

304 3216 486 3280 litterarum
511 3239 634 3300 arnore,
659 3241 724 3280 rem
749 3219 878 3282 fortiter
902 3240 1073 3302 aggressus
1098 3225 1154 3281 cst.
1201 3217 1338 3282 Consilii
1362 3219 1447 3282 enim

304 3323 428 3386 ratione
452 3324 626 3406 prudenter
646 3324 796 3387 instituta
819 3331 851 3388 et
869 3323 1069 3409 ‹liser·ipta²'‘'')
1094 3326 1176 3408 ipse,
1200 3332 1236 3387 ut
1253 3331 1446 3407 apparatum

303 3428 451 3492 criticum
480 3431 660 3514 colligeret,
689 3431 791 3494 multa
819 3433 897 3495 fecit
925 3432 1039 3494 itinera
1068 3432 1102 3494 in
1130 3431 1349 3513 Britanniam,
1376 3432 1447 3496 Bel-

303 3533 404 3616 giam,
428 3534 651 3620 llollandiam,
676 3537 896 3619 Germaniam,
918 3536 1048 3600 ltaliam
1072 3541 1105 3599 et
1124 3537 1243 3600 multos
1266 3539 1352 3603 viros
1376 3539 1447 3603 doc-

376 3781 408 3849 1ὅ)
429 3782 605 3836 Bibliotheca
623 3801 723 3852 graeca
742 3785 851 3838 medica
874 3784 931 3836 sivo
955 3800 1038 3852 opera
1057 3800 1127 3851 quae
1147 3787 1256 3837 exstant
1278 3786 1373 3838 onrnia
1391 3803 1448 3838 ore-

303 3869 427 3922 dicorum
450 3889 612 3937 graecorum
636 3874 671 3926 ad
696 3875 777 3926 fidem
801 3874 927 3927 codicum
951 3877 979 3926 et
1002 3873 1154 3926 editionum
1179 3877 1303 3926 veterum
1327 3874 1447 3927 inaximo

304 3963 427 4011 correcta
451 3959 589 4026 variisque
614 3962 778 4015 lectionibus
802 3965 891 4016 aneta.
932 3961 1054 4015 Instituit
1076 3965 1160 4029 atquc
1185 3962 1339 4030 composuit
1362 3963 1389 4016 C.
1415 3966 1446 4015 a.

303 4045 406 4099 l'ioliel.
429 4047 450 4098 Υ
454 4048 487 4100 ol.
509 4049 529 4101 l.
550 4049 719 4104 Zwiccasiae
739 4054 767 4104 ct
787 4051 895 4118 Lipsiae
915 4049 1153 4104 nrncecxxxm
1172 4055 1227 4119 (pp.
1248 4053 1300 4116 61).

377 4137 410 4192 26)
430 4136 602 4204 Darcmbcrg
620 4139 689 4191 Plan
709 4139 742 4191 de
763 4139 790 4192 la
809 4140 961 4194 Collection
985 4139 1033 4192 des
1051 4139 1190 4192 medecina
1208 4156 1286 4207 greca
1309 4142 1338 4193 ct
1355 4139 1447 4193 lartius.

303 4225 520 4279 l'aris1851.—
542 4226 655 4279 Notices
673 4232 701 4280 et
720 4228 833 4280 extruits
853 4228 900 4280 (los
919 4227 1083 4280 manuscrits
1101 4228 1243 4281 inedicanx
1258 4245 1344 4295 greco,
1364 4227 1448 4281 latios

304 4319 332 4366 et
350 4313 482 4382 sraucais,
506 4316 553 4369 dcs
572 4315 738 4384 principales
758 4316 962 4385 bibliothirques
980 4317 1126 4385 d'Europe.
1157 4324 1200 4369 lre
1218 4317 1321 4386 partie,
1345 4316 1446 4370 Biblio-

304 4404 405 4471 th'eque
424 4404 624 4474 d’ilnglcterre.
657 4404 735 4458 Paris
756 4411 830 4458 1853.
