3298 5136
650 399 892 464 -231-

198 576 321 626 σιπτιον
348 555 402 624 καὶ
430 553 531 636 ἄλλας
562 556 657 636 τινδις
689 558 937 644 ἐναντιολογίας
972 561 1008 629 ίν
1040 559 1128 655 αῦτςό
1161 563 1267 657 τούτῳ
1299 571 1344 658 τῷ

197 663 285 755 λόγῳ
309 663 383 751 περὶ
405 667 467 732 τοῦ
484 667 543 749 τῆς
561 667 667 750 ψυχῆς
687 661 887 750 ἡγεμονικοῦ
908 669 912 755 Ι
932 671 1164 756 πεποιημένον.
1201 673 1238 739 ἐν
1260 669 1411 762 &expres

197 770 260 858 γὰρ
284 795 470 858 προειπην,
497 767 543 848 ὡς
565 767 604 836 τὰ
628 769 690 857 μὲν
713 772 795 837 ἄλλα
819 771 901 858 μέρη
929 777 987 860 τῆς
1013 780 1121 862 ψυχῆς
1144 779 1181 845 ἐν
1203 772 1253 857 οἷς
1276 780 1344 846 ἐστι

196 881 257 945 τοῦ
281 875 366 968 {pion
384 883 515 964 μορίοις
533 873 755 963 ὁμολογεῖται,
777 875 851 963 περὶ
871 877 906 945 δὲ
929 883 990 947 τοῦ
1011 877 1213 968 ἡγεμονικοῦ
1235 883 1344 971 μόνον

198 991 335 1070 ζητεῖται
360 982 476 1051 διὰτὸ
500 981 580 1070 μήτε
604 991 766 1068 αἴσθησιν
789 983 915 1071 ἐκφανῆ
939 991 1105 1073 μηδεμίαν
1127 987 1214 1056 εἶναι
1238 988 1369 1059 αῦτοῦι

196 1089 274 1177 μήτε
300 1091 436 1176 ἐναργές
458 1115 489 1156 τι
516 1087 711 1176 τεκμήριον,
744 1085 860 1174 ὀλίγον
883 1088 1024 1178 ὕστερον
1052 1091 1097 1173 ῦς
1123 1095 1197 1182 περὶ
1225 1123 1342 1182 φαινο-

195 1197 301 1283 μένου
327 1199 388 1264 τοῦ
415 1197 538 1284 μέρους
562 1196 763 1281 ’διαλέγεται
815 1199 927 1282 ἔχουσι
960 1199 995 1264 δὲ
1029 1203 1067 1266 αί
1095 1200 1206 1288 ῥήσεις
1237 1200 1343 1272 αὐτοῦ

195 1301 292 1370 τόνδε
320 1299 381 1370 τὸν
403 1301 541 1390 τρόπον·
571 1299 674 1370 ‘oiito
697 1308 851 1388 φαίνεται
875 1303 1070 1390 διαφεύγειν
1094 1304 1112 1375 δ
1135 1307 1236 1389 τόπος
1258 1306 1343 1397 ἡμᾶς

195 1406 283 1476 ‘eine
312 1407 501 1496 αἰσθήσεως
528 1410 694 1495 ἐκφανοῦς
721 1411 913 1496 γενομένης,
941 1409 1021 1499 ὅπερ
1050 1414 1101 1480 ἐπὶ
1124 1417 1193 1483 τόν
1215 1421 1342 1485 λοιπῶν

195 1515 437 1604 ’σνντίτευχεη
466 1514 540 1584 οῦτε
564 1519 632 1583 τῶν
658 1522 858 1602 τεκμηρίων,
888 1517 944 1585 διδ
972 1510 1020 1586 ὧν
1047 1519 1089 1589 ἄν
1117 1549 1166 1601 τις
1189 1530 1341 1609 συλλογί-
1358 1549 1382 1587 ιο

194 1624 299 1691 ’σαιτο
323 1627 435 1691 τοῦτο·
463 1619 542 1690 οῦδὲ
567 1621 630 1709 γὰρ
654 1617 697 1690 ἂν
721 1623 772 1690 ἐπὶ
795 1627 958 1692 τοσοῦτον
982 1623 1001 1714 ἡ
1025 1605 1197 1714 ἀντιλογία
1220 1633 1342 1718 προῆλ-

194 1731 246 1798 ’θε
278 1729 331 1798 καὶ
361 1731 398 1797 ἐν
425 1735 551 1817 ίατροίς
580 1729 634 1796 καὶ
664 1730 701 1796 ἐν
730 1729 950 1817 φιλοσόφοις.’
996 1737 1098 1802 ταῦτα
1125 1733 1294 1820 προειπὼν
1322 1733 1339 1802 ὁ

194 1835 387 1924 Χρύσιππος
419 1838 535 1924 ἐφεξῆς
565 1857 688 1923 φησιν,
725 1833 770 1916 ὡς
802 1833 944 1918 ἅπαντες
975 1837 1152 1927 ἄνθρωποι
1184 1845 1253 1909 τῦν
1284 1846 1341 1928 τῆς

194 1946 346 2022 διανοίας
371 1947 494 2011 παθῶν
521 1941 744 2011 αίσδόνονται
771 1943 854 2012 κατό
881 1970 916 2011 τε
943 1943 1003 2032 τὸν
1031 1945 1169 2034 θιόρακα
1197 1949 1251 2015 καὶ
1278 1948 1341 2035 τὴν

192 2051 343 2134 καρδίαν.
389 2055 455 2136 ἔχει
484 2051 519 2118 δὲ
547 2051 603 2118 καὶ
626 2047 686 2136 ἥδε
713 2047 733 2136 ἡ
758 2052 853 2137 ῥῆσις
869 2043 954 2119 τόδε·
992 2053 1106 2142 (κοινῇ
1135 2055 1175 2121 δέ
1199 2081 1256 2141 μοι
1284 2058 1379 2123 ‹io-1⁵

193 2156 322 2223 ‘uocem
350 2160 386 2224 ολ
409 2159 527 2226 πολλοὶ
555 2157 717 2244 φέρεσθαι
751 2157 803 2223 ἐπὶ
830 2159 930 2225 τοῦτο
959 2155 1080 2226 ὡσανεὶ
1111 2161 1338 2228 συναισθανό-

194 2305 240 2311 --
250 2305 404 2313 ——.--—.

227 2374 335 2448 ardre
358 2377 390 2435 di
415 2380 588 2447 reptili.-
615 2371 919 2447 5αίσδὴσεσινΙιμ-
948 2373 1188 2447 θῦσπερΙιμ-
1215 2389 1245 2436 11
1270 2377 1336 2437 οὐδ’

192 2445 239 2505 ἐπὶ
263 2451 342 2505 codd.
367 2451 428 2506 cdd.
452 2400 517 2505 οὐδ’
543 2449 697 2504 delevimus
720 2449 783 2505 coll.
808 2469 855 2520 pp.
876 2456 927 2506 189
953 2451 989 2506 in.
1016 2451 1040 2504 K
1065 2455 1094 2506 et
1116 2451 1201 2507 345
1192 2471 1229 2507 in.
1250 2453 1283 2506 K.
1304 2485 1336 2493 -

191 2515 352 2604 όντιλογίας
371 2522 449 2577 codd.
470 2522 531 2576 edd.
555 2515 738 2606 ἡόντιλογία
757 2539 873 2576 noe.-
900 2529 931 2576 12
951 2525 1015 2577 autc
1006 2520 1176 2647 ἰατρΙρῐς
1164 2520 1336 2579 nocentia

191 2592 368 2676 inseruimus,
401 2596 465 2648 anta
490 2587 657 2678 φιλοσόφοις
680 2587 712 2648 ἐν
736 2593 789 2647 del.
817 2612 913 2648 τε.-
944 2601 975 2647 13
1001 2588 1066 2680 iilis
1208 2601 1241 2649 14
1263 2591 1337 2650 κατά

209 2637 434 2719 sttvnnssch
453 2659 526 2718 κατά
546 2682 575 2718 τε
595 2657 646 2716 τόν
665 2664 774 2718 LK-
796 2669 827 2718 15
847 2664 896 2718 ael
915 2667 1002 2718 ante
1001 2657 1050 2732 ἥδε
1070 2682 1124 2719 om
1140 2666 1231 2720 M.—
1245 2667 1337 2721 κοινοί

190 2683 454 2862 {ivmwltnorpod
484 2735 563 2790 codd.
587 2734 648 2789 edd.
677 2735 901 2790 redeunda-
931 2685 1139 2805 αἰσθανόμενοι
1166 2737 1245 2793 codd.
1274 2738 1336 2792 edd.

191 3016 317 3080 animae
340 3015 526 3100 principatu
549 3013 753 3079 tractatione.
788 3013 828 3078 In
846 3013 936 3079 cuiue
960 3015 1121 3100 principio
1141 3038 1214 3080 eum
1238 3016 1335 3081 dixia-

190 3125 247 3204 set,
270 3123 387 3206 quibua
411 3120 616 3188 inanimalis
639 3119 788 3203 partibus
807 3124 933 3186 ceterae
955 3125 1066 3206 partes
1086 3122 1213 3186 animae
1237 3122 1335 3187 collo-

189 3233 280 3293 catae
304 3233 421 3313 essent,
444 3232 593 3294 constare
616 3228 702 3292 inter
724 3249 845 3310 carnee,
869 3228 907 3291 de
931 3229 1001 3293 sola
1025 3231 1135 3292 autem
1158 3229 1330 3313 principali

188 3337 411 3421 quaestionem
435 3357 504 3400 esee
532 3339 719 3420 propterea,
746 3334 832 3418 quod
859 3357 918 3399 nec
947 3357 1041 3399 aenan
1065 3335 1239 3400 manifesto
1263 3358 1334 3419 per·

189 3444 254 3528 cipi
278 3447 389 3528 posset
415 3465 474 3509 nee
498 3442 629 3507 evidens
652 3445 879 3527 argumentum
902 3441 1050 3524 haberet,
1078 3441 1176 3525 paulo
1198 3445 1275 3526 pest
1297 3441 1335 3505 de

189 3571 227 3612 ee
250 3570 293 3632 re,
317 3549 411 3634 quasi
429 3549 603 3614 manifesta
626 3548 679 3632 ait,
702 3548 841 3612 disserit
880 3546 991 3612 Verba
1015 3551 1123 3612 autem
1146 3547 1226 3612 haee
1246 3552 1334 3612 sunt:

189 3653 265 3720 ‘lca
283 3657 392 3721 aedes
411 3679 480 3722 nos
502 3656 636 3742 fugere
655 3653 820 3737 videtur,
844 3677 926 3719 cum
944 3675 1064 3737 neque
1087 3676 1226 3718 sensus
1251 3655 1333 3718 eiua

189 3763 346 3828 evidens
376 3763 441 3846 sit,
473 3763 577 3828 sieut
609 3762 649 3826 in
676 3761 853 3844 reliquis,
880 3783 953 3826 nee
984 3764 1212 3848 argumenta
1240 3761 1334 3845 sint,

188 3869 331 3952 quibua
361 3869 434 3934 hoc
463 3867 602 3954 colligi
633 3867 776 3951 possit3
812 3868 850 3932 ni
880 3869 938 3932 ita
966 3871 1081 3950 esset,
1111 3868 1153 3932 in
1180 3871 1332 3934 tantam

188 3975 499 4040 controversiam
528 3979 608 4039 tum
631 3975 733 4040 inter
756 3974 938 4058 medicos,
966 3978 1046 4039 tum
1072 3975 1179 4040 inter
1205 3973 1332 4058 philo-

187 4081 331 4166 sophos
355 4104 512 4148 resnou
536 4079 729 4148 venisset?
771 4081 860 4146 Haec
884 4104 956 4148 cnm
980 4081 1124 4165 dixisset,
1147 4084 1261 4165 postea
1286 4081 1333 4147 ait

187 4211 298 4254 omnes
327 4189 475 4255 homines
503 4189 623 4254 mentis
655 4187 790 4253 affectus
823 4189 857 4253 in
884 4187 1016 4253 thorace
1047 4191 1079 4251 et
1109 4188 1203 4254 corde
1236 4210 1332 4253 aenan

185 4295 361 4379 percipere,
384 4296 419 4361 in
436 4295 523 4362 hunc
541 4295 686 4360 modum:
724 4294 866 4381 ‘Vulgo
890 4295 986 4359 mihi
1010 4295 1189 4360 videntur
1211 4295 1331 4379 pleri·

186 4423 256 4485 que
279 4401 319 4466 in
336 4400 435 4467 hanc
458 4401 694 4469 sententiam
717 4401 816 4466 ferri
835 4406 1029 4487 tamquam
1050 4402 1269 4468 sentientes
1293 4402 1330 4467 in
