<?xml version="1.0" encoding="UTF-8"?>
<!DOCTYPE html PUBLIC "-//W3C//DTD XHTML 1.0 Transitional//EN"
    "http://www.w3.org/TR/xhtml1/DTD/xhtml1-transitional.dtd">
<html xmlns="http://www.w3.org/1999/xhtml" xml:lang="en" lang="en">
 <head>
  <title>
</title>
<meta http-equiv="Content-Type" content="text/html;charset=utf-8" />
  <meta name='ocr-system' content='tesseract 3.04.00' />
  <meta name='ocr-capabilities' content='ocr_page ocr_carea ocr_par ocr_line ocrx_word'/>
</head>
<body>
  <div class='ocr_page' id='page_1' title='image "./claudiigalenide02mlgoog/claudiigalenide02mlgoog_0568.png"; bbox 0 0 3166 5192; ppageno 0'>
   <div class='ocr_carea' id='block_1_1' title="bbox 556 419 797 484">
    <p class='ocr_par' dir='ltr' id='par_1_1' title="bbox 556 419 797 484">
     <span class='ocr_line' id='line_1_1' title="bbox 556 419 797 484; baseline -0.012 0"><span class='ocrx_word' id='word_1_1' title='bbox 556 419 797 484; x_wconf 80' lang='lat'>-553-</span> 
     </span>
    </p>
   </div>
   <div class='ocr_carea' id='block_1_2' title="bbox 13 567 1320 2266">
    <p class='ocr_par' dir='ltr' id='par_1_2' title="bbox 96 567 1282 1414">
     <span class='ocr_line' id='line_1_2' title="bbox 96 567 1254 666; baseline -0.005 -18"><span class='ocrx_word' id='word_1_2' title='bbox 96 581 161 648; x_wconf 81' lang='grc' dir='ltr'><strong><em>καὶ</em></strong></span> <span class='ocrx_word' id='word_1_3' title='bbox 184 579 362 666; x_wconf 82' lang='grc' dir='ltr'><strong><em>Φιλότιμος</em></strong></span> <span class='ocrx_word' id='word_1_4' title='bbox 380 575 646 665; x_wconf 81' lang='grc' dir='ltr'><strong><em>ὁμολογήσαντες</em></strong></span> <span class='ocrx_word' id='word_1_5' title='bbox 667 567 770 644; x_wconf 86' lang='grc' dir='ltr'><strong><em>τᾶλλα</em></strong></span> <span class='ocrx_word' id='word_1_6' title='bbox 793 576 848 643; x_wconf 83' lang='grc' dir='ltr'><strong><em>καλ</em></strong></span> <span class='ocrx_word' id='word_1_7' title='bbox 867 581 1037 661; x_wconf 76' lang='grc' dir='ltr'><strong><em>νομίζουσι</em></strong></span> <span class='ocrx_word' id='word_1_8' title='bbox 1060 573 1098 643; x_wconf 83' lang='grc' dir='ltr'><strong><em>τὸ</em></strong></span> <span class='ocrx_word' id='word_1_9' title='bbox 1117 573 1254 662; x_wconf 77' lang='grc' dir='ltr'>πάμπαν</span> 
     </span>
     <span class='ocr_line' id='line_1_3' title="bbox 99 680 1254 771; baseline -0.005 -16"><span class='ocrx_word' id='word_1_10' title='bbox 99 689 137 768; x_wconf 81' lang='grc' dir='ltr'><strong>έξ</strong></span> <span class='ocrx_word' id='word_1_11' title='bbox 165 688 294 755; x_wconf 77' lang='grc' dir='ltr'><strong><em>ἑαυτῶν</em></strong></span> <span class='ocrx_word' id='word_1_12' title='bbox 317 685 456 771; x_wconf 79' lang='grc' dir='ltr'><strong><em>σφύζειν</em></strong></span> <span class='ocrx_word' id='word_1_13' title='bbox 477 683 535 764; x_wconf 82' lang='grc' dir='ltr'><strong>τὰς</strong></span> <span class='ocrx_word' id='word_1_14' title='bbox 553 681 722 771; x_wconf 78' lang='grc' dir='ltr'><strong><em>ἀρτηρίας,</em></strong></span> <span class='ocrx_word' id='word_1_15' title='bbox 745 680 828 750; x_wconf 75' lang='grc' dir='ltr'><strong><em>ὥστε</em></strong></span> <span class='ocrx_word' id='word_1_16' title='bbox 851 682 905 749; x_wconf 84' lang='grc' dir='ltr'><strong><em>καὶ</em></strong></span> <span class='ocrx_word' id='word_1_17' title='bbox 925 685 956 750; x_wconf 86' lang='grc' dir='ltr'><strong>εί</strong></span> <span class='ocrx_word' id='word_1_18' title='bbox 973 680 1079 768; x_wconf 88' lang='grc' dir='ltr'><strong><em>σάρκα</em></strong></span> <span class='ocrx_word' id='word_1_19' title='bbox 1102 708 1151 761; x_wconf 87' lang='grc' dir='ltr'><strong>τις</strong></span> <span class='ocrx_word' id='word_1_20' title='bbox 1170 683 1254 749; x_wconf 81' lang='grc' dir='ltr'><strong><em>ἐκτε-</em></strong></span> 
     </span>
     <span class='ocr_line' id='line_1_4' title="bbox 99 785 1253 885; baseline -0.006 -23"><span class='ocrx_word' id='word_1_21' title='bbox 99 793 182 882; x_wconf 76' lang='grc' dir='ltr'><strong><em>μὼν</em></strong></span> <span class='ocrx_word' id='word_1_22' title='bbox 201 791 287 885; x_wconf 74' lang='grc' dir='ltr'><strong><em>ζῴου</em></strong></span> <span class='ocrx_word' id='word_1_23' title='bbox 300 797 461 879; x_wconf 74' lang='grc' dir='ltr'><strong><em>καταθείη</em></strong></span> <span class='ocrx_word' id='word_1_24' title='bbox 475 789 687 876; x_wconf 78' lang='grc' dir='ltr'><strong><em>παλλομένην</em></strong></span> <span class='ocrx_word' id='word_1_25' title='bbox 706 788 758 856; x_wconf 73' lang='grc' dir='ltr'><strong>ἐπὶ</strong></span> <span class='ocrx_word' id='word_1_26' title='bbox 777 791 835 876; x_wconf 79' lang='grc' dir='ltr'><strong>τῆς</strong></span> <span class='ocrx_word' id='word_1_27' title='bbox 853 791 923 876; x_wconf 78' lang='grc' dir='ltr'><strong><em>γῆς,</em></strong></span> <span class='ocrx_word' id='word_1_28' title='bbox 943 789 1090 875; x_wconf 76' lang='grc' dir='ltr'><strong><em>ἐναργῶς</em></strong></span> <span class='ocrx_word' id='word_1_29' title='bbox 1108 785 1253 877; x_wconf 84' lang='grc' dir='ltr'><strong><em>ὁρᾶσθαι</em></strong></span> 
     </span>
     <span class='ocr_line' id='line_1_5' title="bbox 101 893 1253 987; baseline -0.005 -19"><span class='ocrx_word' id='word_1_30' title='bbox 101 899 171 987; x_wconf 81' lang='grc' dir='ltr'><strong>τὴν</strong></span> <span class='ocrx_word' id='word_1_31' title='bbox 198 907 332 986; x_wconf 87' lang='grc' dir='ltr'><strong><em>κίνησιν</em></strong></span> <span class='ocrx_word' id='word_1_32' title='bbox 358 901 427 966; x_wconf 72' lang='grc' dir='ltr'><strong>τῶν</strong></span> <span class='ocrx_word' id='word_1_33' title='bbox 454 894 630 985; x_wconf 76' lang='grc' dir='ltr'><strong><em>ἀρτηριῶν.</em></strong></span> <span class='ocrx_word' id='word_1_34' title='bbox 680 893 806 964; x_wconf 76' lang='grc' dir='ltr'><strong><em>οὔκουν</em></strong></span> <span class='ocrx_word' id='word_1_35' title='bbox 837 893 1026 983; x_wconf 76' lang='grc' dir='ltr'><strong><em>ἐβουλόμην</em></strong></span> <span class='ocrx_word' id='word_1_36' title='bbox 1054 897 1087 974; x_wconf 78' lang='grc' dir='ltr'><strong><em>ἐς</em></strong></span> <span class='ocrx_word' id='word_1_37' title='bbox 1113 893 1253 962; x_wconf 86' lang='grc' dir='ltr'><strong><em>τοσόνδε</em></strong></span> 
     </span>
     <span class='ocr_line' id='line_1_6' title="bbox 101 997 1282 1093; baseline -0.004 -20"><span class='ocrx_word' id='word_1_38' title='bbox 101 1011 305 1093; x_wconf 78' lang='grc' dir='ltr'><strong><em>διαμαρτεῖν</em></strong></span> <span class='ocrx_word' id='word_1_39' title='bbox 326 1009 388 1073; x_wconf 85' lang='grc' dir='ltr'><strong><em>τοῦ</em></strong></span> <span class='ocrx_word' id='word_1_40' title='bbox 410 1004 618 1092; x_wconf 79' lang='grc' dir='ltr'><strong><em>φαινομένου</em></strong></span> <span class='ocrx_word' id='word_1_41' title='bbox 644 1001 861 1088; x_wconf 79' lang='grc' dir='ltr'><strong><em>τηλικούτους</em></strong></span> <span class='ocrx_word' id='word_1_42' title='bbox 888 999 1029 1090; x_wconf 87' lang='grc' dir='ltr'><strong><em>ἀνδρας,</em></strong></span> <span class='ocrx_word' id='word_1_43' title='bbox 1057 997 1102 1080; x_wconf 78' lang='grc' dir='ltr'><strong>τός</strong></span> <span class='ocrx_word' id='word_1_44' title='bbox 1128 997 1173 1088; x_wconf 80' lang='grc' dir='ltr'><strong>μὴ</strong></span> <span class='ocrx_word' id='word_1_45' title='bbox 1197 999 1282 1068; x_wconf 71' lang='grc' dir='ltr'><strong><em>διό-5</em></strong></span> 
     </span>
     <span class='ocr_line' id='line_1_7' title="bbox 103 1106 1255 1200; baseline -0.004 -20"><span class='ocrx_word' id='word_1_46' title='bbox 103 1121 235 1182; x_wconf 90' lang='grc' dir='ltr'><strong><em>νασθαι</em></strong></span> <span class='ocrx_word' id='word_1_47' title='bbox 255 1117 401 1200; x_wconf 92' lang='grc' dir='ltr'><strong><em>διορίσαι</em></strong></span> <span class='ocrx_word' id='word_1_48' title='bbox 415 1109 547 1199; x_wconf 80' lang='grc' dir='ltr'><strong><em>παλμὸν</em></strong></span> <span class='ocrx_word' id='word_1_49' title='bbox 561 1112 728 1197; x_wconf 83' lang='grc' dir='ltr'><strong><em>σφυγμοῦ.</em></strong></span> <span class='ocrx_word' id='word_1_50' title='bbox 763 1107 825 1198; x_wconf 75' lang='grc' dir='ltr'><strong>χρὴ</strong></span> <span class='ocrx_word' id='word_1_51' title='bbox 841 1109 889 1194; x_wconf 90' lang='grc' dir='ltr'><strong>δέ,</strong></span> <span class='ocrx_word' id='word_1_52' title='bbox 908 1106 1012 1196; x_wconf 79' lang='grc' dir='ltr'><strong><em>οἶμαι,</em></strong></span> <span class='ocrx_word' id='word_1_53' title='bbox 1030 1107 1255 1196; x_wconf 74' lang='grc' dir='ltr'><strong><em>γινώσκεσθαι</em></strong></span> 
     </span>
     <span class='ocr_line' id='line_1_8' title="bbox 102 1211 1255 1307; baseline -0.005 -19"><span class='ocrx_word' id='word_1_54' title='bbox 102 1219 170 1307; x_wconf 74' lang='grc' dir='ltr'><strong><em>μὲν</em></strong></span> <span class='ocrx_word' id='word_1_55' title='bbox 193 1220 248 1288; x_wconf 80' lang='grc' dir='ltr'><strong><em>καὶ</em></strong></span> <span class='ocrx_word' id='word_1_56' title='bbox 271 1222 370 1288; x_wconf 85' lang='grc' dir='ltr'><strong><em>τοῦτο</em></strong></span> <span class='ocrx_word' id='word_1_57' title='bbox 392 1232 463 1298; x_wconf 82' lang='grc' dir='ltr'><strong><em>τοῖς</em></strong></span> <span class='ocrx_word' id='word_1_58' title='bbox 486 1213 645 1304; x_wconf 76' lang='grc' dir='ltr'><strong><em>ἀνδράσι,</em></strong></span> <span class='ocrx_word' id='word_1_59' title='bbox 671 1215 896 1303; x_wconf 77' lang='grc' dir='ltr'><strong><em>γινώσκεσθαι</em></strong></span> <span class='ocrx_word' id='word_1_60' title='bbox 925 1215 1039 1284; x_wconf 75' lang='grc' dir='ltr'><strong><em>δὲκαὶ</em></strong></span> <span class='ocrx_word' id='word_1_61' title='bbox 1063 1211 1122 1300; x_wconf 73' lang='grc' dir='ltr'><strong><em>ὡς,</em></strong></span> <span class='ocrx_word' id='word_1_62' title='bbox 1146 1219 1177 1282; x_wconf 86' lang='grc' dir='ltr'><strong>εί</strong></span> <span class='ocrx_word' id='word_1_63' title='bbox 1197 1213 1255 1302; x_wconf 89' lang='grc' dir='ltr'><strong>μό-</strong></span> 
     </span>
     <span class='ocr_line' id='line_1_9' title="bbox 105 1319 1255 1414; baseline -0.005 -20"><span class='ocrx_word' id='word_1_64' title='bbox 105 1355 175 1414; x_wconf 92' lang='grc' dir='ltr'><strong>νην</strong></span> <span class='ocrx_word' id='word_1_65' title='bbox 198 1328 344 1414; x_wconf 85' lang='grc' dir='ltr'><strong><em>έκτέμοις</em></strong></span> <span class='ocrx_word' id='word_1_66' title='bbox 365 1321 543 1414; x_wconf 84' lang='grc' dir='ltr'><strong><em>ἀρτηρίαν,</em></strong></span> <span class='ocrx_word' id='word_1_67' title='bbox 567 1319 608 1391; x_wconf 79' lang='lat' dir='ltr'><strong>orl</strong></span> <span class='ocrx_word' id='word_1_68' title='bbox 630 1337 787 1408; x_wconf 80' lang='grc' dir='ltr'><strong><em>κινεῖται,</em></strong></span> <span class='ocrx_word' id='word_1_69' title='bbox 810 1321 962 1409; x_wconf 80' lang='grc' dir='ltr'><strong><em>καθάπερ</em></strong></span> <span class='ocrx_word' id='word_1_70' title='bbox 986 1319 1065 1391; x_wconf 68' lang='grc' dir='ltr'><strong><em>οὐδὲ</em></strong></span> <span class='ocrx_word' id='word_1_71' title='bbox 1093 1325 1124 1389; x_wconf 85' lang='grc' dir='ltr'><strong>εί</strong></span> <span class='ocrx_word' id='word_1_72' title='bbox 1145 1320 1255 1411; x_wconf 80' lang='grc' dir='ltr'><strong><em>βρόχῳ</em></strong></span> 
     </span>
    </p>

    <p class='ocr_par' dir='ltr' id='par_1_3' title="bbox 13 1426 1320 1950">
     <span class='ocr_line' id='line_1_10' title="bbox 13 1426 1255 1520; baseline -0.005 -19"><span class='ocrx_word' id='word_1_73' title='bbox 13 1495 14 1500; x_wconf 73' lang='grc'><strong><em>,</em></strong></span> <span class='ocrx_word' id='word_1_74' title='bbox 105 1432 283 1519; x_wconf 82' lang='grc' dir='ltr'><strong><em>διαλάβοις</em></strong></span> <span class='ocrx_word' id='word_1_75' title='bbox 315 1437 361 1500; x_wconf 81' lang='grc' dir='ltr'><strong><em>ἔτι</em></strong></span> <span class='ocrx_word' id='word_1_76' title='bbox 399 1431 616 1518; x_wconf 77' lang='grc' dir='ltr'><strong><em>συνημμένην</em></strong></span> <span class='ocrx_word' id='word_1_77' title='bbox 650 1435 690 1520; x_wconf 76' lang='grc' dir='ltr'><strong><em>τῇ</em></strong></span> <span class='ocrx_word' id='word_1_78' title='bbox 722 1434 852 1520; x_wconf 78' lang='grc' dir='ltr'><strong><em>καρδίᾳ.</em></strong></span> <span class='ocrx_word' id='word_1_79' title='bbox 905 1435 1012 1497; x_wconf 87' lang='grc' dir='ltr'><strong><em>καίτοι</em></strong></span> <span class='ocrx_word' id='word_1_80' title='bbox 1045 1426 1255 1516; x_wconf 86' lang='grc' dir='ltr'><strong><em>θαυμαστόν,</em></strong></span> 
     </span>
     <span class='ocr_line' id='line_1_11' title="bbox 108 1530 1295 1629; baseline -0.006 -21"><span class='ocrx_word' id='word_1_81' title='bbox 108 1537 212 1626; x_wconf 83' lang='grc' dir='ltr'><strong><em>ἡνίκα</em></strong></span> <span class='ocrx_word' id='word_1_82' title='bbox 234 1540 296 1626; x_wconf 88' lang='grc' dir='ltr'><strong><em>μέν</em></strong></span> <span class='ocrx_word' id='word_1_83' title='bbox 319 1541 410 1606; x_wconf 78' lang='grc' dir='ltr'><strong><em>ἐστιν</em></strong></span> <span class='ocrx_word' id='word_1_84' title='bbox 432 1541 493 1620; x_wconf 76' lang='grc' dir='ltr'><strong>ἔξω</strong></span> <span class='ocrx_word' id='word_1_85' title='bbox 515 1540 577 1606; x_wconf 87' lang='grc' dir='ltr'><strong><em>τοῦ</em></strong></span> <span class='ocrx_word' id='word_1_86' title='bbox 601 1536 697 1629; x_wconf 73' lang='grc' dir='ltr'><strong><em>ζῴου,</em></strong></span> <span class='ocrx_word' id='word_1_87' title='bbox 720 1535 764 1623; x_wconf 75' lang='grc' dir='ltr'><strong>μὴ</strong></span> <span class='ocrx_word' id='word_1_88' title='bbox 788 1535 897 1623; x_wconf 90' lang='grc' dir='ltr'><strong><em>μόνον</em></strong></span> <span class='ocrx_word' id='word_1_89' title='bbox 918 1539 977 1622; x_wconf 81' lang='grc' dir='ltr'><strong>τῆς</strong></span> <span class='ocrx_word' id='word_1_90' title='bbox 998 1539 1147 1623; x_wconf 78' lang='grc' dir='ltr'><strong><em>καρδίας,</em></strong></span> <span class='ocrx_word' id='word_1_91' title='bbox 1171 1530 1254 1602; x_wconf 83' lang='grc' dir='ltr'><strong><em>ἀλλὰ</em></strong></span> <span class='ocrx_word' id='word_1_92' title='bbox 1270 1555 1295 1593; x_wconf 86' lang='lat'><strong>1⁰</strong></span> 
     </span>
     <span class='ocr_line' id='line_1_12' title="bbox 13 1639 1255 1733; baseline -0.004 -21"><span class='ocrx_word' id='word_1_93' title='bbox 13 1707 15 1712; x_wconf 83' lang='grc'>.</span> <span class='ocrx_word' id='word_1_94' title='bbox 105 1646 164 1714; x_wconf 79' lang='grc' dir='ltr'><strong><em>καὶ</em></strong></span> <span class='ocrx_word' id='word_1_95' title='bbox 188 1649 245 1732; x_wconf 80' lang='grc' dir='ltr'><strong>τῆς</strong></span> <span class='ocrx_word' id='word_1_96' title='bbox 267 1648 335 1713; x_wconf 79' lang='grc' dir='ltr'><strong>τῶν</strong></span> <span class='ocrx_word' id='word_1_97' title='bbox 362 1643 473 1713; x_wconf 84' lang='grc' dir='ltr'><strong><em>ἀλλων</em></strong></span> <span class='ocrx_word' id='word_1_98' title='bbox 495 1640 653 1712; x_wconf 78' lang='grc' dir='ltr'><strong><em>ἁπάντων</em></strong></span> <span class='ocrx_word' id='word_1_99' title='bbox 678 1651 806 1733; x_wconf 83' lang='grc' dir='ltr'><strong><em>μορίων</em></strong></span> <span class='ocrx_word' id='word_1_100' title='bbox 832 1639 1047 1732; x_wconf 75' lang='grc' dir='ltr'><strong><em>ἀφῃρημένης</em></strong></span> <span class='ocrx_word' id='word_1_101' title='bbox 1069 1646 1255 1729; x_wconf 77' lang='grc' dir='ltr'><strong><em>συμπνοίας</em></strong></span> 
     </span>
     <span class='ocr_line' id='line_1_13' title="bbox 105 1745 1320 1840; baseline -0.004 -20"><span class='ocrx_word' id='word_1_102' title='bbox 105 1748 286 1832; x_wconf 82' lang='grc' dir='ltr'><strong><em>ἀκωλύτως</em></strong></span> <span class='ocrx_word' id='word_1_103' title='bbox 300 1751 437 1838; x_wconf 75' lang='grc' dir='ltr'><strong><em>σφύξειν</em></strong></span> <span class='ocrx_word' id='word_1_104' title='bbox 451 1747 567 1838; x_wconf 77' lang='grc' dir='ltr'><strong><em>αὐτήν,</em></strong></span> <span class='ocrx_word' id='word_1_105' title='bbox 583 1748 679 1838; x_wconf 80' lang='grc' dir='ltr'><strong><em>ἡνίκα</em></strong></span> <span class='ocrx_word' id='word_1_106' title='bbox 694 1750 731 1819; x_wconf 75' lang='grc' dir='ltr'><strong>δὲ</strong></span> <span class='ocrx_word' id='word_1_107' title='bbox 751 1751 756 1840; x_wconf 81' lang='grc' dir='ltr'>Ι</span> <span class='ocrx_word' id='word_1_108' title='bbox 777 1753 941 1838; x_wconf 81' lang='grc' dir='ltr'><strong><em>συνῆπται</em></strong></span> <span class='ocrx_word' id='word_1_109' title='bbox 955 1753 1069 1834; x_wconf 81' lang='grc' dir='ltr'><strong><em>πᾶσιν,</em></strong></span> <span class='ocrx_word' id='word_1_110' title='bbox 1083 1745 1255 1835; x_wconf 79' lang='grc' dir='ltr'><strong><em>ἄσφυκτον</em></strong></span> <span class='ocrx_word' id='word_1_111' title='bbox 1264 1764 1320 1822; x_wconf 68' lang='lat' dir='ltr'><strong>aaa</strong></span> 
     </span>
     <span class='ocr_line' id='line_1_14' title="bbox 107 1854 1255 1950; baseline -0.003 -24"><span class='ocrx_word' id='word_1_112' title='bbox 107 1865 264 1944; x_wconf 89' lang='grc' dir='ltr'><strong><em>γίνεσθαι</em></strong></span> <span class='ocrx_word' id='word_1_113' title='bbox 287 1858 398 1950; x_wconf 77' lang='grc' dir='ltr'><strong><em>βρόχῳ</em></strong></span> <span class='ocrx_word' id='word_1_114' title='bbox 422 1863 679 1945; x_wconf 86' lang='grc' dir='ltr'><strong><em>διαληφθεῑσαν.</em></strong></span> <span class='ocrx_word' id='word_1_115' title='bbox 724 1855 807 1926; x_wconf 87' lang='grc' dir='ltr'><strong>ἀλλά</strong></span> <span class='ocrx_word' id='word_1_116' title='bbox 835 1854 914 1927; x_wconf 76' lang='grc' dir='ltr'><strong><em>οὐδὲ</em></strong></span> <span class='ocrx_word' id='word_1_117' title='bbox 937 1856 1002 1945; x_wconf 88' lang='grc' dir='ltr'><strong>γάρ</strong></span> <span class='ocrx_word' id='word_1_118' title='bbox 1025 1857 1100 1940; x_wconf 81' lang='grc' dir='ltr'><strong><em>ἔξω,</em></strong></span> <span class='ocrx_word' id='word_1_119' title='bbox 1123 1863 1255 1941; x_wconf 86' lang='grc' dir='ltr'><strong><em>θαυμα-</em></strong></span> 
     </span>
    </p>

    <p class='ocr_par' dir='ltr' id='par_1_4' title="bbox 13 1953 1295 2266">
     <span class='ocr_line' id='line_1_15' title="bbox 13 1953 1255 2056; baseline -0.004 -23"><span class='ocrx_word' id='word_1_120' title='bbox 13 2051 14 2056; x_wconf 12' lang='lat'>¹</span> <span class='ocrx_word' id='word_1_121' title='bbox 107 1966 246 2034; x_wconf 78' lang='grc' dir='ltr'><strong><em>σιώτατε</em></strong></span> <span class='ocrx_word' id='word_1_122' title='bbox 274 1965 491 2054; x_wconf 86' lang='grc' dir='ltr'><strong><em>Πραξαγόρα,</em></strong></span> <span class='ocrx_word' id='word_1_123' title='bbox 522 1964 677 2034; x_wconf 83' lang='grc' dir='ltr'><strong><em>αάλλεται</em></strong></span> <span class='ocrx_word' id='word_1_124' title='bbox 709 1963 765 2032; x_wconf 79' lang='grc' dir='ltr'><strong>διὰ</strong></span> <span class='ocrx_word' id='word_1_125' title='bbox 792 1963 915 2044; x_wconf 79' lang='grc' dir='ltr'><strong><em>παντὸς</em></strong></span> <span class='ocrx_word' id='word_1_126' title='bbox 946 1963 1167 2050; x_wconf 83' lang='grc' dir='ltr'><strong><em>ἐκτεμυομένη</em></strong></span> <span class='ocrx_word' id='word_1_127' title='bbox 1194 1953 1255 2028; x_wconf 84' lang='grc' dir='ltr'><strong><em>τόῦ</em></strong></span> 
     </span>
     <span class='ocr_line' id='line_1_16' title="bbox 108 2065 1295 2162; baseline -0.004 -22"><span class='ocrx_word' id='word_1_128' title='bbox 108 2072 205 2162; x_wconf 80' lang='grc' dir='ltr'><strong><em>ζςόου.</em></strong></span> <span class='ocrx_word' id='word_1_129' title='bbox 245 2077 353 2140; x_wconf 86' lang='grc' dir='ltr'><strong><em>καίτοι</em></strong></span> <span class='ocrx_word' id='word_1_130' title='bbox 376 2077 411 2138; x_wconf 88' lang='grc' dir='ltr'><strong><em>τί</em></strong></span> <span class='ocrx_word' id='word_1_131' title='bbox 429 2072 506 2158; x_wconf 76' lang='grc' dir='ltr'><strong><em>περὶ</em></strong></span> <span class='ocrx_word' id='word_1_132' title='bbox 527 2071 650 2140; x_wconf 86' lang='grc' dir='ltr'><strong><em>τούτου</em></strong></span> <span class='ocrx_word' id='word_1_133' title='bbox 671 2075 909 2159; x_wconf 82' lang='grc' dir='ltr'><strong><em>φιλοτιμοῦμαι</em></strong></span> <span class='ocrx_word' id='word_1_134' title='bbox 933 2071 1112 2157; x_wconf 83' lang='grc' dir='ltr'><strong><em>διελέγχειν</em></strong></span> <span class='ocrx_word' id='word_1_135' title='bbox 1135 2065 1254 2147; x_wconf 84' lang='grc' dir='ltr'><strong><em>αότόυ;</em></strong></span> <span class='ocrx_word' id='word_1_136' title='bbox 1270 2087 1295 2128; x_wconf 79' lang='lat'><strong>15</strong></span> 
     </span>
     <span class='ocr_line' id='line_1_17' title="bbox 13 2174 1254 2266; baseline -0.002 -22"><span class='ocrx_word' id='word_1_137' title='bbox 13 2257 17 2266; x_wconf 25' lang='lat' dir='ltr'>y</span> <span class='ocrx_word' id='word_1_138' title='bbox 108 2175 206 2265; x_wconf 80' lang='grc' dir='ltr'><strong><em>ἀρκεῖ</em></strong></span> <span class='ocrx_word' id='word_1_139' title='bbox 235 2176 300 2264; x_wconf 82' lang='grc' dir='ltr'><strong>γὰρ</strong></span> <span class='ocrx_word' id='word_1_140' title='bbox 333 2179 490 2260; x_wconf 75' lang='grc' dir='ltr'><strong><em>ἐπιδεῖξαι</em></strong></span> <span class='ocrx_word' id='word_1_141' title='bbox 522 2178 628 2265; x_wconf 88' lang='grc' dir='ltr'><strong><em>μόνας</em></strong></span> <span class='ocrx_word' id='word_1_142' title='bbox 658 2177 717 2258; x_wconf 85' lang='grc' dir='ltr'><strong><em>τάς</em></strong></span> <span class='ocrx_word' id='word_1_143' title='bbox 748 2175 907 2266; x_wconf 89' lang='grc' dir='ltr'><strong><em>ἀρτηρίας</em></strong></span> <span class='ocrx_word' id='word_1_144' title='bbox 933 2174 1111 2264; x_wconf 80' lang='grc' dir='ltr'><strong><em>ἀκινήτους</em></strong></span> <span class='ocrx_word' id='word_1_145' title='bbox 1137 2201 1172 2243; x_wconf 88' lang='grc' dir='ltr'><strong><em>τε</em></strong></span> <span class='ocrx_word' id='word_1_146' title='bbox 1198 2174 1254 2242; x_wconf 80' lang='grc' dir='ltr'><strong><em>καί</em></strong></span> 
     </span>
    </p>
   </div>
   <div class='ocr_carea' id='block_1_3' title="bbox 109 2341 322 2352">
    <p class='ocr_par' dir='ltr' id='par_1_5' title="bbox 109 2341 322 2352">
     <span class='ocr_line' id='line_1_18' title="bbox 109 2341 322 2352; baseline -0.009 0"><span class='ocrx_word' id='word_1_147' title='bbox 109 2341 322 2352; x_wconf 75' lang='lat'><strong>—.---—-</strong></span> 
     </span>
    </p>
   </div>
   <div class='ocr_carea' id='block_1_4' title="bbox 110 2415 1254 2584">
    <p class='ocr_par' dir='ltr' id='par_1_6' title="bbox 110 2415 1254 2584">
     <span class='ocr_line' id='line_1_19' title="bbox 148 2415 1253 2498; baseline -0.006 -14"><span class='ocrx_word' id='word_1_148' title='bbox 148 2437 161 2484; x_wconf 96' lang='grc'>1</span> <span class='ocrx_word' id='word_1_149' title='bbox 182 2423 216 2482; x_wconf 77' lang='lat' dir='ltr'><strong>rel</strong></span> <span class='ocrx_word' id='word_1_150' title='bbox 236 2422 356 2498; x_wconf 84' lang='grc' dir='ltr'><strong><em>κόμπαν</em></strong></span> <span class='ocrx_word' id='word_1_151' title='bbox 374 2428 415 2492; x_wconf 84' lang='grc' dir='ltr'><strong>Μ;</strong></span> <span class='ocrx_word' id='word_1_152' title='bbox 435 2427 470 2482; x_wconf 83' lang='lat' dir='ltr'><strong>ef.</strong></span> <span class='ocrx_word' id='word_1_153' title='bbox 490 2428 576 2485; x_wconf 88' lang='lat' dir='ltr'><strong>Proll.</strong></span> <span class='ocrx_word' id='word_1_154' title='bbox 616 2415 685 2484; x_wconf 49' lang='lat' dir='ltr'><strong>stt.</strong></span> <span class='ocrx_word' id='word_1_155' title='bbox 705 2461 737 2470; x_wconf 95' lang='lat'>-</span> <span class='ocrx_word' id='word_1_156' title='bbox 761 2435 778 2484; x_wconf 76' lang='lat'>4</span> <span class='ocrx_word' id='word_1_157' title='bbox 798 2423 828 2489; x_wconf 80' lang='grc' dir='ltr'><strong><em>ές</em></strong></span> <span class='ocrx_word' id='word_1_158' title='bbox 846 2422 877 2481; x_wconf 83' lang='grc' dir='ltr'><strong><em>τὸ</em></strong></span> <span class='ocrx_word' id='word_1_159' title='bbox 897 2420 980 2482; x_wconf 88' lang='grc' dir='ltr'><strong><em>σόνδε</em></strong></span> <span class='ocrx_word' id='word_1_160' title='bbox 1000 2426 1038 2480; x_wconf 85' lang='grc' dir='ltr'><strong>Μ.</strong></span> <span class='ocrx_word' id='word_1_161' title='bbox 1058 2457 1091 2465; x_wconf 96' lang='grc'>-</span> <span class='ocrx_word' id='word_1_162' title='bbox 1114 2431 1130 2479; x_wconf 81' lang='grc'>9</span> <span class='ocrx_word' id='word_1_163' title='bbox 1151 2443 1253 2492; x_wconf 87' lang='grc' dir='ltr'><strong><em>συνημ-</em></strong></span> 
     </span>
     <span class='ocr_line' id='line_1_20' title="bbox 110 2449 1254 2584; baseline -0.004 -28"><span class='ocrx_word' id='word_1_164' title='bbox 110 2499 206 2584; x_wconf 68' lang='grc' dir='ltr'><strong><em>μέναιρ</em></strong></span> <span class='ocrx_word' id='word_1_165' title='bbox 223 2500 260 2554; x_wconf 83' lang='grc' dir='ltr'><strong>Μ.</strong></span> <span class='ocrx_word' id='word_1_166' title='bbox 281 2529 313 2539; x_wconf 91' lang='grc'><strong>-</strong></span> <span class='ocrx_word' id='word_1_167' title='bbox 335 2507 366 2556; x_wconf 95' lang='grc'><strong>11</strong></span> <span class='ocrx_word' id='word_1_168' title='bbox 387 2493 574 2584; x_wconf 77' lang='grc' dir='ltr'><strong><em>ἀφῃρημένην</em></strong></span> <span class='ocrx_word' id='word_1_169' title='bbox 593 2449 673 2556; x_wconf 62' lang='lat' dir='ltr'><strong>geru.</strong></span> <span class='ocrx_word' id='word_1_170' title='bbox 694 2531 726 2540; x_wconf 89' lang='lat'><em>-</em></span> <span class='ocrx_word' id='word_1_171' title='bbox 753 2508 784 2554; x_wconf 79' lang='lat' dir='ltr'><strong>tn</strong></span> <span class='ocrx_word' id='word_1_172' title='bbox 804 2493 934 2568; x_wconf 75' lang='grc' dir='ltr'><strong><em>ἄφυκτον</em></strong></span> <span class='ocrx_word' id='word_1_173' title='bbox 952 2497 1048 2552; x_wconf 76' lang='lat' dir='ltr'><strong>Mus.</strong></span> <span class='ocrx_word' id='word_1_174' title='bbox 1068 2527 1101 2538; x_wconf 90' lang='lat'><em>-</em></span> <span class='ocrx_word' id='word_1_175' title='bbox 1128 2501 1160 2551; x_wconf 83' lang='grc'><strong>13</strong></span> <span class='ocrx_word' id='word_1_176' title='bbox 1178 2499 1254 2551; x_wconf 88' lang='grc' dir='ltr'><strong><em>θαν-</em></strong></span> 
     </span>
    </p>
   </div>
   <div class='ocr_carea' id='block_1_5' title="bbox 14 2567 945 2644">
    <p class='ocr_par' dir='ltr' id='par_1_7' title="bbox 14 2567 945 2644">
     <span class='ocr_line' id='line_1_21' title="bbox 14 2567 945 2644; baseline 0 -18"><span class='ocrx_word' id='word_1_177' title='bbox 14 2633 15 2636; x_wconf 10' lang='grc' dir='ltr'><strong>Ὶ</strong></span> <span class='ocrx_word' id='word_1_178' title='bbox 109 2590 271 2644; x_wconf 85' lang='grc' dir='ltr'><strong><em>μασιοιτατα</em></strong></span> <span class='ocrx_word' id='word_1_179' title='bbox 290 2572 471 2642; x_wconf 77' lang='grc' dir='ltr'><strong><em>πραξαγορας</em></strong></span> <span class='ocrx_word' id='word_1_180' title='bbox 489 2569 526 2627; x_wconf 88' lang='grc' dir='ltr'><strong>Μ.</strong></span> <span class='ocrx_word' id='word_1_181' title='bbox 546 2603 578 2612; x_wconf 92' lang='grc'>-</span> <span class='ocrx_word' id='word_1_182' title='bbox 600 2577 633 2628; x_wconf 80' lang='lat'><strong>14</strong></span> <span class='ocrx_word' id='word_1_183' title='bbox 651 2567 807 2636; x_wconf 76' lang='grc' dir='ltr'><strong><em>διαπαντός</em></strong></span> <span class='ocrx_word' id='word_1_184' title='bbox 825 2571 892 2626; x_wconf 82' lang='lat' dir='ltr'><strong>MA.</strong></span> <span class='ocrx_word' id='word_1_185' title='bbox 912 2599 945 2610; x_wconf 93' lang='lat'><em>-</em></span> 
     </span>
    </p>
   </div>
   <div class='ocr_carea' id='block_1_6' title="bbox 13 2823 1298 4516">
    <p class='ocr_par' dir='ltr' id='par_1_8' title="bbox 13 2823 1298 4516">
     <span class='ocr_line' id='line_1_22' title="bbox 13 2823 1254 2920; baseline -0.001 -31"><span class='ocrx_word' id='word_1_186' title='bbox 13 2911 16 2920; x_wconf 30' lang='grc' dir='ltr'>Ι</span> <span class='ocrx_word' id='word_1_187' title='bbox 111 2824 314 2910; x_wconf 65' lang='lat' dir='ltr'><strong>Praxagoras</strong></span> <span class='ocrx_word' id='word_1_188' title='bbox 342 2827 375 2888; x_wconf 93' lang='lat' dir='ltr'><strong>et</strong></span> <span class='ocrx_word' id='word_1_189' title='bbox 401 2823 598 2890; x_wconf 78' lang='lat' dir='ltr'><strong>Philotimus</strong></span> <span class='ocrx_word' id='word_1_190' title='bbox 630 2823 848 2912; x_wconf 82' lang='lat' dir='ltr'><strong>desciverunt,</strong></span> <span class='ocrx_word' id='word_1_191' title='bbox 875 2825 930 2911; x_wconf 89' lang='lat' dir='ltr'><strong>qui</strong></span> <span class='ocrx_word' id='word_1_192' title='bbox 957 2825 992 2890; x_wconf 91' lang='lat' dir='ltr'><strong>in</strong></span> <span class='ocrx_word' id='word_1_193' title='bbox 1019 2823 1093 2890; x_wconf 90' lang='lat' dir='ltr'><strong>aliis</strong></span> <span class='ocrx_word' id='word_1_194' title='bbox 1121 2843 1254 2888; x_wconf 84' lang='lat' dir='ltr'><strong>consen·</strong></span> 
     </span>
     <span class='ocr_line' id='line_1_23' title="bbox 13 2929 1254 3017; baseline -0.002 -22"><span class='ocrx_word' id='word_1_195' title='bbox 13 2941 17 2950; x_wconf 89' lang='grc'><em>“</em></span> <span class='ocrx_word' id='word_1_196' title='bbox 111 2933 215 3016; x_wconf 72' lang='lat' dir='ltr'><strong>tiunt3</strong></span> <span class='ocrx_word' id='word_1_197' title='bbox 235 2929 438 2996; x_wconf 76' lang='lat' dir='ltr'><strong>arbitrantur</strong></span> <span class='ocrx_word' id='word_1_198' title='bbox 461 2953 498 2996; x_wconf 86' lang='lat' dir='ltr'><strong>ex</strong></span> <span class='ocrx_word' id='word_1_199' title='bbox 523 2953 557 2996; x_wconf 84' lang='lat' dir='ltr'><strong>se</strong></span> <span class='ocrx_word' id='word_1_200' title='bbox 580 2931 662 3016; x_wconf 89' lang='lat' dir='ltr'><strong>ipsis</strong></span> <span class='ocrx_word' id='word_1_201' title='bbox 686 2931 818 2999; x_wconf 90' lang='lat' dir='ltr'><strong>omnino</strong></span> <span class='ocrx_word' id='word_1_202' title='bbox 841 2933 971 3017; x_wconf 89' lang='lat' dir='ltr'><strong>pulsare</strong></span> <span class='ocrx_word' id='word_1_203' title='bbox 995 2931 1133 2996; x_wconf 77' lang='lat' dir='ltr'><strong>arterias</strong></span> <span class='ocrx_word' id='word_1_204' title='bbox 1157 2933 1254 3014; x_wconf 88' lang='lat' dir='ltr'><strong>atque</strong></span> 
     </span>
     <span class='ocr_line' id='line_1_24' title="bbox 112 3036 1255 3124; baseline -0.003 -20"><span class='ocrx_word' id='word_1_205' title='bbox 112 3040 152 3104; x_wconf 94' lang='lat' dir='ltr'><strong>ob</strong></span> <span class='ocrx_word' id='word_1_206' title='bbox 177 3061 248 3124; x_wconf 79' lang='lat' dir='ltr'><strong>cam</strong></span> <span class='ocrx_word' id='word_1_207' title='bbox 272 3060 349 3122; x_wconf 89' lang='lat' dir='ltr'><strong>rem,</strong></span> <span class='ocrx_word' id='word_1_208' title='bbox 372 3039 400 3103; x_wconf 93' lang='lat' dir='ltr'><strong>si</strong></span> <span class='ocrx_word' id='word_1_209' title='bbox 423 3039 495 3122; x_wconf 90' lang='lat' dir='ltr'><strong>quis</strong></span> <span class='ocrx_word' id='word_1_210' title='bbox 515 3060 644 3105; x_wconf 87' lang='lat' dir='ltr'><strong>carnem</strong></span> <span class='ocrx_word' id='word_1_211' title='bbox 664 3061 702 3105; x_wconf 84' lang='lat' dir='ltr'><strong>ex</strong></span> <span class='ocrx_word' id='word_1_212' title='bbox 726 3039 877 3106; x_wconf 88' lang='lat' dir='ltr'><strong>animalis</strong></span> <span class='ocrx_word' id='word_1_213' title='bbox 897 3061 1032 3124; x_wconf 90' lang='lat' dir='ltr'><strong>corpore</strong></span> <span class='ocrx_word' id='word_1_214' title='bbox 1055 3037 1196 3102; x_wconf 81' lang='lat' dir='ltr'><strong>excisam</strong></span> <span class='ocrx_word' id='word_1_215' title='bbox 1219 3036 1255 3100; x_wconf 91' lang='lat' dir='ltr'><strong>in</strong></span> 
     </span>
     <span class='ocr_line' id='line_1_25' title="bbox 112 3145 1254 3233; baseline -0.004 -22"><span class='ocrx_word' id='word_1_216' title='bbox 112 3147 243 3212; x_wconf 90' lang='lat' dir='ltr'><strong>humum</strong></span> <span class='ocrx_word' id='word_1_217' title='bbox 267 3146 486 3230; x_wconf 83' lang='lat' dir='ltr'><strong>palpitantem</strong></span> <span class='ocrx_word' id='word_1_218' title='bbox 504 3147 699 3231; x_wconf 65' lang='lat' dir='ltr'><strong>deposuerit,</strong></span> <span class='ocrx_word' id='word_1_219' title='bbox 722 3147 893 3233; x_wconf 90' lang='lat' dir='ltr'><strong>perspicue</strong></span> <span class='ocrx_word' id='word_1_220' title='bbox 912 3145 1105 3211; x_wconf 80' lang='lat' dir='ltr'><strong>arteriarum</strong></span> <span class='ocrx_word' id='word_1_221' title='bbox 1128 3146 1254 3209; x_wconf 91' lang='lat' dir='ltr'><strong>motum</strong></span> 
     </span>
     <span class='ocr_line' id='line_1_26' title="bbox 113 3249 1298 3340; baseline -0.001 -21"><span class='ocrx_word' id='word_1_222' title='bbox 113 3253 325 3320; x_wconf 80' lang='lat' dir='ltr'><strong>animadverti</strong></span> <span class='ocrx_word' id='word_1_223' title='bbox 353 3275 459 3337; x_wconf 88' lang='lat' dir='ltr'><strong>posse.</strong></span> <span class='ocrx_word' id='word_1_224' title='bbox 506 3251 637 3319; x_wconf 85' lang='lat' dir='ltr'><strong>Nollem</strong></span> <span class='ocrx_word' id='word_1_225' title='bbox 670 3255 816 3340; x_wconf 86' lang='lat' dir='ltr'><strong>profecto</strong></span> <span class='ocrx_word' id='word_1_226' title='bbox 849 3253 929 3319; x_wconf 90' lang='lat' dir='ltr'><strong>adeo</strong></span> <span class='ocrx_word' id='word_1_227' title='bbox 962 3276 981 3316; x_wconf 87' lang='lat' dir='ltr'><strong>a</strong></span> <span class='ocrx_word' id='word_1_228' title='bbox 1012 3251 1059 3317; x_wconf 89' lang='lat' dir='ltr'><strong>rei</strong></span> <span class='ocrx_word' id='word_1_229' title='bbox 1092 3249 1255 3316; x_wconf 83' lang='lat' dir='ltr'><strong>evidentia</strong></span> <span class='ocrx_word' id='word_1_230' title='bbox 1287 3305 1298 3318; x_wconf 91' lang='lat'><strong><em>.</em></strong></span> 
     </span>
     <span class='ocr_line' id='line_1_27' title="bbox 114 3359 1254 3446; baseline -0.005 -20"><span class='ocrx_word' id='word_1_231' title='bbox 114 3363 279 3426; x_wconf 87' lang='lat' dir='ltr'><strong>aberrasse</strong></span> <span class='ocrx_word' id='word_1_232' title='bbox 303 3363 414 3426; x_wconf 87' lang='lat' dir='ltr'><strong>tantos</strong></span> <span class='ocrx_word' id='word_1_233' title='bbox 438 3360 536 3443; x_wconf 82' lang='lat' dir='ltr'><strong>viros,</strong></span> <span class='ocrx_word' id='word_1_234' title='bbox 558 3363 595 3424; x_wconf 91' lang='lat' dir='ltr'><strong>ut</strong></span> <span class='ocrx_word' id='word_1_235' title='bbox 617 3359 867 3446; x_wconf 81' lang='lat' dir='ltr'><strong>palpitationem</strong></span> <span class='ocrx_word' id='word_1_236' title='bbox 891 3383 911 3426; x_wconf 94' lang='lat' dir='ltr'><strong>a</strong></span> <span class='ocrx_word' id='word_1_237' title='bbox 937 3360 1033 3444; x_wconf 85' lang='lat' dir='ltr'><strong>pulsu</strong></span> <span class='ocrx_word' id='word_1_238' title='bbox 1055 3359 1254 3442; x_wconf 82' lang='lat' dir='ltr'><strong>distinguere</strong></span> 
     </span>
     <span class='ocr_line' id='line_1_28' title="bbox 112 3465 1254 3552; baseline -0.004 -20"><span class='ocrx_word' id='word_1_239' title='bbox 112 3489 175 3532; x_wconf 90' lang='lat' dir='ltr'><strong>non</strong></span> <span class='ocrx_word' id='word_1_240' title='bbox 199 3471 341 3552; x_wconf 83' lang='lat' dir='ltr'><strong>possent</strong></span> <span class='ocrx_word' id='word_1_241' title='bbox 387 3467 450 3544; x_wconf 81' lang='lat' dir='ltr'><strong>Qui</strong></span> <span class='ocrx_word' id='word_1_242' title='bbox 473 3489 551 3532; x_wconf 87' lang='lat' dir='ltr'><strong>sane</strong></span> <span class='ocrx_word' id='word_1_243' title='bbox 574 3471 610 3532; x_wconf 87' lang='lat' dir='ltr'><strong>ut</strong></span> <span class='ocrx_word' id='word_1_244' title='bbox 632 3466 704 3550; x_wconf 82' lang='lat' dir='ltr'><strong>hoc,</strong></span> <span class='ocrx_word' id='word_1_245' title='bbox 726 3467 775 3532; x_wconf 90' lang='lat' dir='ltr'><strong>ita</strong></span> <span class='ocrx_word' id='word_1_246' title='bbox 797 3468 878 3533; x_wconf 87' lang='lat' dir='ltr'><strong>illud</strong></span> <span class='ocrx_word' id='word_1_247' title='bbox 905 3488 1100 3552; x_wconf 79' lang='lat' dir='ltr'><strong>cognoscere</strong></span> <span class='ocrx_word' id='word_1_248' title='bbox 1127 3465 1254 3548; x_wconf 89' lang='lat' dir='ltr'><strong>debent,</strong></span> 
     </span>
     <span class='ocr_line' id='line_1_29' title="bbox 114 3571 1253 3661; baseline 0 -25"><span class='ocrx_word' id='word_1_249' title='bbox 114 3574 139 3637; x_wconf 88' lang='lat' dir='ltr'><strong>si</strong></span> <span class='ocrx_word' id='word_1_250' title='bbox 163 3573 266 3639; x_wconf 88' lang='lat' dir='ltr'><strong>solam</strong></span> <span class='ocrx_word' id='word_1_251' title='bbox 289 3573 445 3638; x_wconf 86' lang='lat' dir='ltr'><strong>excideris</strong></span> <span class='ocrx_word' id='word_1_252' title='bbox 474 3573 642 3656; x_wconf 87' lang='lat' dir='ltr'><strong>arteriam,</strong></span> <span class='ocrx_word' id='word_1_253' title='bbox 669 3596 735 3640; x_wconf 91' lang='lat' dir='ltr'><strong>non</strong></span> <span class='ocrx_word' id='word_1_254' title='bbox 758 3575 878 3661; x_wconf 89' lang='lat' dir='ltr'><strong>agitari</strong></span> <span class='ocrx_word' id='word_1_255' title='bbox 900 3596 959 3640; x_wconf 89' lang='lat' dir='ltr'><strong>nee</strong></span> <span class='ocrx_word' id='word_1_256' title='bbox 982 3575 1102 3660; x_wconf 82' lang='lat' dir='ltr'><strong>magis,</strong></span> <span class='ocrx_word' id='word_1_257' title='bbox 1129 3573 1158 3636; x_wconf 89' lang='lat' dir='ltr'><strong>si</strong></span> <span class='ocrx_word' id='word_1_258' title='bbox 1185 3571 1253 3636; x_wconf 80' lang='lat' dir='ltr'><strong>rin-</strong></span> 
     </span>
     <span class='ocr_line' id='line_1_30' title="bbox 114 3679 1253 3764; baseline -0.002 -20"><span class='ocrx_word' id='word_1_259' title='bbox 114 3680 181 3745; x_wconf 88' lang='lat' dir='ltr'><strong>eulo</strong></span> <span class='ocrx_word' id='word_1_260' title='bbox 205 3679 425 3744; x_wconf 87' lang='lat' dir='ltr'><strong>intercluseris</strong></span> <span class='ocrx_word' id='word_1_261' title='bbox 448 3679 554 3745; x_wconf 85' lang='lat' dir='ltr'><strong>adhue</strong></span> <span class='ocrx_word' id='word_1_262' title='bbox 577 3701 650 3745; x_wconf 91' lang='lat' dir='ltr'><strong>eum</strong></span> <span class='ocrx_word' id='word_1_263' title='bbox 678 3681 773 3746; x_wconf 89' lang='lat' dir='ltr'><strong>corde</strong></span> <span class='ocrx_word' id='word_1_264' title='bbox 801 3703 965 3747; x_wconf 82' lang='lat' dir='ltr'><strong>conexam.</strong></span> <span class='ocrx_word' id='word_1_265' title='bbox 1010 3679 1111 3764; x_wconf 83' lang='lat' dir='ltr'><strong>Atqui</strong></span> <span class='ocrx_word' id='word_1_266' title='bbox 1135 3679 1253 3743; x_wconf 89' lang='lat' dir='ltr'><strong>mirum</strong></span> 
     </span>
     <span class='ocr_line' id='line_1_31' title="bbox 114 3785 1252 3873; baseline 0 -24"><span class='ocrx_word' id='word_1_267' title='bbox 114 3791 174 3869; x_wconf 86' lang='lat' dir='ltr'><strong>est,</strong></span> <span class='ocrx_word' id='word_1_268' title='bbox 197 3807 270 3850; x_wconf 88' lang='lat' dir='ltr'><strong>cum</strong></span> <span class='ocrx_word' id='word_1_269' title='bbox 297 3789 390 3851; x_wconf 75' lang='lat' dir='ltr'><strong>ertm</strong></span> <span class='ocrx_word' id='word_1_270' title='bbox 418 3785 568 3852; x_wconf 88' lang='lat' dir='ltr'><strong>animalis</strong></span> <span class='ocrx_word' id='word_1_271' title='bbox 597 3809 713 3873; x_wconf 88' lang='lat' dir='ltr'><strong>corpus</strong></span> <span class='ocrx_word' id='word_1_272' title='bbox 741 3791 805 3872; x_wconf 82' lang='lat' dir='ltr'><strong>est,</strong></span> <span class='ocrx_word' id='word_1_273' title='bbox 831 3809 898 3855; x_wconf 89' lang='lat' dir='ltr'><strong>non</strong></span> <span class='ocrx_word' id='word_1_274' title='bbox 922 3789 1027 3855; x_wconf 89' lang='lat' dir='ltr'><strong>solum</strong></span> <span class='ocrx_word' id='word_1_275' title='bbox 1051 3786 1170 3870; x_wconf 86' lang='lat' dir='ltr'><strong>cordis,</strong></span> <span class='ocrx_word' id='word_1_276' title='bbox 1197 3786 1252 3850; x_wconf 88' lang='lat' dir='ltr'><strong>sed</strong></span> 
     </span>
     <span class='ocr_line' id='line_1_32' title="bbox 116 3893 1253 3978; baseline -0.001 -21"><span class='ocrx_word' id='word_1_277' title='bbox 116 3893 210 3958; x_wconf 88' lang='lat' dir='ltr'><strong>etiam</strong></span> <span class='ocrx_word' id='word_1_278' title='bbox 239 3893 384 3959; x_wconf 88' lang='lat' dir='ltr'><strong>omnium</strong></span> <span class='ocrx_word' id='word_1_279' title='bbox 412 3893 550 3959; x_wconf 88' lang='lat' dir='ltr'><strong>aliarum</strong></span> <span class='ocrx_word' id='word_1_280' title='bbox 577 3895 719 3978; x_wconf 89' lang='lat' dir='ltr'><strong>partium</strong></span> <span class='ocrx_word' id='word_1_281' title='bbox 748 3895 923 3960; x_wconf 86' lang='lat' dir='ltr'><strong>conexione</strong></span> <span class='ocrx_word' id='word_1_282' title='bbox 950 3893 1253 3978; x_wconf 87' lang='lat' dir='ltr'><strong>conspirationeque</strong></span> 
     </span>
     <span class='ocr_line' id='line_1_33' title="bbox 115 3999 1253 4088; baseline 0 -24"><span class='ocrx_word' id='word_1_283' title='bbox 115 4000 240 4066; x_wconf 87' lang='lat' dir='ltr'><strong>sublata</strong></span> <span class='ocrx_word' id='word_1_284' title='bbox 268 4021 340 4066; x_wconf 89' lang='lat' dir='ltr'><strong>eam</strong></span> <span class='ocrx_word' id='word_1_285' title='bbox 367 4000 468 4066; x_wconf 89' lang='lat' dir='ltr'><strong>libere</strong></span> <span class='ocrx_word' id='word_1_286' title='bbox 495 4001 640 4088; x_wconf 86' lang='lat' dir='ltr'><strong>pulsare,</strong></span> <span class='ocrx_word' id='word_1_287' title='bbox 672 4001 728 4067; x_wconf 90' lang='lat' dir='ltr'><strong>ubi</strong></span> <span class='ocrx_word' id='word_1_288' title='bbox 759 4023 835 4067; x_wconf 85' lang='lat' dir='ltr'><strong>vero</strong></span> <span class='ocrx_word' id='word_1_289' title='bbox 863 4001 975 4065; x_wconf 88' lang='lat' dir='ltr'><strong>iuncta</strong></span> <span class='ocrx_word' id='word_1_290' title='bbox 1002 4021 1075 4066; x_wconf 89' lang='lat' dir='ltr'><strong>oum</strong></span> <span class='ocrx_word' id='word_1_291' title='bbox 1103 3999 1253 4066; x_wconf 89' lang='lat' dir='ltr'><strong>omnibus</strong></span> 
     </span>
     <span class='ocr_line' id='line_1_34' title="bbox 115 4107 1251 4193; baseline 0.001 -23"><span class='ocrx_word' id='word_1_292' title='bbox 115 4109 171 4190; x_wconf 85' lang='lat' dir='ltr'><strong>eat,</strong></span> <span class='ocrx_word' id='word_1_293' title='bbox 194 4107 289 4192; x_wconf 87' lang='lat' dir='ltr'><strong>pulsu</strong></span> <span class='ocrx_word' id='word_1_294' title='bbox 313 4107 436 4192; x_wconf 82' lang='lat' dir='ltr'><strong>privari</strong></span> <span class='ocrx_word' id='word_1_295' title='bbox 454 4108 571 4193; x_wconf 84' lang='lat' dir='ltr'><strong>laqueo</strong></span> <span class='ocrx_word' id='word_1_296' title='bbox 590 4109 810 4174; x_wconf 88' lang='lat' dir='ltr'><strong>interclusam.</strong></span> <span class='ocrx_word' id='word_1_297' title='bbox 844 4108 892 4172; x_wconf 81' lang='lat' dir='ltr'><strong>At</strong></span> <span class='ocrx_word' id='word_1_298' title='bbox 909 4108 995 4172; x_wconf 91' lang='lat' dir='ltr'><strong>enim</strong></span> <span class='ocrx_word' id='word_1_299' title='bbox 1013 4129 1054 4171; x_wconf 90' lang='lat' dir='ltr'><strong>ne</strong></span> <span class='ocrx_word' id='word_1_300' title='bbox 1073 4111 1165 4171; x_wconf 84' lang='lat' dir='ltr'><strong>extra</strong></span> <span class='ocrx_word' id='word_1_301' title='bbox 1183 4128 1251 4172; x_wconf 88' lang='lat' dir='ltr'><strong>eor-</strong></span> 
     </span>
     <span class='ocr_line' id='line_1_35' title="bbox 115 4213 1251 4302; baseline -0.001 -22"><span class='ocrx_word' id='word_1_302' title='bbox 115 4215 200 4298; x_wconf 88' lang='lat' dir='ltr'><strong>poris</strong></span> <span class='ocrx_word' id='word_1_303' title='bbox 219 4214 349 4298; x_wconf 88' lang='lat' dir='ltr'><strong>quidem</strong></span> <span class='ocrx_word' id='word_1_304' title='bbox 372 4235 573 4300; x_wconf 82' lang='lat' dir='ltr'><strong>compagem,</strong></span> <span class='ocrx_word' id='word_1_305' title='bbox 592 4214 721 4302; x_wconf 88' lang='lat' dir='ltr'><strong>egregie</strong></span> <span class='ocrx_word' id='word_1_306' title='bbox 741 4213 936 4300; x_wconf 82' lang='lat' dir='ltr'><strong>Praxagore,</strong></span> <span class='ocrx_word' id='word_1_307' title='bbox 958 4213 1101 4298; x_wconf 86' lang='lat' dir='ltr'><strong>palpitat</strong></span> <span class='ocrx_word' id='word_1_308' title='bbox 1119 4213 1251 4279; x_wconf 88' lang='lat' dir='ltr'><strong>omnino</strong></span> 
     </span>
     <span class='ocr_line' id='line_1_36' title="bbox 115 4319 1251 4407; baseline -0.002 -21"><span class='ocrx_word' id='word_1_309' title='bbox 115 4344 149 4386; x_wconf 87' lang='lat' dir='ltr'><strong>ex</strong></span> <span class='ocrx_word' id='word_1_310' title='bbox 167 4321 300 4387; x_wconf 88' lang='lat' dir='ltr'><strong>animali</strong></span> <span class='ocrx_word' id='word_1_311' title='bbox 315 4321 431 4388; x_wconf 80' lang='lat' dir='ltr'><strong>excisa</strong></span> <span class='ocrx_word' id='word_1_312' title='bbox 465 4319 528 4386; x_wconf 82' lang='lat' dir='ltr'><strong>Sed</strong></span> <span class='ocrx_word' id='word_1_313' title='bbox 547 4321 623 4407; x_wconf 90' lang='lat' dir='ltr'><strong>quid</strong></span> <span class='ocrx_word' id='word_1_314' title='bbox 642 4344 716 4388; x_wconf 90' lang='lat' dir='ltr'><strong>eum</strong></span> <span class='ocrx_word' id='word_1_315' title='bbox 729 4321 792 4388; x_wconf 91' lang='lat' dir='ltr'><strong>hae</strong></span> <span class='ocrx_word' id='word_1_316' title='bbox 809 4323 845 4387; x_wconf 94' lang='lat' dir='ltr'><strong>in</strong></span> <span class='ocrx_word' id='word_1_317' title='bbox 859 4343 893 4385; x_wconf 89' lang='lat' dir='ltr'><strong>re</strong></span> <span class='ocrx_word' id='word_1_318' title='bbox 907 4320 1054 4385; x_wconf 83' lang='lat' dir='ltr'><strong>refellere</strong></span> <span class='ocrx_word' id='word_1_319' title='bbox 1069 4321 1251 4386; x_wconf 88' lang='lat' dir='ltr'><strong>contendo?</strong></span> 
     </span>
     <span class='ocr_line' id='line_1_37' title="bbox 116 4427 1250 4516; baseline 0 -22"><span class='ocrx_word' id='word_1_320' title='bbox 116 4427 195 4494; x_wconf 83' lang='lat' dir='ltr'><strong>Satis</strong></span> <span class='ocrx_word' id='word_1_321' title='bbox 224 4432 274 4494; x_wconf 87' lang='lat' dir='ltr'><strong>est</strong></span> <span class='ocrx_word' id='word_1_322' title='bbox 303 4428 482 4496; x_wconf 87' lang='lat' dir='ltr'><strong>ostendisse</strong></span> <span class='ocrx_word' id='word_1_323' title='bbox 517 4429 605 4498; x_wconf 86' lang='lat' dir='ltr'><strong>solas</strong></span> <span class='ocrx_word' id='word_1_324' title='bbox 639 4429 776 4495; x_wconf 84' lang='lat' dir='ltr'><strong>arterias</strong></span> <span class='ocrx_word' id='word_1_325' title='bbox 809 4431 901 4495; x_wconf 89' lang='lat' dir='ltr'><strong>motu</strong></span> <span class='ocrx_word' id='word_1_326' title='bbox 928 4431 961 4492; x_wconf 89' lang='lat' dir='ltr'><strong>et</strong></span> <span class='ocrx_word' id='word_1_327' title='bbox 991 4428 1087 4516; x_wconf 90' lang='lat' dir='ltr'><strong>pulsu</strong></span> <span class='ocrx_word' id='word_1_328' title='bbox 1117 4449 1250 4516; x_wconf 90' lang='lat' dir='ltr'><strong>prorsus</strong></span> 
     </span>
    </p>
   </div>
   <div class='ocr_carea' id='block_1_7' title="bbox 0 0 1606 5192">
    <p class='ocr_par' dir='ltr' id='par_1_9' title="bbox 0 0 1606 5192">
     <span class='ocr_line' id='line_1_38' title="bbox 0 0 1606 5192; baseline 0 0"><span class='ocrx_word' id='word_1_329' title='bbox 0 0 1606 5192; x_wconf 95' lang='lat' dir='ltr'><strong> </strong></span> 
     </span>
    </p>
   </div>
  </div>
 </body>
</html>
