3296 5150
330 477 339 506 ,
604 424 845 488 -413—

30 641 31 644 ,
144 577 202 658 τὰς
234 576 355 665 ψυχάς,
388 586 478 665 εἰπερ
505 577 588 665 μηδὲ
622 579 742 648 ἐκείνοι
773 581 814 648 τὰ
847 581 991 670 σώματα.
1041 578 1124 652 ἀλλὰ
1152 582 1194 670 νὴ
1225 589 1293 652 Δια
1303 604 1357 660 432

145 684 244 773 φήσει
274 713 323 765 τις
351 693 431 766 ἴσως
456 687 524 753 τῶν
547 690 723 770 Στωικῶν,
751 685 859 777 ὥσπερ
889 679 952 758 οὖν
973 690 1029 758 καί
1052 690 1223 776 λέγουσιν,
1252 686 1294 758 οὐ

140 787 207 882 τὴν
231 791 337 880 αὐτὴν
365 787 550 926 ἀναλογίαν
572 790 658 862 εἶναι
681 798 720 884 τῆ
748 799 836 884 ψυχῇ
864 796 946 884 πρὸς
968 824 1005 866 το
1030 799 1125 884 σῶμα
1153 796 1236 864 κατά
1259 823 1293 866 τε

146 899 186 968 τὰ
209 900 303 987 πάθη
326 899 381 967 καί
404 897 444 966 τὰ
468 899 639 988 νοσήματα
661 900 772 968 καί
739 927 801 988 την
824 901 964 990 ὑγιᾝειαν
1009 911 1044 972 τί
1063 927 1142 972 ποτε
1165 895 1293 986 οὖν,ὦ

146 1009 321 1094 βέλτιστοι,
344 1011 491 1093 φαίημεν
513 1001 555 1073 ἂν
578 1003 672 1094 ἡμεῖς
694 1005 777 1095 πρὸς
800 1005 933 1096 αὐτούς,
956 1011 1094 1093 εἰκάζετε
1118 1024 1188 1088 τοῖς
1210 1009 1320 1078 cordo

146 1114 183 1184 τὸ
208 1119 302 1202 σῶμα
325 1113 452 1182 πάθεσί
476 1138 509 1179 τε
533 1113 588 1180 καί
612 1112 775 1202 νοσήμασι
799 1114 838 1184 τὰ
862 1121 920 1205 τῆς
942 1121 1049 1206 ψυχῆς
1071 1117 1178 1203 τάθη·
1201 1122 1237 1184 τί
1257 1117 1293 1184 di

148 1221 341 1308 Χρύσιππος
369 1221 405 1287 ἰν
433 1223 477 1310 τῷ
511 1220 584 1307 περὶ
611 1225 733 1289 παθεῖν
765 1219 874 1314 ἠθικῷ
909 1223 1029 1310 γράφει
1061 1231 1168 1292 ταυτί.
1200 1222 1294 1293 ὀὔτε

148 1326 225 1416 (μὰρ
247 1327 322 1414 περὶ
344 1325 381 1394 τὸ
406 1329 532 1394 νοσοῦν
556 1325 649 1414 σῶμά
669 1328 745 1395 ’ἐστί
765 1354 814 1408 τις
843 1330 955 1416 τέχνη,
983 1325 1026 1416 ἣν
1048 1330 1294 1419 προσαγορεύο-

149 1437 223 1522 (μεν
250 1432 417 1521 ἰατρικήν,
445 1429 518 1522 οὐχὶ
551 1433 587 1502 di
615 1435 669 1502 καὶ
697 1436 771 1522 περὶ
799 1435 861 1523 τὴν
889 1440 1058 1505 νοσοῦσαν
1087 1437 1197 1524 ψυχήν
1226 1439 1297 1506 ἐστί

150 1545 210 1622 ‘teg
236 1542 349 1627 τέχνη,
377 1537 453 1606 οὕτε
477 1541 514 1606 ἐν
539 1542 579 1628 τῇ
607 1540 688 1608 κατὰ
715 1543 815 1629 μέρος
837 1549 964 1631 θεωρίᾳ
991 1569 1026 1610 τε
1053 1545 1108 1612 καί
1131 1551 1293 1634 θεραπείᾳ
1309 1573 1333 1612 ιο

150 1651 216 1716 ‘der'
242 1653 414 1716 λείπεσθαι
441 1645 566 1734 ταύτην
596 1648 731 1735 ἐκείνης.
786 1647 838 1717 διὸ
867 1654 937 1732 καί,
965 1648 1117 1739 καθάπερ
1145 1655 1190 1743 τῷ
1218 1653 1293 1740 τιερί

150 1755 201 1824 ‘ric
224 1753 359 1842 σώματα
383 1757 484 1844 ἰατρῷ
507 1753 647 1841 καθήκει
670 1759 738 1822 τῶν
760 1769 794 1823 τε
818 1754 1074 1841 συμβαινόντων
1097 1755 1211 1838 αὐτοῖς
1233 1784 1293 1827 τια-

149 1865 235 1930 ‘dciv
259 1860 353 1940 ἐντὸς
376 1857 479 1945 εἶναι,
507 1858 552 1942 ὡς
574 1861 714 1930 εἰώθασι
737 1867 835 1932 τοῦτο
859 1864 982 1950 λέγειν,
1009 1865 1063 1930 καί
1086 1869 1145 1952 τῆς
1168 1864 1291 1956 ἑκάστῳ

148 1972 283 2049 οἰκείας
304 1973 448 2056 θεραπεί
446 1993 499 2052 ας,
528 1964 614 2035 οὕτω
637 1970 692 2037 καὶ
714 1996 759 2062 τρι
783 1974 841 2057 τῆς
864 1973 970 2058 ψυχῆς
997 1975 1098 2062 ἰατρῷ
1126 1971 1292 2058 ἐκιβαλλει

149 2074 359 2166 αμφοτὲρων
381 2073 510 2144 τούτων
533 2073 679 2154 ἐντὸς
649 2101 747 2160 ειναι,
769 2073 815 2155 ὡς
837 2081 887 2144 ἔνι
910 2075 1038 2164 αριστα.
1082 2077 1180 2146 καὶ”
1161 2105 1212 2146 οτι
1236 2077 1331 2152 cir-15

148 2187 224 2263 τως
251 2189 332 2270 ἔχει,
359 2179 508 2270 μάθοι”
488 2209 531 2248 αν
557 2209 606 2262 τις
632 2209 690 2269 της
715 2181 799 2270 πρὸς
824 2187 926 2251 ταῦτα
950 2181 1129 2270 ἀναλογίας
1155 2210 1292 2272 καρατε

148 2411 348 2542 ΜΔιιιΒὲιῖῚείνης
371 2414 399 2468 Μ
418 2413 497 2470 Corn.
522 2409 642 2477 ἐκείνοις
665 2414 806 2482 ΑΒΟἰιΚς
832 2415 866 2470 of.
890 2416 974 2472 Proli.
999 2435 1025 2488 p.
1046 2423 1147 2474 21.—
1175 2425 1207 2473 16
1233 2415 1292 2488 ἔχοι

148 2725 317 2809 aegrotare
335 2723 493 2808 dicuntur,
516 2723 544 2788 si
567 2723 696 2808 quidem
719 2745 760 2790 ne
783 2725 832 2790 ilii
855 2723 985 2809 quidem
1003 2746 1147 2811 corpore.
1183 2726 1291 2794 Forsi-

147 2835 205 2896 tan
228 2830 391 2914 quispiam
414 2829 597 2897 Stoicorum
620 2831 751 2917 dixerit,
774 2837 811 2896 ut
833 2833 953 2916 solent,
975 2855 1041 2899 non
1064 2834 1197 2900 eandem
1221 2857 1290 2899 esse

148 2938 250 3004 animi
264 2942 296 3001 et
311 2937 455 3022 corporis
474 2938 509 3003 in
527 2939 706 3018 affectibus,
724 2939 857 3025 morbis,
876 2940 1017 3004 sanitate
1036 2941 1290 3006 similitudinem.

148 3045 230 3122 Quid
263 3065 359 3131 ergo,
387 3045 464 3111 boni
497 3044 572 3130 viri,
601 3047 745 3130 eorporis
775 3047 944 3111 affectibus
972 3050 1005 3110 et
1037 3047 1160 3112 morbis
1189 3048 1290 3112 animi

146 3153 408 3237 perturbationes
427 3154 601 3218 adsimulat
587 3153 652 3216 tis?
690 3151 773 3228 Quid
792 3150 1026 3238 Chrysippus
1017 3175 1051 3217 ιιι
1069 3153 1154 3218 libro
1173 3153 1290 3218 morab

147 3259 186 3322 de
215 3260 516 3345 perturbationibus
548 3261 597 3325 ita
632 3258 760 3324 scribit:
815 3257 1155 3346 Quemadmodum
1191 3260 1289 3324 enim

148 3387 206 3430 res
234 3389 307 3434 non
335 3368 366 3432 it
372 3391 392 3432 a
415 3389 453 3432 se
484 3367 665 3450 habet,u
670 3365 758 3430 tad
791 3386 927 3449 corpus
955 3345 1105 3450 quidem
1134 3387 1289 3452 aegrum
1403 3410 1410 3422 -

148 3478 297 3554 spectet
320 3497 381 3540 ars
405 3474 603 3559 quaedam,
626 3494 737 3556 quam
760 3471 988 3537 medicinam
1011 3495 1289 3592 nuncupamus,

148 3577 193 3641 ad
212 3579 378 3644 animum
398 3602 555 3667 aegrum
573 3580 682 3644 nulla
701 3581 895 3663 spectet,1
884 3579 941 3644 ita
959 3601 1003 3644 no
1022 3579 1061 3644 in
1079 3580 1289 3665 singulari·

149 3684 277 3749 buset
263 3689 364 3750 ttar
368 3687 400 3752 is
428 3691 466 3752 et
492 3688 710 3754 curationis
742 3691 830 3770 part
816 3687 920 3752 tibus
952 3686 1045 3751 haec
1077 3687 1148 3751 illa
1175 3687 1289 3752 debet

148 3813 229 3856 esse
266 3793 439 3859 inferior.
498 3794 755 3879 Quapropter,
793 3792 911 3859 sicuti
944 3795 1135 3878 corporis
1148 3793 1288 3858 medici

148 3903 206 3964 est
232 3900 272 3964 in
299 3901 457 3983 morbis,
485 3902 549 3984 qui
573 3845 802 3985 corporibus
833 3900 1027 3984 accidunt,
1057 3921 1287 3987 cognoscen-

147 4005 205 4071 dis
230 4007 573 4092 curationibusquc
601 4007 807 4092 unicuique
835 4007 969 4092 generi
999 4007 1287 4073 accommodan-

146 4115 204 4180 dis
224 4121 418 4180 versatum
438 4138 536 4199 essc,
560 4119 602 4178 ut
620 4115 747 4180 dicere
766 4116 908 4199 solent,
925 4116 982 4179 ita
1000 4115 1119 4179 animi
1139 4114 1286 4180 medico

147 4223 327 4290 convenit
350 4224 389 4288 in
416 4221 487 4288 hac
511 4227 671 4307 utraque
699 4225 953 4287 reversatum
977 4244 1059 4286 esse
1087 4243 1197 4306 quam
1221 4243 1285 4305 op·

146 4331 237 4396 time
269 4335 409 4416 potest.
466 4331 508 4395 Id
538 4353 629 4397 vero
661 4331 718 4394 ita
750 4353 788 4394 se
818 4329 973 4412 habero,
1008 4329 1043 4392 si
1070 4329 1155 4412 quis
1187 4327 1286 4394 hano

146 4440 435 4524 proportionem
471 4459 491 4502 a
523 4437 717 4522 principio
755 4437 930 4502 conferre
966 4436 1149 4521 voluerit,
1187 4435 1285 4504 satis
