3228 5148
1015 1177 1269 1249 mmmm

278 1335 310 1352 ..
331 1281 368 1352 τὸ
391 1282 536 1370 πάμπαν.
560 1281 644 1352 tlt&
666 1281 822 1352 κάκείνου
849 1281 886 1351 τὸ
911 1282 1046 1371 συνεχές
1072 1288 1117 1375 τῷ
1146 1285 1271 1376 στέρνῳ

119 1389 319 1478 διασεσήπει
342 1389 397 1458 καὶ
420 1381 463 1478 ἦν
491 1389 579 1459 οὕτω
603 1394 717 1478 σαφῶς
739 1390 931 1458 θεάσασθαι
957 1389 1021 1476 τὴν
1042 1395 1201 1478 καρδίαν,
1228 1389 1273 1471 ὡς

119 1493 189 1562 κάν
211 1511 283 1576 ταῖς
304 1501 374 1564 τάν
393 1494 485 1588 {riou
503 1493 694 1585 ἀνατομαῖς,
718 1494 853 1564 ἐπειδάν
872 1495 1002 1575 ἑκόντες
1019 1493 1272 1584 άναγυμνωμεν.

119 1601 161 1670 τὸ
188 1601 252 1689 μὲν
278 1595 342 1671 οὖν
364 1601 546 1690 παιδάριον
574 1603 686 1690 έσάθη
711 1605 958 1689 σαρκωθέντων
983 1629 1018 1670 τε
1045 1605 1114 1670 τάν
1136 1604 1210 1690 περὶ
1232 1602 1271 1671 τὸ

119 1711 268 1796 στέρνον
295 1711 350 1777 καὶ
378 1709 584 1798 συμφάντωυ
615 1706 771 1797 άλίήίοις
802 1709 858 1777 καὶ
884 1708 1041 1777 τοιούτου
1073 1709 1299 1797 ἐπιθέματος5

120 1817 319 1902 γενομένων
346 1821 404 1904 τῆς
430 1821 584 1904 καρδίας,
612 1810 687 1885 οἷόν
714 1841 775 1905 περ
803 1812 823 1904 ἡ
852 1821 1043 1903 ἔμπροσθεν
1069 1807 1112 1904 ἦν
1139 1814 1271 1904 κορυφὴ

120 1925 188 1990 τοῦ
215 1926 384 2009 χιτῶνος.Δ
416 1924 471 1992 καὶ
504 1920 545 1992 οὐ
578 1921 639 2012 χρὴ
669 1921 865 2010 θαυμάζειν,
898 1927 929 1989 εί
955 1929 1189 2011 γυμνωθείσης
1215 1927 1273 2010 τῆς

120 2033 267 2116 καρδίας
293 2031 298 2116 Ι
326 2030 438 2117 έσοίθη
466 2029 503 2098 τὸ
533 2030 723 2119 παιδάριον.
773 2026 876 2098 οὐδέν
902 2029 967 2117 γάρ
993 2028 1225 2118 περιττότερον
1249 2027 1336 2116 llos

121 2134 281 2216 διάθεσις
303 2133 368 2223 εἶχε
390 2141 459 2206 τῶν
481 2135 642 2226 ὁσημέραι
666 2137 854 2223 γινομένων
878 2141 924 2216 είς
946 2135 1007 2206 τὸν
1029 2136 1170 2223 θώρακα
1193 2155 1272 2203 συν-

119 2241 285 2328 τρὴσεων.
322 2239 363 2312 οὐ
381 2243 448 2332 μὴν
468 2241 547 2314 οὐδὲ
566 2242 584 2312 ὁ
604 2243 816 2332 περικάρδιος
835 2247 925 2312 ίδιον
939 2245 1107 2330 ἐξαίρετον
1126 2243 1313 2328 ἐπιφέρειν)

122 2347 204 2416 τινὰ
231 2353 409 2436 κίνδυνον,
437 2348 546 2439 ὥσπερ
574 2376 639 2419 που
666 2351 721 2418 καί
749 2348 931 2437 Ἡρόφιλος
958 2358 1067 2436 εἴρηκε
1094 2349 1149 2416 καί
1177 2346 1273 2417 ἄλλοι

121 2457 245 2523 πολλοὶ
273 2461 341 2525 τῶν
369 2461 503 2545 ἰατρῶν.
558 2455 634 2526 οὔτε
667 2449 730 2524 οὖν
757 2453 794 2524 τὸ
827 2455 1007 2544 παιδάριον
1040 2456 1147 2524 έκεῖνο
1180 2453 1268 2543 παρὰ

237 2655 396 2708 Αοκοτκτιο
414 2673 528 2723 οιιτιοι.

163 2741 296 2809 Γαληνοῦ
329 2743 394 2812 περὶ
426 2743 482 2798 τῶν
506 2737 706 2811 Ἱπποκράτους
733 2743 782 2797 καί
808 2736 960 2803 Πλάτωνος
985 2738 1135 2814 δογμάτων
1165 2745 1273 2816 βιβλίον

123 2813 240 2878 πρῶτον
253 2806 402 2882 ἀκέφαλον
416 2813 446 2870 0.
466 2845 499 2854 -
518 2809 550 2869 τὸ
570 2811 689 2884 πάμπαν
704 2813 738 2880 03
758 2831 812 2868 om.
828 2811 887 2866 cai.
902 2811 943 2866 Ch
960 2813 992 2868 ll.
1007 2845 1042 2854 -
1060 2809 1092 2869 τὸ
1113 2816 1178 2868 onte
1193 2833 1273 2869 ουνε-

124 2883 176 2952 χές
194 2899 249 2938 om.
270 2883 304 2950 C,
324 2885 387 2940 odd.
407 2885 463 2941 eci.
485 2917 517 2926 -
537 2881 568 2940 τὸ
589 2885 693 2958 στέρνῳ
708 2885 765 2940 esi.
787 2884 828 2940 Ch
852 2885 889 2939 roi
909 2902 948 2941 στ.
968 2885 998 2940 C.
1018 2916 1052 2925 -
1071 2893 1086 2940 2
1105 2881 1274 2954 διασεσήπει

127 2953 149 3008 C
170 2953 231 3008 Coi.
255 2956 325 3010 διεσ.
350 2956 391 3012 Ch
410 2957 443 3010 K.
468 2987 502 2998 -
521 2957 570 3010 καὶ
588 2988 624 2998 -
641 2951 809 3011 θεάσασθαι
831 2953 861 3008 in
884 2971 938 3010 ros.
962 2956 991 3012 C.
1012 2991 1043 2998 -
1068 2963 1084 3012 3
1105 2950 1160 3010 κάν
1179 2955 1199 3011 C
1218 2951 1273 3010 κάν

124 3025 200 3090 eai.;
224 3025 259 3080 cf.
284 3025 367 3082 Proll.
391 3046 418 3098 p.
443 3035 485 3082 43.
510 3060 541 3068 -
563 3035 579 3082 h
602 3027 731 3083 τοιοῦτον
755 3022 881 3112 ἐπίθεμα
905 3024 925 3080 C
949 3027 1006 3083 cai.
1030 3025 1072 3082 ch
1095 3027 1120 3082 K
1143 3022 1273 3082 τοιούτου

126 3091 306 3166 ἐπιθέματος
324 3115 384 3154 nos.
404 3130 437 3140 -
465 3107 495 3154 ll
516 3093 610 3168 ὥσπέρ
629 3119 685 3154 που
705 3099 725 3154 C
744 3098 802 3153 eni.
821 3116 917 3166 ωσπερ
936 3119 964 3156 ιτ.
984 3099 1026 3154 ch
1045 3099 1078 3154 K.
1098 3128 1128 3139 -

693 3261 710 3326 Ι

219 3417 299 3436 .....
323 3367 385 3434 sed
408 3373 441 3436 et
468 3369 557 3434 illius
580 3391 657 3453 pars
681 3391 732 3454 ea,
759 3391 842 3455 queo
865 3391 937 3436 cum
961 3371 1102 3455 pectoris
1126 3393 1199 3436 osse
1223 3393 1273 3436 co-

126 3475 294 3559 haerebat,
317 3479 560 3561 computruerat
579 3479 612 3540 et
634 3475 683 3540 ita
701 3477 875 3542 manifesto
894 3476 1054 3561 inspicere
1074 3500 1128 3543 cor
1145 3477 1275 3562 licebat,

128 3585 216 3650 sicut
238 3585 276 3649 fit
298 3584 333 3650 in
352 3583 548 3650 animalibus
568 3583 761 3668 insecsndis,
785 3607 858 3649 cum
877 3585 986 3649 dedita
1006 3607 1106 3668 opero
1128 3585 1161 3648 id
1180 3585 1275 3650 denu-

128 3692 253 3758 demus.
299 3689 414 3777 Itaque
444 3713 524 3776 puer
552 3693 698 3755 servatus
727 3695 789 3773 ost,
817 3713 891 3756 cum
914 3695 1023 3775 partes
1053 3691 1139 3756 circs
1161 3695 1274 3775 pectus

128 3821 226 3864 carne
250 3797 410 3864 obductos
429 3800 538 3862 essent
560 3800 593 3861 et
611 3796 697 3861 inter
720 3819 754 3862 sc
774 3797 1023 3881 concrevissent,
1046 3801 1082 3862 ut
1101 3797 1166 3862 tale
1186 3821 1276 3888 oper-

128 3905 239 3970 culum
262 3903 369 3971 cordis
392 3903 571 3988 efficerent,
594 3903 689 3990 quale
711 3905 803 3989 prius
826 3926 908 3989 apex
931 3903 1059 3970 tunicae
1083 3909 1162 3970 erat.
1207 3905 1275 3970 Nec

129 4011 315 4078 mirandum
334 4014 394 4096 est,
416 4009 502 4096 quod
521 4010 683 4076 denudato
698 4011 793 4076 corde
808 4013 955 4076 servatus
975 4015 1025 4075 est
1043 4033 1133 4096 puer,
1156 4011 1275 4097 quippe

130 4142 203 4186 cum
231 4118 316 4184 nihil
344 4118 484 4203 amplius
517 4117 645 4183 effectio
673 4117 731 4182 illu
758 4118 838 4184 moli
871 4118 1019 4184 attulerit
1048 4139 1161 4204 quom,
1193 4139 1275 4202 quoe

130 4227 277 4313 quotidie
301 4226 335 4291 in
359 4225 526 4292 thoracem
550 4225 643 4308 fiunt,
668 4225 904 4292 terebrationes
926 4247 1030 4310 neque
1049 4246 1097 4306 ea,
1119 4245 1202 4310 quoe
1222 4245 1277 4288 cor

131 4333 321 4416 circumdet,
342 4332 454 4400 tnnioo
477 4331 643 4420 singulare
666 4329 797 4418 aliquod
815 4331 995 4417 periculum
1017 4328 1146 4414 inferet,
1169 4351 1275 4416 quem-

131 4439 306 4506 admodum
325 4442 357 4505 et
370 4437 571 4526 Herophilus
590 4438 737 4504 etmulti
756 4437 813 4504 olii
832 4437 949 4504 medici
968 4437 1127 4503 dixenmt
1162 4435 1275 4523 Neque
