3376 5144
623 472 867 538 -789-

163 629 345 720 ’φυσώδης
376 634 437 700 τοῦ
474 630 610 718 ἐντέρου
636 631 697 699 τοῦ
724 627 808 698 ἄνω·
841 627 883 698 ού
914 627 981 717 μὴν
1013 627 1170 716 πολέμιός
1201 658 1239 718 γε
1271 635 1316 726 τῷ

159 737 269 806 εκότον
298 738 434 829 ἐντέρῳ,
462 734 508 817 ώς
534 735 616 805 κατὰ
643 735 747 825 λόγον
776 740 834 825 τῆς
865 735 988 824 φύσης·
1018 742 1129 805 καίτοι
1156 733 1198 806 ού
1224 738 1316 808 πάνυ

157 849 303 932 *πορίμη
350 845 419 912 ἐστὶ
464 841 484 930 ἡ
531 839 595 911 ἀπὸ
640 848 701 913 τοῦ
747 844 885 932 γλυκέος
930 851 1029 912 ολνου
1077 848 1184 930 φῦσα,
1229 841 1314 914 ἀλλὰ

158 954 359 1038 “ἐγχρονι’ζει
400 949 474 1038 περὶ
515 946 751 1038 ὑποχόνδριον.
794 949 936 1040 καὶγὰρ
974 941 1037 1018 οὖν
1073 941 1179 1038 ἧσσον
1216 943 1314 1032 οὗτος

158 1055 355 1145 ὀὐρητικὸς
391 1057 429 1126 τὸ
467 1058 587 1126 ἐπίπαν
621 1060 683 1126 τοῦ
719 1056 879 1140 οἰνώδεος
913 1061 1048 1128 λευκοῦ·
1089 1057 1240 1128 πτυάλου
1276 1059 1340 1128 dib

160 1168 309 1253 ‘pusillos
332 1162 506 1251 ἀναγωγός
529 1165 597 1232 ἐστι
620 1167 681 1232 τοῦ
705 1164 818 1252 ἑτέρου
842 1162 859 1234 ό
884 1164 1016 1252 γλυκύς.
1052 1164 1107 1234 καὶ
1135 1160 1202 1234 οἷσι
1224 1165 1287 1254 μὲν
1307 1168 1311 1257 Ι

159 1270 330 1358 ’διψώδης
358 1272 425 1340 ἐστὶ
452 1269 648 1358 πινόμενος,
680 1261 786 1358 ἧσσον
819 1265 862 1339 ἂν
894 1269 1041 1340 τούτοισι
1077 1266 1197 1358 ἀνώγοι
1234 1267 1255 1360 ἢ
1293 1271 1377 1348 dm

159 1380 288 1466 ’ἕτερος
312 1375 422 1464 οἶνος,
455 1372 521 1445 οἷσι
546 1376 583 1445 δὲ
610 1373 654 1464 μὴ
679 1375 845 1465 διψώδης,
871 1381 1000 1466 μᾶλλον
1030 1374 1151 1465 ἀνώγοι
1180 1373 1224 1447 διν
1250 1384 1312 1450 τοῦ

160 1485 301 1572 ’ἑτέρου
362 1481 379 1554 ὁ
418 1485 454 1553 δὲ
491 1482 608 1564 λευκὸς
650 1482 795 1571 ολνώδης
835 1483 926 1566 οἶνος
962 1483 1122 1576 ἐπῄνηται
1158 1485 1220 1573 μὲν
1255 1487 1310 1556 καλ

160 1595 309 1672 ’ἔφεκτοι
345 1590 385 1659 τὰ
421 1599 557 1660 πλεῖστα
593 1592 648 1659 καὶ
680 1591 818 1678 μέγιστα
853 1591 917 1679 ἤδη
945 1593 982 1660 ἐν
1013 1595 1053 1680 τῇ
1080 1595 1142 1661 τοῦ
1171 1593 1310 1679 γλυκέος
1324 1617 1350 1656 ιο

160 1702 274 1766 ‘olvov
312 1696 478 1785 διηγήσει·
517 1699 550 1778 ἐς
586 1697 622 1766 δὲ
658 1695 776 1766 κύστιν
812 1701 939 1785 μᾶλλον
970 1696 1110 1785 πόριμος
1146 1701 1212 1767 ἐών
1247 1704 1309 1769 τοῦ

160 1804 291 1891 Ἓτέρου
314 1804 368 1872 καὶ
392 1804 603 1892 διουρητικός
627 1803 663 1871 δὲ
688 1801 753 1872 ἐών
770 1804 825 1872 καὶ
844 1802 1102 1893 καταρρηιιτιιιὸς
1119 1805 1184 1890 αἰεὶ
1202 1807 1308 1876 πολλὰ

160 1911 401 1998 “προσωφιλεόι
425 1907 467 1980 ἂν
491 1912 528 1979 ἐν
549 1909 687 2000 ποιότησι
711 1913 785 2000 τῇσι
809 1911 977 1981 νούσοισι·
1006 1912 1062 1980 καὶ
1088 1911 1152 2000 γὰρ
1176 1916 1206 1981 εἰ
1227 1911 1310 1999 πρὸς

164 2014 262 2084 ’ἄλλα
285 2013 589 2106 όνεπιτηδειότερος
615 2022 676 2087 τοῦ
700 2018 815 2106 ἑτέρου
836 2020 980 2104 πέφυκε,
1008 2015 1092 2087 ἀλλὰ
1115 2017 1205 2106 ὅμως
1226 2019 1308 2088 κατὰ

162 2121 293 2192 ’κύστιν
316 2121 337 2212 ἡ
360 2125 526 2213 κάθαρσις
547 2122 612 2194 ὑπὸ
636 2120 742 2193 αι’ποῦ
764 2125 922 2212 γινομένη
947 2123 1074 2212 ῥύεται,
1106 2120 1150 2211 ἢν
1171 2127 1307 2214 προτρὲ-
1321 2147 1347 2188 ιι

176 2283 294 2382 ude
292 2338 346 2376 om.
366 2321 445 2376 codd.
460 2321 570 2377 cdd-
590 2327 606 2376 3
626 2315 705 2388 φύσα
724 2321 803 2376 codd.
819 2319 929 2376 edd.-
949 2315 1041 2376 λυπό
1060 2314 1304 2390 γόνδριαΜυπο-

159 2387 279 2480 χόνδρια
302 2391 496 2447 ΑΒΟλιΚ.-
527 2341 735 2460 ησσονφλ-
764 2397 780 2446 5
804 2383 1008 2460 οὐρητικός*
975 2410 1056 2454 ουτος
1080 2391 1158 2446 codd.
1182 2393 1245 2448 edd.
1270 2424 1302 2433 -

44 2531 45 2544 ἵ
160 2459 349 2532 scruposas
403 2463 480 2517 λλον
508 2463 587 2519 codd.
612 2463 736 2517 edd.-
769 2463 895 2518 8verbo
922 2463 1082 2533 μᾶλλον-
1105 2458 1192 2517 οἰνώδ
1194 2484 1226 2532 ης
1248 2465 1303 2519 om.

44 2559 45 2572 ι
161 2531 305 2617 ABOhK·
323 2533 357 2588 cl.
400 2551 472 2603 rogr
492 2535 513 2600 l,
506 2553 558 2658 ‚p
580 2540 676 2588 19.-
702 2540 734 2588 11
755 2531 796 2596 εἰς
814 2535 893 2589 codd
914 2534 1033 2590 eud.-
1060 2541 1091 2590 12
1116 2527 1185 2590 δὲ
1167 2555 1205 2589 αν
1224 2535 1302 2592 codd

44 2635 45 2644 1
160 2606 223 2660 edd
239 2599 311 2658 δὲ
291 2625 330 2658 ιον
349 2551 482 2660 Corng—
449 2599 535 2659 —de
567 2605 646 2662 codd.
666 2605 780 2660 cdd—
807 2611 838 2660 13
858 2604 1071 2674 προουφέλειαν
1090 2605 1119 2660 M
1140 2601 1211 2676 πρὸς
1229 2601 1303 2677 ὀφέ-

159 2681 239 2730 λειαν
257 2676 388 2731 ABChK
405 2675 597 2745 προσωφελέει
615 2669 653 2731 ἂν
672 2674 806 2765 Corm—
774 2683 897 2732 -τοισι
917 2695 968 2748 pro
986 2679 1049 2750 τῇσι
1067 2677 1103 2733 M.
1123 2708 1155 2719 -

159 2876 255 2942 test'
244 2899 308 2942 1110
345 2875 484 2940 flatum
517 2873 619 2939 excit
604 2876 665 2938 tat
705 2896 824 2960 neque
865 2879 994 2941 tamen
1029 2876 1258 2942 inferiori
1248 2899 1305 2943 in·

44 3021 45 3032 ι
160 2984 308 3049 teatino
327 3004 396 3067 pro
420 2980 542 3045 flatus
569 2981 720 3047 ratione
744 2985 804 3046 est
831 2982 1047 3065 adversum
1075 3003 1304 3067 quamquam

158 3089 336 3170 inflatio,
364 3109 460 3174 quse
488 3110 504 3152 e
539 3087 643 3154 dulci
674 3087 764 3154 vino
797 3088 969 3172 exsistit,
999 3109 1075 3154 non
1100 3087 1302 3154 admodum

158 3200 353 3282 penetrat,
376 3194 440 3260 sed
463 3194 567 3260 circu
589 3194 824 3278 praecordia
845 3194 1081 3262 immoretur.
1124 3192 1175 3260 Et
1196 3199 1301 3261 certe

157 3303 229 3370 hoc
252 3303 380 3369 vinum
408 3301 447 3366 in
474 3302 696 3366 universum
724 3302 848 3368 minus
877 3304 1010 3369 urincs
1038 3306 1165 3372 movet
1191 3324 1301 3389 quem
1357 3301 1363 3316 '

44 3457 46 3502 3
158 3411 332 3476 vinosum
360 3409 503 3492 album3
533 3411 687 3493 sputum
714 3413 844 3476 tamen
875 3411 1008 3476 educit
1039 3411 1148 3477 dulce
1176 3409 1302 3496 magis

45 3503 46 3514 ό
160 3539 268 3602 quam
302 3517 474 3582 alterum.
527 3514 577 3581 Et
609 3516 749 3602 quibus
780 3517 930 3602 quidem
963 3516 1070 3582 sitim
1103 3515 1237 3600 offert,
1269 3517 1302 3583 si

159 3623 323 3708 bibitur,
350 3623 400 3688 iis
425 3623 550 3690 minus
574 3645 685 3709 quam
709 3623 873 3689 alterum
896 3622 1026 3690 vinum
1049 3623 1193 3708 educit,
1220 3622 1302 3710 qui·

159 3729 225 3794 bus
250 3731 376 3796 sutem
399 3752 475 3796 non
499 3729 749 3796 siticulosum
772 3734 844 3814 est,
866 3730 990 3815 magis
1014 3729 1139 3796 eltcro
1163 3729 1301 3798 educit

158 3834 297 3901 Vinum
320 3857 409 3902 vero
433 3837 561 3902 album
586 3837 763 3903 vinosum
784 3836 991 3922 plurimum
1009 3840 1047 3902 et
1068 3836 1234 3904 maxima
1257 3859 1299 3904 ex

158 3948 266 4026 parte
295 3941 499 4009 laudatum
526 3944 739 4029 quidemst
769 3944 1040 4029 vituperatum
1067 3947 1126 4010 est
1150 3944 1190 4010 in
1216 3943 1299 4010 vini

45 4051 50 4078 '
158 4050 283 4116 dulcis
306 4050 586 4136 descriptionc3
611 4052 657 4116 ad
680 4051 847 4119 vesicam
871 4055 1002 4118 cutem
1031 4074 1113 4118 cum
1138 4050 1298 4117 facilius

159 4157 284 4224 altero
308 4161 488 4242 penetret
509 4157 738 4244 urinamque
761 4159 864 4224 cient
886 4161 924 4223 et
946 4161 1181 4244 perrumpat,
1205 4157 1297 4224 mul·

158 4267 233 4329 tem
270 4286 423 4349 semper
463 4265 502 4330 in
538 4265 689 4332 talibus
730 4265 875 4333 morbis
911 4265 1129 4332 utilitatem
1170 4263 1298 4329 offert

157 4367 266 4436 Licet
289 4373 389 4438 enim
414 4372 459 4437 ad
483 4372 561 4438 alia
583 4372 764 4439 inutilius
784 4372 906 4438 sltero
930 4372 996 4456 sit,
1019 4392 1062 4436 ec
1084 4373 1212 4437 tamen
1230 4391 1299 4456 per

156 4477 324 4543 vesicam
344 4479 545 4564 purgatio,
563 4501 658 4564 quae
678 4479 747 4545 hoc
765 4479 855 4546 vinc
873 4478 1062 4564 efficitur,
1084 4477 1244 4564 liberet,
1266 4479 1299 4545 si
