3212 5146
582 471 826 536 -657-

127 623 206 704 τοὺς
242 623 305 693 δύο
343 624 480 711 λόγους,
522 622 564 692 οὐ
601 633 751 706 πλείονες
785 629 854 694 τῶν
890 623 974 694 ὀπτῶ
1013 625 1198 714 ἑξαμέτρων
1234 627 1271 696 τὸ

128 738 346 819 συγκείμενον
370 733 403 812 ἐξ
426 728 538 800 αὐτῶν
559 736 688 819 πλῆθος
712 737 811 801 ἔσται.
855 739 944 811 τίνες
967 725 1030 800 οὖν
1055 733 1060 822 Ι
1085 742 1185 801 αίτιοι
1213 737 1339 806 τοῦϊϊδθ

126 840 223 904 πέντε
253 844 365 924 βιβλία
398 842 567 925 γραφῆναι
599 839 673 926 περὶ
709 837 853 917 τούτων,
886 835 907 907 δ
940 837 995 906 διὰ
1034 836 1117 906 ὀκτὼ
1150 846 1273 926 στίχων

125 940 283 1031 ἡρωϊκῶν
302 943 561 1032 έπιστημονικὴν
580 942 750 1027 ἀπόδειξιν
769 943 868 1032 είχεν;
893 941 954 1031 οὐχ
976 941 1070 1032 ἡμεϊς
1089 946 1272 1034 δήπουθεν,

124 1045 211 1116 ἀλλὰ
235 1053 270 1116 οί
290 1047 334 1136 μὴ
358 1051 558 1139 βουλόμενοι
581 1065 780 1141 γραμμικαϊς
801 1055 946 1138 χρῆσθαι
970 1049 1154 1133 ἀποδείξεσι
1177 1052 1299 1139 φιλό-ϊι

125 1175 246 1242 σοφοι,
269 1157 343 1242 περὶ
367 1149 416 1224 ῶν
439 1163 526 1244 ἔφην
550 1162 728 1225 αἰδεῖσθαι.
773 1165 862 1236 τίνες
884 1157 921 1224 δέ
945 1167 1045 1226 αἴτιοι
1068 1162 1129 1227 τοῦ
1156 1159 1211 1226 καὶ
1233 1158 1271 1226 τὸ

124 1262 223 1329 ἕκτον
249 1267 383 1348 βιβλίον
415 1263 467 1331 ἐπὶ
498 1261 611 1343 αὐτοῖς
642 1267 812 1352 γραφῆναι
840 1265 914 1351 περὶ
941 1268 999 1352 τῆς
1030 1271 1141 1352 τρίτης
1170 1262 1273 1353 ἀρχῆς

124 1369 334 1456 μακροτέρου
357 1369 419 1458 μέν
441 1370 545 1458 λόγου
569 1371 738 1459 δεομένης,
763 1367 804 1438 οὐ
824 1369 893 1458 μὴν
916 1368 1001 1438 ὥσθ’
1028 1369 1109 1440 ὅλον
1132 1375 1170 1440 ἓν
1192 1379 1271 1459 πλη-

123 1479 281 1562 ρωθῆναι
308 1481 456 1563 βιβλίον;
474 1467 525 1546 ὀί
553 1475 597 1566 μὴ
625 1477 890 1564 γεγυμνασμένοι
918 1481 1114 1565 γραμμικῶν
1141 1475 1271 1546 ἀποδεί-

122 1583 209 1662 ξεων
233 1578 380 1668 ἀκούειν,
403 1585 476 1652 έπεί
495 1609 546 1653 τοι
570 1585 624 1652 καλ
647 1582 770 1652 τούτου
791 1587 853 1651 τοῦ
876 1583 1059 1671 σκέμματος
1081 1585 1118 1651 έν
1147 1581 1272 1670 ὀλίγοις
1287 1606 1312 1646 ιο

121 1694 319 1775 κεφαλαίοις
342 1687 470 1776 έστλνὴ
495 1686 669 1771 ἀπόδειξις.
705 1692 840 1777 έδείχδη
863 1689 928 1777 γὰρ
950 1695 987 1758 ἔν
1009 1716 1044 1758 τε
1062 1704 1132 1770 τοϊς
1154 1705 1273 1776 φυτοῖς

120 1795 163 1863 τδι
187 1795 358 1884 παχύτατα
383 1797 464 1884 μέρη
488 1800 546 1884 τῆς
569 1794 671 1884 ἀρχῆς
694 1792 807 1866 αὐτῶν
830 1796 1019 1885 έκφυόμενα
1042 1797 1096 1864 καλ
1125 1797 1177 1864 έπλ
1205 1801 1272 1864 τῶν

122 1901 220 1993 ζηίων
251 1905 540 1990 προδεδειγμένου
570 1909 669 1972 δυοῖν
701 1901 828 1990 αἰρχῶν,
862 1908 920 1991 τῆς
951 1907 1018 1972 τῶν
1055 1903 1186 1992 νεύρων
1217 1904 1272 1972 καὶ

119 2012 191 2076 τῶν
216 2005 403 2096 ἀρτηριῶν,
422 2009 461 2078 τὰ
485 2010 546 2098 μὲν
569 2006 644 2078 οἷον
668 2012 801 2097 στελέχη
829 2011 913 2098 πρὸς
934 2025 1007 2090 ταϊς
1029 2007 1145 2097 ἀρχαῖς
1175 2007 1271 2092 εἶναι,

119 2113 160 2183 τὰ
186 2115 226 2183 δὲ
250 2112 418 2202 ἀνάλογον
446 2116 581 2196 κλάδοις
604 2118 641 2183 έν
667 2121 711 2208 τῷ
739 2118 891 2204 προϊέναι
919 2117 959 2184 τὰ
987 2119 1119 2203 στελέχη
1148 2115 1270 2203 γεννῶ-
1286 2137 1311 2177 ¹⁶

117 2248 218 2308 μενα.
254 2226 353 2291 τοῦτο
378 2222 439 2310 μὲν
463 2227 500 2289 ἓν
523 2226 634 2310 λῆμμα
654 2221 709 2290 διὰ
729 2225 881 2310 ἐναργῶν
898 2220 1102 2304 ἀποδείξεων
1120 2225 1270 2310 ἐδείχθη·

157 2427 168 2473 1
193 2419 252 2473 τῶν
277 2414 306 2484 ἐξ
331 2413 460 2488 ἀμέτρων
483 2413 556 2473 ὀπτῶ
580 2419 606 2472 Μ
631 2419 687 2474 τῶν
710 2415 871 2506 ἑξαμέτρων
894 2415 967 2476 darei
992 2419 1101 2486 neela
1125 2418 1160 2472 cf.
1184 2419 1268 2474 Proll.

118 2509 145 2560 p.
169 2497 232 2545 121.
257 2521 289 2529 -
320 2495 335 2544 λ
360 2485 391 2544 έν
410 2485 507 2553 αὑτοῖς
531 2489 662 2545 Mnssch
686 2485 722 2545 έπ
761 2486 858 2552 αὐτοῖς
880 2491 913 2548 Κ,
940 2523 970 2532 -
1001 2497 1017 2546 8
1041 2488 1093 2561 μέν
1116 2507 1185 2546 corr.
1209 2491 1268 2544 ead.

117 2579 196 2617 man.
218 2561 248 2614 in
265 2559 299 2616 ‘iv
318 2561 356 2617 M.
381 2591 412 2600 -
438 2563 560 2616 tverba
578 2559 609 2616 οί
624 2557 661 2631 μὴ
683 2593 712 2601 -
735 2562 783 2616 καί
802 2559 903 2617 τούτου
927 2563 955 2617 in
979 2579 1031 2616 ras.
1051 2562 1088 2615 M.
1113 2592 1144 2600 -
1171 2569 1203 2615 10
1222 2557 1273 2615 έπί

117 2651 170 2702 pro
197 2629 266 2687 έπεί
285 2633 321 2686 Μ.
351 2663 383 2672 —-
414 2637 446 2685 12
473 2632 521 2686 καὶ
544 2634 600 2686 τῶν
623 2632 868 2703 προδεδειγμένου
891 2633 971 2689 codd.
991 2633 1052 2688 cdd.
1076 2631 1125 2686 καλ
1149 2628 1195 2686 dui
1215 2633 1270 2686 τῶν

117 2701 201 2770 ζῶων
222 2705 336 2770 προδεδ.
356 2719 414 2758 nos.
435 2735 467 2744 --
490 2709 522 2758 15
541 2700 612 2757 κλείδ
625 2703 662 2759 Μ.
679 2735 710 2744 -
730 2705 878 2772 προσιέναι
892 2703 1024 2759 MABCh
1043 2701 1174 2772 προϊέναι
1188 2702 1269 2758 Corn.

116 2761 150 2832 K.
173 2807 208 2816 -
232 2781 265 2829 16
285 2769 414 2844 έναργῶν
432 2769 592 2844 ἀπεδείχθη
612 2775 648 2828 ld.
669 2805 701 2814 —

115 2977 331 3041 hexametros
354 2994 420 3038 non
444 2973 583 3038 excedet
630 2973 767 3051 Quinam
794 2973 897 3060 igitur
925 2975 958 3039 in
982 2997 1080 3040 causa
1102 2975 1206 3058 fuere,
1233 2979 1271 3040 ut

117 3084 269 3169 quinque
292 3079 368 3144 libri
393 3081 674 3146 conscriberentur
696 3081 734 3145 de
762 3081 803 3144 iis
826 3081 936 3165 rebus,
963 3103 1045 3165 quae
1072 3085 1146 3146 octo
1170 3082 1269 3146 versi·

113 3191 180 3254 bus
206 3187 319 3252 herois
343 3187 652 3254 demonstrationem
681 3188 862 3273 elegantem
889 3187 1010 3253 babere
1033 3187 1149 3253 docui?
1193 3186 1270 3252 Non

111 3318 178 3361 nos
204 3297 307 3376 certe,
331 3293 386 3357 sed
409 3293 598 3378 philosophi
621 3293 684 3378 illi,
707 3293 762 3378 qui
785 3293 962 3360 linearibus
985 3293 1268 3360 demonstrationi·

112 3401 179 3466 bus
211 3399 262 3464 uti
289 3399 418 3484 nolunt,
445 3423 581 3484 quorum
610 3423 661 3465 me
684 3400 804 3485 pudere
827 3400 901 3466 dixi.
946 3400 985 3466 In
1008 3423 1165 3485 quosnam
1189 3401 1268 3465 item

112 3509 219 3592 eulpa
243 3506 437 3571 conferenda
463 3511 526 3591 est,
552 3506 638 3591 quod
666 3511 775 3571 sextus
804 3507 888 3572 liber
909 3507 975 3572 illis
1005 3506 1133 3572 additus
1157 3512 1208 3572 est
1230 3506 1269 3572 de

111 3615 221 3680 tertio
246 3612 418 3697 principio,
442 3613 527 3697 qnod
549 3613 731 3697 longiorem
760 3613 839 3677 illud
863 3614 992 3698 quidem
1016 3614 1269 3698 disputationem

110 3719 323 3807 requirebat,
356 3741 422 3786 non
450 3720 499 3784 ita
531 3723 641 3784 tamen
671 3720 819 3805 longam,
850 3723 888 3783 ut
918 3720 1045 3805 integer
1071 3743 1153 3784 unus
1185 3719 1269 3784 liber

109 3827 335 3912 impleretur?
385 3825 423 3889 In
455 3848 510 3890 eos
546 3827 692 3911 inquam,
720 3827 774 3910 qui
803 3827 837 3890 in
864 3826 1042 3891 linearibus
1069 3826 1268 3890 demonstra·

109 3933 267 4001 tionibus
297 3931 463 3996 audiendis
490 3953 555 3998 non
584 3937 660 3997 sunt
682 3932 867 4016 exercitati,
893 3953 1091 4016 quamquam
1113 3935 1147 3996 et
1172 3930 1268 3996 huius

108 4038 392 4110 considerationis
433 4040 546 4122 paucis
586 4040 750 4123 capitibus
796 4039 980 4104 continetur
1023 4037 1268 4104 demonstratio.

109 4149 215 4215 Sicut
233 4145 319 4208 enim
342 4145 374 4208 in
400 4144 556 4229 stirpibus
576 4146 795 4210 crassissimas
819 4150 927 4229 partes
952 4167 990 4210 ex
1009 4145 1133 4228 origine
1158 4166 1267 4208 earum

108 4251 324 4324 ostendimus
356 4250 502 4335 prodire,
534 4251 583 4315 ita
620 4251 654 4317 in
693 4251 890 4318 animalibus
927 4252 1052 4317 duabus
1085 4249 1267 4336 originibus

108 4381 223 4447 supra
249 4357 493 4440 demonstratis,
519 4380 692 4424 nervorum
720 4363 753 4424 et
781 4358 987 4442 arteriarum,
1026 4357 1141 4423 horum
1178 4357 1268 4422 velut

105 4477 254 4536 truncos
273 4464 353 4548 ipsis
373 4463 554 4548 originibus
574 4463 756 4548 adhaerere,
775 4467 885 4547 partes
900 4467 1008 4529 autem
1027 4464 1161 4530 ramulis
1180 4463 1268 4530 simi·

174 4577 262 4624 Geloni
276 4578 303 4618 ds
317 4577 377 4618 Plne.
391 4578 448 4618 Plat
461 4581 484 4618 et
498 4579 605 4627 Hippon.
618 4578 679 4622 libri.
1020 4575 1053 4624 42
