3228 5148
571 433 812 498 -139-

111 619 204 672 τινες
228 589 397 680 ἀρτηριῶν
420 587 440 678 ἢ
464 593 599 678 φλεβῶν
624 594 873 658 διασπασθείευ.
920 593 1007 660 ουτω
1035 589 1072 658 δέ
1096 587 1173 658 κάπλ
1196 594 1265 658 τάν

112 699 392 787 τιτρωσκομένων
424 695 506 766 κατὰ
534 695 597 786 τὴν
619 703 763 784 ἔκφυσιν
790 699 852 765 τοῦ
874 703 1034 766 νωτιαίου
1061 699 1153 783 βοῶν
1177 693 1265 784 εὑρί-

114 811 233 874 σκεταί
259 831 337 874 ποτε
365 803 606 890 διαδιδόμενον
641 813 688 883 είς
718 829 794 871 τινα
824 809 893 872 τῶν
925 811 1101 890 προσθίαν
1128 807 1265 872 κοιλιῶν

113 909 209 1000 αἷμα.
253 913 307 980 καὶ
337 909 438 980 οὐδέν
466 908 546 978 οὐδὲ
574 912 722 980 ἐνταῦθα
754 907 953 998 θαυμαστὸν
980 907 1082 997 αὐτῆς
1109 913 1168 996 τῆς
1194 907 1265 977 ὀπι-

114 1027 222 1088 σθίον
243 1024 371 1098 κοιλίας
392 1017 656 1106 τιτρωσκομένης
683 1017 738 1084 καὶ
766 1021 899 1085 πολλῶν
925 1017 980 1086 καί
1003 1017 1158 1105 μεγάλων
1181 1013 1291 1104 αὐτην

114 1125 458 1211 συντιτρωσκομένων
485 1121 630 1210 ἀγγείων
652 1121 872 1210 άφικνεῑσθοιί
896 1149 974 1192 ποτε
998 1124 1052 1190 καλ
1080 1125 1174 1210 μέχρι
1197 1126 1265 1190 τῶν

113 1238 295 1320 προσθίαν
322 1229 359 1298 τὸ
389 1227 479 1319 αἷμα.
529 1230 668 1299 δύναιτο
698 1230 735 1298 dl
762 1227 820 1298 άν-
833 1232 939 1300 ἐνίοτε
967 1231 1021 1298 καὶ
1049 1229 1160 1321 βρόχῳ
1192 1255 1266 1297 πνι-

117 1341 238 1426 γέυτος
263 1341 325 1406 τοῦ
354 1337 439 1429 ζῴου
473 1336 529 1406 διὰ
557 1335 620 1426 τὴν
651 1335 930 1424 ὑπερβάλλουσαν
956 1343 1035 1424 βίαν
1063 1339 1210 1423 ῥαγῆναί
1234 1363 1265 1403 τι

113 1451 185 1514 τῶν
213 1443 295 1512 κατὰ
317 1441 380 1511 τὸν
407 1443 591 1530 ἐγκέφαλον
617 1442 777 1531 ἀγγείων,
806 1439 861 1513 οἷα
888 1443 930 1532 δὴ
958 1441 1118 1521 πολλάκις
1149 1439 1265 1528 ὁρᾶται

113 1553 279 1640 γινόμενα
314 1550 369 1618 καὶ
396 1546 475 1618 καθ’
506 1547 624 1618 ὁτιοῦν
650 1549 732 1620 ἄλλο
763 1552 863 1640 μέρος
889 1549 954 1619 ὑπὸ
983 1549 1137 1638 πλήθους
1169 1552 1265 1636 uiua-
1281 1574 1306 1613 ιο

113 1687 173 1739 τος
198 1655 217 1746 ἦ
242 1657 368 1745 χάσεως
389 1653 637 1745 άναρραγέντος
663 1653 814 1744 άγγείον·
838 1663 868 1726 εί
890 1658 934 1726 dl'
951 1660 987 1726 ἐν
1011 1655 1109 1725 ὕδατι
1132 1661 1264 1742 πνιγειή

112 1765 154 1835 τὸ
181 1769 277 1858 ζῷον,
301 1761 363 1833 οὐκ
385 1759 428 1831 ἂν
455 1761 579 1850 ὁμοίως
601 1759 737 1851 άγγεῑον
766 1767 891 1852 ῥαγείη.
935 1763 1017 1832 κατὰ
1045 1764 1159 1851 μέντοι
1186 1760 1266 1842 τοὺς

113 1873 242 1952 ἄλλους
273 1870 421 1950 ἅπαντας
456 1868 627 1950 θανάτους
662 1873 730 1939 τάν
772 1870 865 1963 ζῴων
901 1867 963 1939 οὐκ
1000 1865 1043 1939 ἂν
1080 1869 1192 1956 εὕροις
1228 1871 1265 1936 έν

116 1978 307 2066 ἐγκεφάλου
329 1983 438 2068 κοιλίᾳ
466 1976 702 2064 περιεχόμενον
724 1979 895 2066 θρόμβον,
922 1977 1032 2064 ὥσπερ
1061 1979 1098 2044 έν
1125 1982 1164 2065 τῇ
1188 2003 1266 2062 καρ-

114 2091 176 2176 δίᾳ
213 2083 270 2152 θεά
311 2085 443 2165 παντός.
498 2080 581 2151 ἀλλὰ
613 2082 653 2152 τὰ
685 2083 747 2171 μέν
771 2089 776 2172 Ι
802 2087 853 2153 aa
890 2089 958 2152 τῶν
994 2083 1191 2152 τεθνεώτων
1227 2085 1332 2158 e'u184

113 2197 311 2280 περιουσίας
350 2195 510 2280 είρησθαί
547 2217 604 2277 μοι
646 2194 744 2260 donni.
803 2192 954 2279 ἐπάνειμι
996 2191 1033 2259 dl
1075 2182 1177 2270 αὖθις
1213 2191 1265 2258 ἐπὶ
1281 2212 1306 2251 ιι

116 2303 225 2381 ζῶντα
261 2301 325 2392 ζῷα
354 2299 409 2368 καὶ
438 2303 594 2385 ὃείκνυμί
623 2318 677 2367 σοι
709 2305 944 2387 γυμνωθείσης
969 2302 1028 2386 τῆς
1054 2301 1193 2386 καρδίας
1224 2293 1266 2364 οὐ

155 2541 171 2589 6
191 2527 381 2602 ἀφικνεῖσθαι
400 2528 468 2588 κοτέ
488 2531 509 2587 C
528 2530 585 2588 Oai.
604 2525 799 2600 άφικνεῖσθαί
814 2549 843 2587 κ.
858 2529 906 2588 ch.
928 2563 959 2572 -
982 2535 1015 2586 1⁶
1034 2523 1190 2592 διαπαντός
1205 2526 1266 2582 ΟΚ

115 2599 276 2667 διάκαντσς
294 2603 351 2660 cu.
372 2603 412 2659 ch
431 2598 479 2657 διὰ
500 2597 607 2666 παντός
625 2621 683 2659 noa
703 2635 737 2644 -

116 2861 202 2924 quae
225 2839 260 2904 in
284 2860 322 2903 ea
345 2842 430 2922 sunt,
453 2841 567 2922 ruptae
590 2837 721 2904 fuerint.
765 2837 856 2904 Idem
879 2840 913 2906 in
937 2839 1043 2906 bobus
1067 2838 1187 2920 evenit,
1210 2837 1265 2920 qui

115 2949 153 3012 in
178 2949 293 3011 exortu
320 2945 408 3011 dorsi
432 2945 591 3010 medullae
619 2944 842 3032 vulnerantur,
870 2951 907 3012 ut
930 2948 1062 3033 sanguis
1092 2944 1265 3028 aliquando

117 3053 303 3139 reperiatur
334 3053 369 3117 in
402 3053 543 3136 aliquem
572 3073 610 3115 ex
643 3053 861 3118 anterioribus
899 3053 1088 3118 ventriculis
1120 3051 1266 3115 diffusus.

118 3162 169 3226 Ac
187 3183 229 3226 ne
252 3159 308 3226 hic
330 3159 460 3244 quidem
483 3158 616 3243 mirum,
640 3159 667 3224 si
691 3161 871 3244 posteriore
894 3159 1073 3225 ventriculo
1097 3159 1265 3222 vulnerato

118 3271 153 3330 et
171 3265 270 3330 simul
290 3287 362 3330 cum
382 3287 421 3329 ea
439 3265 552 3330 multis
576 3287 612 3330 ac
631 3267 759 3352 magnis
778 3269 866 3332 raaia
890 3265 1030 3351 diruptis
1050 3264 1184 3352 sanguis
1208 3263 1266 3328 ali·

118 3371 248 3458 qnando
272 3393 373 3456 usque
397 3371 437 3436 ad
461 3372 639 3437 anteriores
665 3377 822 3456 penetrat.
859 3373 974 3438 Potest
996 3374 1097 3438 etiarn
1119 3393 1266 3438 nonnun-

118 3501 218 3564 quam
242 3477 375 3544 animali
398 3473 515 3564 laqueo
540 3477 698 3545 suffocato
721 3481 801 3564 fieri,
823 3485 861 3544 ut
883 3485 1017 3565 propter
1039 3479 1175 3544 nimiam
1198 3477 1267 3542 vio·

118 3585 256 3650 lentiam
275 3607 332 3650 vas
352 3585 483 3672 aliquod
502 3584 623 3650 cerebri
643 3591 823 3670 rumpatur,
845 3588 940 3672 quale
960 3586 1148 3672 plerumque
1168 3584 1267 3648 etiarn

117 3692 154 3758 in
178 3692 294 3778 quavis
318 3691 382 3756 alia
410 3695 502 3776 parte
526 3691 674 3756 videmus
700 3691 858 3776 accidere,
885 3715 959 3760 cum
987 3693 1153 3779 sanguinis
1173 3692 1268 3775 copia

119 3799 172 3863 vel
195 3799 323 3864 fusione
348 3802 479 3882 ruptum
502 3820 560 3862 vas
579 3799 709 3882 aliquod
729 3799 842 3884 fuerit3
867 3804 901 3864 at
925 3800 1005 3865 siin
1025 3821 1109 3884 aqua
1132 3799 1267 3863 suffoca-

121 3909 193 3970 tum
218 3905 338 3970 animal
367 3904 445 3988 erit,
471 3927 538 3968 non
567 3905 666 3970 simili
697 3905 794 3970 modo
824 3907 931 3991 rumpi
959 3929 1017 3971 vas
1047 3905 1178 3990 poterit.
1227 3903 1266 3968 In

120 4011 273 4078 omnibus
297 4014 406 4076 autem
430 4011 502 4075 aliis
527 4011 643 4076 mortis
667 4012 858 4078 animalium
880 4014 1052 4098 generibus
1076 4011 1266 4096 sanguuinem

120 4119 153 4183 in
179 4117 304 4183 cerebri
327 4117 507 4183 ventriculo
530 4139 705 4204 nunquam,
730 4123 766 4183 ut
789 4119 824 4184 in
847 4119 942 4185 corde
966 4141 1102 4204 semper,
1126 4139 1195 4182 esse
1219 4117 1266 4180 in·

121 4225 242 4290 venies·
280 4223 342 4290 Sed
365 4225 404 4289 de
427 4216 479 4308 iis,
501 4247 584 4310 quae
608 4225 642 4290 in
661 4225 799 4290 mortuis
824 4229 1007 4308 comuntur,
1030 4223 1267 4289 exabundanti

120 4331 204 4398 mihi
227 4330 347 4397 dixisse
370 4331 491 4398 videor.
536 4331 645 4398 Redeo
669 4332 710 4398 ad
732 4331 808 4396 viva
830 4331 986 4397 animalia
1013 4353 1051 4396 ac
1073 4330 1135 4394 tibi
1160 4333 1266 4396 osten·

121 4437 198 4504 dam
220 4437 382 4506 denudato
405 4437 501 4506 corde
530 4439 721 4528 sangtnnem
744 4438 857 4505 statim
880 4435 1046 4523 profundi,
1072 4459 1139 4502 non
1161 4436 1265 4502 solum
