3210 5148
620 411 861 486 -mru-

169 574 222 642 καί
249 577 307 660 τῆς
333 569 483 660 άρίστης,
515 565 558 658 ἣν
583 567 799 656 Ἱπποκράτης
829 593 864 636 τε
894 567 949 636 καὶ
978 565 1121 635 Πλάτων
1153 562 1310 634 ἁπάντων

168 685 291 770 πρῶτοι
327 684 600 768 μετεχειρίσαντο.
664 674 892 754 Ποσειδώνιος
929 673 966 742 δὲ
1006 675 1061 742 καὶ
1099 671 1309 760 Πυθαγόραν

162 785 283 878 'oporto
306 783 411 856 αὐτοῦ
434 784 494 873 μὲν
517 787 577 853 τοῦ
596 781 806 872 Πυθαγόρου
824 780 1079 870 συγγράμματος
1103 776 1242 859 οὐδενὸς
1264 785 1311 859 είς

169 894 253 984 ἡμᾶς
271 893 530 980 διασωζομένον,
552 889 809 979 τεκμαιρόμενος
832 889 867 957 δὲ
892 880 992 970 ἐξιόν
1015 893 1099 956 ἔνιοι
1117 890 1185 954 τῶν
1203 895 1311 975 μαθη-

168 1008 235 1072 τῶν
258 998 362 1070 αὐτοῦ
385 997 602 1087 γεγράφασιν.
637 995 730 1084 άλλά,
753 995 834 1086 ὅπερ
857 994 952 1064 εἷπον
974 992 1091 1082 ὀλίγον
1110 999 1337 1083 §pavescens

169 1107 228 1197 οὐχ
244 1111 394 1198 ἱστορίαν
408 1104 585 1194 δογμάτων
603 1108 754 1174 παλαιῶν
774 1102 791 1174 ὁ
806 1103 906 1191 λόγος
925 1101 1073 1184 διδάξειν
1087 1102 1310 1188 ἐπηγγείλατο,

168 1216 255 1305 μόνα
278 1213 314 1282 δὲ
337 1211 377 1282 τά
404 1211 488 1300 πρὸς
504 1210 742 1300 Ἱπποκράτους
768 1212 822 1280 καὶ
845 1210 1029 1289 Πλάτωνος
1056 1208 1212 1296 είρημίνα
1240 1211 1310 1275 δια-

169 1323 359 1403 σκίψεσθαι.
403 1326 463 1388 καί
481 1346 538 1407 μοι
560 1323 671 1404 τοῦτο,
694 1315 772 1386 καθ’
799 1317 882 1387 ὅσον
906 1312 980 1385 οἷόν
1002 1317 1040 1384 τί
1061 1317 1140 1399 ἐστι,
1162 1319 1311 1403 περαίνε-

168 1455 220 1497 ται
244 1427 300 1498 διὰ
322 1423 547 1514 βραχυτάτων.
592 1423 633 1494 οὐ
656 1425 732 1514 γάρ,
755 1423 805 1494 ὅτι
828 1423 1030 1512 πολόβιβλος
1052 1421 1072 1511 ἡ
1095 1427 1311 1511 πραγματεία,
1433 1433 1435 1436 ’

169 1533 229 1624 χρὴ
254 1549 402 1621 σκοπεῖν,
425 1529 508 1600 άλλὰ
531 1535 630 1600 τοῦτο
653 1531 715 1620 μὲν
738 1537 785 1612 είς
805 1529 843 1599 τὸ
867 1531 997 1618 πλῆθός
1018 1556 1052 1598 τε
1076 1528 1130 1597 καί
1156 1527 1194 1598 τὸ
1218 1529 1351 1616 pepe-10

168 1649 231 1720 θος
262 1631 311 1708 τόν
340 1633 384 1706 ἂν
413 1638 682 1726 ἐπισκεπτόμεθα
712 1638 889 1726 δογμάτων
915 1635 1112 1724 ἀναφέρειν,
1143 1634 1377 1724 ἐξετάλζεινλῖθ

168 1746 204 1816 δὲ
222 1746 276 1814 καὶ
296 1760 443 1831 σκοπεῖν,
462 1751 493 1814 εί
509 1746 583 1834 περὶ
601 1750 669 1814 τῶν
683 1743 795 1814 αὐτῶν
813 1744 965 1833 ἐνεχείρει
983 1742 1189 1832 βραχύτερον
1207 1747 1312 1811 εἰπεῖν

167 1851 249 1921 ἄνευ
270 1857 332 1922 τοῦ
354 1861 553 1942 παραλιπεῖν
575 1881 606 1921 τι
629 1857 696 1922 τῶν
719 1851 928 1940 ἀναγκαίων,
951 1849 996 1931 ὥς
1016 1848 1116 1920 τοῦτό
1139 1849 1254 1936 γεκαὶ
1277 1849 1310 1930 ἐξ

168 1957 279 2030 αὐτῶν
302 1951 351 2028 civ
373 1965 495 2049 ἔγραψε
514 1960 707 2048 Χρύσιππος
729 1960 803 2050 περὶ
826 1963 947 2028 παθῶν
966 1963 1072 2026 ἔνεστι
1096 1965 1310 2044 καταμαθεῖν.

167 2066 332 2155 τεττάρων
363 2065 427 2154 γάρ
464 2072 605 2153 βιβλίων
637 2063 724 2134 οὕτω
756 2066 910 2154 μεγάλων
942 2061 1030 2156 αὐτῷ
1063 2065 1310 2153 γεγραμμένων,
1325 2079 1350 2120 1⁵

168 2170 252 2242 ὥσθ’
287 2173 426 2242 ἕκαστον
454 2171 540 2240 εἶναι
577 2171 755 2240 διπλάσιον
783 2175 852 2240 τῶν
882 2170 1065 2260 ἡμετέρων,
1098 2168 1187 2259 ὅμως
1219 2167 1312 2258 ἡμεῖς

204 2377 219 2425 ῖ
239 2367 454 2438 διασκέψασθαι
471 2367 616 2424 MABGh.
637 2399 669 2408 -
689 2373 705 2422 8
725 2362 784 2430 οἷός
803 2367 867 2422 LM.
887 2399 920 2407 —
939 2358 976 2436 ἦν
995 2366 1073 2423 codd.
1093 2367 1155 2422 edd.
1175 2361 1233 2422 ἐστι
1251 2385 1311 2424 nos.

169 2473 201 2481 -
229 2449 262 2496 10
285 2460 314 2496 τε
339 2459 392 2496 om.
416 2440 447 2495 L.
473 2471 506 2481 -
537 2447 567 2494 11
593 2431 633 2494 siv
659 2433 889 2509 ἐπισκεπτόμεθα
914 2438 937 2492 L
961 2429 1001 2492 aiv
1024 2431 1060 2492 διν
1080 2432 1310 2510 ἐπισκεπτόμεθα

167 2513 262 2570 Mau.
280 2542 315 2552 -
336 2517 367 2566 12
387 2530 415 2566 τε
436 2511 514 2568 codd.
533 2511 595 2568 edd.
616 2508 647 2566 δὲ
667 2525 726 2565 nos.
746 2540 779 2550 -
800 2517 832 2564 13
852 2504 941 2564 coito
961 2509 991 2566 L.
1013 2541 1045 2550 -

168 2712 253 2778 inter
274 2712 451 2795 pessimam
475 2709 649 2795 Chrysippi
673 2714 795 2776 sectam
819 2713 852 2774 et
874 2711 1042 2795 optimam,
1066 2731 1162 2794 quam
1185 2710 1310 2796 Hippo-

168 2821 272 2884 crates
310 2821 343 2882 οῖ
378 2817 472 2882 Plato
508 2817 605 2902 primi
643 2817 788 2882 omnium
824 2816 887 2882 hac
919 2817 957 2882 de
995 2840 1028 2882 re
1066 2818 1311 2884 constituerunt

169 2925 371 3010 Quamquam
408 2923 600 2990 Posidonius
638 2925 738 2989 etiam
770 2923 993 3009 Pythagoram
1029 2923 1110 2988 facit
1146 2929 1310 2990 auctorem

166 3055 234 3098 non
267 3053 306 3096 ex
338 3031 440 3116 ipsius
473 3031 642 3114 operibus,
678 3053 761 3116 quae
796 3031 888 3096 nulla
923 3031 966 3096 aii
994 3052 1055 3096 nos
1088 3037 1312 3116 pervenerunt,

167 3139 354 3206 coniectura
384 3140 505 3220 sumta,
537 3137 593 3202 sed
627 3159 664 3202 ex
693 3137 749 3219 iis,
782 3160 864 3223 quae
890 3137 1039 3203 nonnulli
1063 3137 1131 3202 eius
1159 3137 1311 3222 discipuli

166 3245 287 3311 litteris
316 3244 559 3310 mandaverunt.
610 3242 672 3309 Sed
700 3267 765 3328 me,
792 3244 875 3329 quod
905 3245 1002 3328 paulo
1031 3247 1105 3309 ante
1133 3243 1215 3328 dixi,
1246 3267 1311 3311 non

167 3352 341 3416 historiam
365 3355 510 3416 veterum
537 3351 739 3416 decretorum
766 3351 985 3436 proditurum,
1012 3350 1068 3416 sed
1095 3351 1166 3416 sola
1188 3350 1311 3436 Hippo·

167 3459 267 3522 cratis
294 3457 504 3542 Platonisque
536 3457 623 3522 dicta
656 3458 933 3524 consideraturum
961 3458 1014 3524 hic
1041 3458 1125 3524 liber
1152 3459 1312 3542 promisit,

168 3563 268 3648 quod,
291 3586 389 3650 quam
411 3564 602 3629 brevissime
626 3587 774 3648 possum,
802 3564 945 3630 absolvo.
990 3563 1066 3630 Nou
1094 3565 1180 3629 enim
1202 3565 1312 3630 multi·

168 3671 247 3734 tudo
269 3669 428 3735 librorum
447 3670 625 3754 spectanda
643 3675 701 3754 est,
725 3672 780 3737 scd
799 3694 837 3736 ea
856 3671 985 3757 quidem
1005 3671 1116 3755 copiae
1135 3675 1168 3735 et
1186 3671 1311 3757 magni·

167 3775 273 3841 tudini
292 3797 408 3859 rerum,
426 3777 465 3842 de
484 3778 600 3862 quibus
620 3779 756 3864 agimus,
774 3779 955 3862 tribuenda,
972 3801 1084 3843 verum
1102 3777 1183 3842 illud
1201 3779 1312 3863 anqui-

167 3882 302 3948 rendum
334 3883 583 3968 videndumque,
614 3884 785 3953 breviusne
817 3886 856 3950 dc
888 3884 939 3948 his
971 3883 1086 3948 iisdem
1118 3885 1214 3950 rebus
1247 3885 1311 3950 dici

167 3989 324 4074 potuerit,
351 3991 387 4054 ut
414 3993 523 4054 tamen
549 3989 647 4075 nihil,
679 3992 764 4078 quod
794 3991 1013 4057 necessarium
1041 3995 1139 4075 essct,
1171 3996 1311 4076 praeter·
1403 4014 1407 4020 ·

167 4096 365 4182 mitteretur,
394 4095 426 4160 id
453 4097 539 4181 quod
569 4119 608 4161 ex
634 4099 690 4182 iis,
724 4121 805 4183 quae
834 4095 1038 4182 Chrysippus
1071 4098 1109 4162 dc
1142 4099 1311 4164 affectibus

166 4203 309 4288 scripsit,
331 4223 525 4288 cognoscere
549 4203 633 4268 licet
668 4203 755 4270 Nam
778 4227 852 4270 cum
874 4205 931 4268 ille
949 4208 1088 4289 quatuor
1109 4204 1212 4271 libros
1231 4206 1311 4272 adeo

165 4331 304 4396 magnos
328 4310 561 4395 composuerit,
589 4314 625 4374 ut
648 4311 768 4397 singuli
796 4311 895 4395 duplo
919 4311 1059 4376 maiores
1087 4310 1207 4376 nostris
1236 4312 1312 4396 sint,

164 4440 227 4483 uos
250 4421 360 4482 tamen
381 4439 423 4482 nc
446 4417 480 4480 in
501 4415 627 4482 duobus
650 4417 779 4502 quidem
802 4417 939 4505 integris
963 4417 1157 4484 sententiam
1182 4418 1249 4484 cius
1273 4419 1311 4485 do
