3444 5140
663 395 905 459 -731-

207 578 268 621 τον
299 551 362 641 μέν
393 551 509 638 γνόντι
540 551 604 640 τὴν
635 548 743 640 ἀρχὴν
765 554 824 638 τῆς
847 552 899 619 eu
922 548 1006 619 αὐτὰ
1030 549 1125 637 ὁδοῦ,
1147 549 1270 637 ταύτης
1292 549 1356 639 γὰρ

209 656 367 747 ἁμαρτὼν
390 663 437 738 είς
459 657 587 745 πολλὴν
611 656 696 746 ἄλην
718 684 753 727 τε
775 658 831 726 καὶ
854 657 985 745 πλάνην
1008 654 1109 746 ἆφιῖη
1133 657 1253 744 λόγων.
1299 659 1357 726 διδι
1412 655 1418 664 ’

207 768 274 833 τῶν
298 761 410 833 αὐτῶν
433 765 471 834 δὲ
493 771 684 854 κριτηρίων,
708 763 764 832 διὰ
787 755 836 833 οὑν
857 762 921 851 τὴν
943 759 1049 853 ἀρχὴν
1073 754 1181 853 εὑρες,
1205 761 1357 852 εὑρήσεις

207 872 262 940 καλ
285 869 323 939 τὸ
346 870 428 958 μετὰ
449 872 512 960 τὴν
534 870 642 960 ἆρχδν
665 867 835 957 δεύτερον,
857 867 924 938 εἶθ’
958 868 1082 957 ὁμοίως
1102 872 1140 940 τὸ
1164 876 1277 960 τρίτον
1300 873 1355 940 καλ

208 979 348 1047 ἕκαστον
376 983 444 1047 τῶν
477 979 602 1066 ἐφεξῆς.
651 979 720 1057 πῶς
751 968 909 1046 οὖνέστι
941 975 1003 1065 την
1035 974 1141 1065 ἀρχὴν
1174 976 1382 1067 εὑρίσκειν;5

208 1083 321 1172 ἐπειδὴ
348 1086 404 1153 καλ
433 1083 450 1154 ὑ
475 1084 619 1154 Πλάτων
647 1083 821 1164 ἐπαινέσας
841 1082 905 1171 τὴν
926 1089 1123 1172 παροιμίαν,
1152 1086 1189 1153 έν
1215 1076 1237 1175 ᾗ
1264 1086 1356 1173 λέγο-

208 1217 270 1278 μεν
289 1188 384 1280 ’ἀρχὴ
404 1193 443 1260 δέ
458 1219 511 1261 τοι
528 1190 631 1280 ἥμισυ
645 1190 791 1276 παντός’,
814 1187 915 1270 αὐτὸς
932 1191 1120 1278 προσέθηκε
1137 1191 1174 1262 τὸ
1198 1195 1356 1280 μέγιστον

208 1297 312 1366 εέπιὺν
326 1295 432 1387 ἀρχὴν
441 1297 566 1379 παντὸς
580 1303 681 1386 ἔργον
694 1300 852 1385 μέγιστον
861 1295 956 1384 εἶναι,
970 1294 1081 1384 ὥσπερ
1095 1300 1149 1366 καλ
1164 1297 1259 1367 ἄλλοι
1268 1299 1357 1380 τινὲς

213 1405 321 1493 οἱμὲν
336 1402 377 1473 οὑ
391 1407 498 1492 μόνον
511 1405 548 1474 τὸ
568 1404 672 1493 ἥμισυ
690 1408 751 1472 τοῦ
769 1402 893 1484 παντὸς
911 1401 997 1472 εἶναι
1015 1403 1078 1491 τὴν
1092 1402 1198 1493 ἀρχὴν
1217 1411 1356 1494 ἔφασαν,

209 1509 293 1580 ἀλλὰ
321 1513 377 1580 καλ
404 1513 506 1581 πλέον
538 1508 559 1599 ἢ
591 1510 629 1580 τὸ
649 1509 768 1599 ἥμισυ,
800 1510 888 1591 τινὲς
915 1511 952 1579 δὲ
974 1512 1029 1579 καὶ
1051 1509 1088 1580 τὸ
1113 1512 1396 1601 scindentium

209 1620 362 1707 δείξομεν
385 1611 449 1687 οὖν
471 1618 547 1707 ἤδη,
570 1622 639 1699 πῶς
666 1617 709 1686 ἄν
731 1645 781 1698 τις
803 1615 951 1704 εὑρίσκοι
977 1616 1040 1704 τὴν
1069 1615 1176 1708 ἀρχῇν
1203 1624 1263 1707 τῆς
1288 1623 1356 1688 τῶν

211 1726 422 1814 ζητουμένων
440 1722 608 1815 εὑρέσεως,
631 1722 897 1813 ἀναμνήσαντες,
920 1721 941 1792 ἃ
960 1724 1016 1792 διὰ
1038 1730 1176 1815 μακρῶν
1199 1731 1237 1794 έν
1258 1751 1292 1794 τε
1315 1732 1355 1815 τῇ

209 1833 282 1921 περὶ
306 1829 505 1914 ἀποδείξεως
527 1837 732 1922 πραγματείᾳ
759 1831 907 1900 λέλεκται
935 1832 990 1900 καὶ
1017 1833 1099 1900 κατὰ
1127 1832 1229 1913 ἄλλας
1254 1833 1357 1913 τινάς.

211 1944 242 2006 εί
262 1937 324 2027 μέν
347 1938 410 2028 γὰρ
434 1936 536 2020 οὐδέν
560 1937 641 2027 ἡμῖν
665 1939 731 2006 έστι
755 1934 901 2024 φυσικὸν
933 1936 1121 2026 κριτίριον,
1152 1937 1232 2008 οὐδὲ
1254 1955 1424 2028 πηνα-128

209 2043 271 2113 κὸν
291 2047 296 2134 Ι
317 2041 419 2113 οὐδὲν
442 2043 554 2134 εὑρεῖν
577 2043 806 2133 δυνησόμεθα·
841 2043 966 2132 φνσικδ
990 2045 1028 2113 δὲ
1050 2051 1179 2133 ἔχοντες
1202 2045 1358 2135 εὕροιμεν
1373 2067 1397 2107 ¹⁵

210 2149 253 2220 ἄν
274 2179 307 2220 τι
334 2153 389 2220 καλ
416 2153 577 2239 τεχνικόν.
622 2145 687 2239 ἆρα
716 2144 780 2221 οὖν
807 2153 925 2240 ἔχομέν
950 2178 1027 2220 τινα
1050 2151 1175 2240 φυσικὰ
1203 2153 1357 2242 κριτήρια

247 2338 261 2385 1
285 2331 387 2400 γνῶντι
415 2332 515 2386 M-
543 2339 558 2387 2
588 2327 655 2401 αλλη
657 2353 673 2386 ν
696 2332 725 2385 Μ
752 2325 824 2400 αλην
850 2329 1016 2385 ΔΒο11.-
1040 2337 1057 2385 3
1082 2335 1238 2402 κρητηρίων
1260 2331 1297 2386 Μ.
1320 2365 1357 2374 -

213 2409 243 2456 11
264 2403 348 2490 δείξω
371 2400 424 2473 μέν
442 2403 471 2458 Μ
495 2405 631 2474 δείξωμεν
638 2352 772 2459 ηΑΒμ-
798 2409 829 2456 12
840 2400 967 2488 περὶ
934 2421 985 2470 της
1002 2397 1175 2469 ἀποδείξεως
1193 2404 1273 2459 codd.
1292 2404 1354 2460 edd.

210 2472 288 2600 mii
294 2467 377 2599 “Mi
396 2491 508 2532 nos.—
536 2481 569 2529 14
587 2467 728 2545 τεχνικόν
747 2465 796 2543 ἆρ’
817 2464 869 2526 οὑν
888 2472 1008 2542 omissis,
1027 2489 1097 2544 quae
1116 2473 1264 2530 interiectu
1282 2479 1355 2544 sunt,

211 2561 261 2600 ver
280 2563 305 2600 ιε
381 2576 414 2586 -

213 2691 375 2758 demum
364 2691 505 2756 mveniri
532 2713 642 2776 posse,
672 2692 700 2756 si
724 2691 864 2775 primum
887 2691 974 2775 viae,
1001 2713 1083 2776 quse
1111 2691 1152 2756 ad
1179 2714 1235 2758 ees
1262 2693 1359 2778 ducit,

212 2797 344 2863 initium
368 2799 567 2884 cognoveris,
591 2820 692 2883 aquo
716 2799 743 2862 si
763 2798 974 2881 aberraveris,
996 2799 1031 2863 in
1054 2799 1173 2866 multos
1195 2801 1359 2866 rationum

213 2925 338 2968 errores
361 2903 564 2990 ludibriaque
588 2905 756 2970 deleberis.
802 2903 922 2968 Iisdem
946 2908 1054 2969 autem
1077 2895 1218 2990 iudiciis,
1242 2908 1358 2992 quibus

211 3010 344 3076 initium
366 3011 573 3096 indagavisti,
597 3012 696 3077 etiam
721 3033 768 3094 ea,
791 3032 872 3095 quoe
891 3009 1020 3074 initium
1040 3011 1179 3076 seeundo
1203 3015 1236 3076 et
1258 3013 1358 3078 tertio

214 3116 286 3184 looo
320 3116 572 3203 subsequuntur,
612 3118 764 3201 deinceps
803 3116 996 3203 singillatim
1033 3117 1143 3184 omnia
1175 3118 1358 3205 indagabis.

213 3222 380 3300 Quomodo
413 3224 514 3310 igitur
546 3225 675 3290 initium
702 3224 929 3290 inveniendum
961 3225 1032 3290 est?
1081 3224 1168 3291 Num
1195 3229 1229 3289 et
1255 3225 1358 3309 Plato,

213 3353 286 3396 eum
309 3331 517 3415 proverbium
544 3332 705 3412 laudaret,
734 3354 798 3416 quo
823 3331 914 3396 aiunt
936 3331 1067 3398 initium
1091 3355 1160 3397 esse
1188 3331 1357 3397 dimidium

212 3438 324 3521 totius,
348 3438 418 3522 ipse
443 3439 591 3505 adiunxit
614 3436 814 3508 ‘maximum’
838 3438 968 3504 initium
990 3439 1100 3506 dicens
1123 3439 1223 3504 totius
1250 3440 1358 3524 operis

213 3543 390 3610 maximum
414 3567 498 3630 esse,
525 3549 558 3610 et
581 3545 638 3611 alii
660 3545 809 3611 nonnulli
832 3546 954 3630 partim
976 3568 1042 3611 non
1068 3544 1165 3610 modo
1189 3545 1358 3610 dimidium

213 3650 316 3717 totius
340 3673 425 3735 esse,
453 3652 509 3717 sed
532 3653 672 3737 emplius
697 3674 795 3736 quam
817 3651 999 3735 dimidium,
1028 3651 1147 3734 purtim
1174 3652 1224 3716 vel
1252 3655 1358 3717 totum

213 3757 321 3842 ipsum
344 3761 507 3843 potestate
531 3781 600 3825 esse
629 3761 786 3826 dixerunt.
830 3758 902 3823 lem
925 3759 1129 3824 ostendemus
1152 3758 1267 3844 igitur,
1295 3782 1360 3844 que

214 3865 342 3931 ratione
364 3864 494 3930 initium
520 3866 716 3932 inventionis
740 3888 864 3945 eorum,
893 3887 976 3950 quae
998 3866 1033 3931 in
1059 3865 1282 3952 quaestionem
1305 3889 1358 3932 vo·

214 3975 338 4056 centur,
360 3972 510 4057 indagari
533 3975 646 4057 possit,
670 3975 960 4038 commemorantes
983 3973 1133 4052 breviter,
1157 3995 1237 4059 quae
1260 3973 1358 4058 pluri·

214 4079 273 4144 bus
298 4101 371 4144 cum
395 4079 489 4164 alibi,
511 4082 581 4144 tum
604 4080 640 4145 in
663 4079 755 4144 libris
780 4079 819 4144 de
842 4081 1118 4147 demonstratione
1141 4081 1359 4146 disseruimus.

211 4184 300 4251 Nam
328 4186 357 4250 si
379 4185 505 4251 nullum
532 4187 567 4253 in
589 4187 685 4253 nobis
706 4186 856 4251 nuttuale
883 4186 1038 4252 iudicium
1061 4192 1124 4272 est,
1151 4208 1193 4252 ne
1215 4188 1359 4253 invenire

213 4291 355 4377 quidem,
384 4292 470 4377 quod
498 4294 532 4358 in
562 4297 631 4358 erte
659 4297 823 4378 versetur,
852 4295 1045 4378 poterimus3
1077 4298 1112 4360 et
1139 4294 1167 4360 si
1194 4295 1359 4361 naturalia

213 4397 333 4464 iudicis
355 4398 523 4486 habemus,
545 4400 644 4466 etiam
667 4400 748 4465 illud
770 4399 981 4467 inveniemus.
1025 4401 1234 4468 Habemusne
1257 4402 1361 4490 igitur
1437 4393 1440 4398 Δ
