3136 5136
780 409 1023 474 -222—

324 569 530 657 κυριώτατον
552 572 621 637 τῶν
643 567 822 654 λημμάτων
845 565 1150 654 παραλελειμμένου
1174 561 1287 644 αὐτοῖς
1314 561 1335 650 ἢ
1359 566 1461 632 ἑκοῦσι

324 681 524 764 σοφιστικῶς
556 671 575 762 ἢ
608 673 749 743 ἄκουσιν
780 672 845 740 ὑπὸ
879 670 1087 759 ἀγυμνασίας
1117 676 1176 758 τῆς
1207 671 1368 758 μεθόδου.
1414 675 1464 739 διο

324 785 379 852 καὶ
418 781 686 872 παρακρούονται
723 780 783 848 τὸν
820 777 989 866 ἀκροατὴν
1026 775 1067 846 οὐ
1100 778 1292 865 δυνάμενον
1329 775 1466 864 άιιριβδς

326 893 508 967 διελέσθαι,
531 889 673 976 πότερον
692 891 759 956 τῶν
777 885 957 973 λημμάτων
976 887 1067 953 ἐστὶν
1086 882 1219 972 ἀληθές,
1243 895 1306 953 εῐτε
1331 883 1367 954 τὸ
1391 885 1464 952 κατὰ

292 997 386 1084 fieriu
420 1000 452 1078 ἔξ
485 996 649 1084 πρόθεσιν
678 993 893 1081 ἠρωτημένον
925 1001 988 1059 εἴτε
1020 991 1058 1058 τὸ
1092 991 1173 1060 κατὰ
1206 991 1269 1078 τὴν
1302 990 1381 1060 ὑπό·
1412 992 1467 1078 τὴν

325 1102 431 1191 ἀρχὴν
458 1102 520 1190 μὲν
548 1100 612 1190 γάρ
636 1098 714 1169 οὐδὲ
743 1102 901 1186 λέγουσιν
928 1095 1010 1166 αὐτὸ
1038 1098 1120 1166 κατά
1150 1126 1186 1185 γε
1209 1099 1273 1186 τὴν
1295 1101 1400 1183 λέξιν,
1426 1105 1468 1177 εἰς

326 1212 366 1278 δέ
390 1237 427 1296 γε
450 1210 512 1296 τὴν
540 1207 700 1276 σύστασιν
726 1210 787 1273 τοῦ
819 1206 922 1292 λόγον
949 1205 1073 1284 παντὸς
1107 1203 1152 1285 ὡς
1180 1206 1349 1293 εἰρηκότες
1375 1227 1467 1292 προσ-

260 1334 320 1390 ⁶230
330 1323 482 1406 χρῶνται.
508 1316 513 1404 1
537 1315 573 1382 τὸ
594 1312 656 1402 γάρ
681 1316 727 1381 ‘el
749 1312 784 1379 δὲ
805 1305 847 1398 ἦν
866 1309 930 1380 άπὸ
949 1315 1010 1380 τοῦ
1030 1312 1215 1398 ἐγκεφάλου
1234 1314 1468 1400 ἐκπεμπομένη,

327 1423 387 1494 οὐκ
411 1421 454 1492 δν
477 1421 533 1492 διὰ
557 1421 729 1509 φάρυγγος
747 1421 964 1506 ἐξεπέμπετά,
986 1417 1069 1486 κατά
1092 1417 1154 1506 τὴν
1176 1424 1238 1488 τοῦ
1260 1427 1468 1508 παραλελειμ-

288 1551 312 1588 1⁰
326 1534 431 1619 μένου
458 1530 626 1618 λήμματος
658 1528 805 1613 δύναμιν
837 1523 961 1612 ἀληθὲς
993 1524 1079 1593 εἶναι
1112 1525 1321 1611 φαντάζεται.
1376 1531 1469 1594 πᾶσιν

327 1631 482 1717 οὖντοῖς
504 1634 736 1724 ἁμαρτήμασιν
760 1631 777 1700 ὁ
801 1637 862 1700 τοὺ
886 1631 1046 1718 Ζήνωνος
1068 1632 1167 1720 λόγος
1191 1630 1386 1714 ὑπεύθυνός
1407 1635 1468 1701 ἐστι

326 1743 409 1812 κατά
436 1742 472 1811 τὸ
503 1743 660 1828 δεύτερον
691 1745 759 1808 τῶν
789 1738 969 1826 λημμάτων
1000 1739 1037 1808 τὸ
1067 1746 1149 1807 νυνί
1177 1767 1233 1826 μοι
1263 1743 1469 1828 λελεγμένον·

326 1854 460 1939 πρῶτον
487 1851 564 1936 μέν,
591 1847 642 1916 ὅτι
669 1847 732 1935 τὴν
759 1844 823 1914 άτιό
847 1845 1011 1933 πρόθεσιν
1035 1847 1072 1912 ἐν
1095 1843 1184 1938 αὐτῷ
1208 1850 1374 1934 παρέλαβε
1398 1849 1469 1915 δέον
1550 1867 1551 1880 1

327 1957 399 2045 ἤτοι
432 1955 493 2043 τὴν
526 1959 558 2038 ἔξ
590 1952 611 2042 ἢ
642 1954 705 2042 τὴν
737 1951 814 2022 ὑπό·
848 1951 1006 2040 δεύτερον
1039 1954 1094 2036 δέ,
1130 1952 1181 2021 ότι
1214 1953 1253 2022 τά
1287 1953 1469 2042 κυριώτατα
1550 1999 1551 2040 ρ

300 2065 500 2152 νπαρέλιπε,
522 2062 561 2130 τό
583 2088 617 2130 τε
641 2059 808 2142 καθόλου,
830 2057 868 2126 τὸ
893 2061 976 2126 ‘adv
999 2058 1036 2126 dt
1060 2059 1096 2128 τὸ
1122 2062 1179 2129 διά
1197 2089 1289 2140 τινος
1318 2061 1468 2149 ἐκπεμπό-

326 2197 430 2259 μενον
453 2171 488 2236 έκ
511 2173 577 2236 τῶν
601 2170 751 2252 συνεχῶν
769 2163 857 2256 αὐτῷ
877 2171 1006 2252 μορίων
1030 2167 1251 2253 έκπέμπεται’,
1274 2167 1313 2237 τό
1338 2195 1373 2237 τε
1395 2167 1469 2236 κατὰ

363 2451 428 2510 eut
453 2458 519 2510 ante
543 2449 614 2509 κατά
639 2447 690 2522 τὴν
714 2469 767 2506 om.
787 2451 808 2504 L
829 2451 954 2519 (bie).—
978 2458 994 2504 5
1019 2447 1309 2538 ἐρωτάμενονλιμ-
1340 2449 1391 2522 τὴν
1409 2457 1467 2508 cute

327 2523 417 2596 ἀρχὴν
436 2544 489 2582 om.
509 2527 594 2581 L.—
615 2524 728 2594 ὓελςμ
730 2543 761 2578 εν
781 2523 914 2592 γεΙι.-
942 2529 974 2577 10
992 2522 1060 2577 πᾶσι
1079 2525 1132 2594 μέν
1152 2516 1307 2580 ode.
1339 2531 1371 2580 13
1382 2521 1468 2610 παρέ-

327 2599 415 2670 λαβον
443 2597 541 2652 ABCh
569 2595 730 2680 παρέλαβεν
758 2596 785 2648 Μ
815 2593 894 2648 Corn.
921 2593 1063 2718 nupe'tupte
1050 2595 1207 2680 εΙιΚ-
1236 2604 1267 2650 lo
1291 2590 1468 2682 πεμπόμενον

328 2669 407 2723 codd.
431 2669 494 2723 edd.
523 2664 738 2738 ἐκπεμπόμενον
766 2673 942 2720 nos-16
971 2685 1024 2736 μορ
1037 2685 1077 2719 ων
1100 2661 1177 2740 αὐτῷ
1202 2667 1281 2722 codd
1310 2667 1376 2724 edd.
1398 2661 1467 2736 αότῷ

328 2742 433 2810 μορίαν
453 2756 515 2805 noc;
535 2740 569 2794 cf.
590 2757 615 2808 p.
636 2745 696 2804 221
717 2743 758 2790 13.
779 2769 809 2775 —
903 2765 908 2774 ·

327 3033 385 3094 aut
413 3028 551 3092 seientes
579 3026 724 3112 captiose
753 3027 809 3089 aut
836 3025 1056 3108 imprudentes
1084 3027 1250 3111 imperitia
1277 3028 1361 3092 artis
1384 3047 1466 3111 prae·

327 3135 514 3200 tarmisisse.
572 3133 696 3198 Idcirco
733 3133 832 3196 etiam
868 3131 988 3196 fallunt
1026 3133 1220 3218 auditorem,
1261 3134 1383 3218 quippe
1417 3129 1465 3214 qui

326 3243 465 3326 nequeat
487 3241 589 3325 probe
612 3240 806 3322 discernere,
831 3243 904 3303 utra
929 3239 1050 3304 sumtio
1075 3261 1153 3302 vera
1176 3241 1232 3324 sit,
1255 3263 1340 3324 quae
1363 3259 1465 3304 secun·

327 3349 403 3413 dum
426 3346 705 3430 Praepositicnem
728 3345 761 3423 έξ
785 3369 827 3410 an
850 3367 932 3429 quae
956 3345 1132 3410 secundum
1150 3340 1215 3410 ὑπό
1239 3347 1464 3432 interrogatum

328 3455 458 3522 omnino
483 3453 570 3518 enim
594 3454 789 3518 sumtionem
809 3453 849 3516 ad
867 3453 1000 3516 verbum
1020 3451 1145 3516 nullam
1164 3453 1284 3534 dicunt,
1307 3453 1363 3517 sed
1387 3458 1464 3536 post·

328 3560 458 3626 modum
482 3560 523 3624 ad
542 3559 793 3626 concludendam
818 3560 976 3624 rationem
1002 3557 1185 3622 universam
1208 3559 1302 3642 quasi
1325 3557 1465 3624 dixerint

350 3671 495 3762 buntur..
516 3666 602 3732 Nam
626 3689 707 3752 quae
731 3667 778 3730 ita
801 3669 862 3730 est:
891 3665 1017 3750 ‘quodsi
1041 3664 1080 3728 de
1104 3665 1236 3730 cerebro
1261 3667 1464 3732 emitteretur.

327 3796 393 3840 non
424 3793 483 3857 per
515 3775 669 3838 arteriam
697 3771 925 3856 emitteretur’‚
953 3772 1203 3856 praetermissae
1235 3771 1406 3838 sumtionis
1435 3767 1461 3828 vi

328 3903 405 3946 vera
436 3901 507 3943 esse
540 3879 752 3944 existimatur.
811 3880 970 3946 Omnibus
1007 3879 1109 3963 igitur
1140 3879 1326 3944 nominibus
1359 3886 1460 3961 peccat

328 3987 467 4053 Zenonis
490 3985 574 4050 ratio
599 3985 633 4050 in
657 3985 717 4050 hac
741 3988 889 4070 secunda,
913 4009 1010 4072 quam
1035 3985 1131 4049 modo
1154 3983 1280 4068 rettuli,
1303 3984 1462 4050 sumtione.

328 4095 469 4180 primum
498 4093 584 4178 quod
606 4091 886 4176 Praepositionem
910 4087 974 4158 άπό
999 4093 1031 4156 in
1056 4113 1095 4154 ea
1118 4091 1241 4174 posuit,
1270 4113 1342 4156 cum
1366 4089 1412 4154 rel
1434 4087 1461 4161 ἐξ

328 4204 379 4268 ecl
394 4195 459 4267 ὑπό
479 4201 624 4286 deberet3
639 4199 753 4264 deinde
772 4200 857 4284 quod
877 4201 1068 4284 praecipuas
1083 4221 1226 4282 (luneque
1244 4193 1461 4282 praetermisit.

328 4313 398 4374 tum
426 4308 642 4372 universalem
667 4305 751 4371 hanc
775 4305 899 4388 ‘omne,
921 4306 1007 4390 quod
1031 4327 1088 4390 per
1110 4303 1234 4390 aliquid
1258 4303 1426 4379 emittitur,
1446 4319 1459 4358 c

329 4415 569 4480 continentibus
597 4414 647 4478 illi
676 4413 824 4498 partibus
852 4411 1037 4487 emittitur’‚
1065 4419 1134 4478 turn
1164 4413 1360 4498 singularem
1390 4407 1458 4468 ‘vot'
