3444 5140
691 413 931 480 -683-

243 568 439 654 ἱσταμένους
461 569 582 658 μόριον
605 575 733 650 αἰτίους
754 575 908 657 γίνεσθαι
933 570 1143 658 νοσημάτων·
1183 567 1253 637 ὀῦκ
1276 566 1389 655 ὀρθῶς

243 675 279 742 δὲ
304 671 321 742 ὁ
346 674 491 744 Πλάτων
514 677 566 744 ἐπὶ
589 681 657 746 τῶν
681 683 853 764 στοιχείων
877 675 967 745 εἶπεν
990 674 1081 745 αὐτό.

331 782 416 869 Περὶ
445 782 571 870 μὲνδὴ
599 788 657 871 τῆς
684 786 914 869 ἐκστοιχείων
941 784 1100 869 γενέσεως
1123 781 1249 870 ὑγιείας
1275 810 1309 852 τε
1332 784 1387 850 καὶ

243 888 348 957 νόσον
371 890 425 957 καὶ
448 894 516 957 τῶν
535 888 744 978 ὁμοιομερῶν
766 891 820 957 καὶ
840 889 981 977 πρῶτων
1000 889 1163 976 σωμάτων
1183 893 1187 977 l
1213 888 1309 957 ἱκανὰ
1333 890 1455 963 culoso

242 999 359 1064 ταῦτα·
401 1000 593 1084 μεταβῶμεν
617 996 653 1064 δὲ
677 995 815 1083 ἐνάτην
839 996 911 1083 ἑξῆς
933 998 1032 1084 ῥῆσιν
1056 998 1093 1064 ἐν
1115 1000 1159 1088 τῷ
1188 1002 1313 1086 Τιμαίῳ
1337 1023 1388 1082 γε-
1408 1019 1421 1060 ι

242 1103 448 1190 γραμμένην,
471 1097 514 1189 ἣν
537 1101 716 1189 φθάνομεν
739 1104 928 1188 ἐξηγεῖσθαι
951 1101 1033 1171 κατὰ
1056 1104 1146 1184 λέξιν
1169 1101 1274 1182 οὕτως
1297 1107 1388 1189 ἕχον-

244 1227 321 1276 σαν·
367 1209 544 1295 *δευτέρων
567 1208 620 1295 δη
633 1208 821 1290 ξυστάσεων
844 1199 889 1276 αὖ
910 1208 992 1276 κατὰ
1016 1209 1121 1297 φύσιν
1144 1212 1389 1296 ξυνεστηκυιῶν

244 1315 393 1402 ’δευτέρα
412 1313 612 1400 κατανόησις
634 1313 832 1402 νοσημάτων
853 1319 899 1406 τῷ
922 1317 1117 1406 βουλομένω
1137 1317 1318 1402 ξυννοῆσαι
1342 1321 1390 1401 γί-

245 1422 379 1506 *γνεται
424 1424 549 1508 μυελοῦ
579 1418 642 1508 γὰρ
674 1421 706 1500 ἐξ
736 1423 874 1489 ἐκείνων
905 1419 1007 1491 ὀστοῦ
1035 1449 1071 1490 τε
1099 1422 1154 1489 καὶ
1183 1420 1306 1508 σαρκὸς
1334 1423 1389 1488 καὶ

244 1526 380 1614 ’νεύρου
404 1528 629 1615 ξυμπαγέντος
651 1531 698 1596 ἔτι
720 1554 755 1596 ιε
773 1532 912 1616 αἵματος
929 1527 1032 1597 ῦλλον
1054 1527 1116 1616 μὲν
1133 1525 1269 1616 τρόπον,
1293 1529 1328 1596 ἐκ
1352 1527 1389 1595 δὲ
1404 1553 1429 1591 ιο

245 1635 324 1701 ετῶν
347 1630 458 1702 αὐτῶν
480 1633 659 1722 γεγονότος
684 1639 752 1703 τῶν
781 1634 843 1723 μὲν
873 1634 984 1704 ἄλλων
1011 1633 1050 1703 τὰ
1080 1644 1215 1704 πλεῖστα
1238 1627 1321 1724 ᾗπερ
1348 1634 1388 1702 τὰ

244 1738 418 1828 (πρόσθεν,
440 1739 480 1808 τῦ
505 1740 541 1809 (ll
559 1743 696 1828 μέγιστα
718 1746 786 1810 τῶν
809 1741 1009 1829 νοσημάτων
1031 1746 1111 1831 τῇδε
1129 1740 1252 1829 χαλεπὰ
1272 1741 1390 1829 ξυμπί-

244 1843 382 1916 ‘moue’
430 1849 467 1916 ἐν
490 1847 621 1926 τούτοις
643 1847 743 1916 πάλιν
767 1846 785 1917 ὁ
809 1847 953 1917 Πλάτων
976 1845 1088 1936 ὀρθῶς
1110 1847 1171 1936 μὲν
1195 1853 1258 1936 ἔφη
1283 1847 1390 1916 δευτέ-

244 1979 310 2042 ραν
332 1951 489 2022 ἁπάντων
508 1960 680 2040 στοιχείων
701 1953 790 2036 εἶναι
809 1953 971 2023 σύστασιν
988 1959 1114 2041 μυελοῦ
1136 1956 1191 2023 καὶ
1210 1952 1312 2024 ὀστοῦ
1334 1956 1390 2022 καὶ

245 2059 368 2150 σαρκὸς
389 2062 444 2128 καὶ
467 2059 606 2149 νεῦρον·
652 2065 755 2129 ταῦτα
784 2061 848 2149 γὰρ
876 2063 911 2128 ἐκ
938 2065 1006 2130 τῶν
1031 2065 1147 2149 χυμῶν
1174 2053 1300 2148 γίνεται
1327 2060 1390 2149 τὴν
1404 2083 1429 2124 1⁵

244 2169 380 2258 πρῶτην
403 2167 548 2255 ἐχόντων
570 2169 712 2256 γένεσιν
758 2166 820 2236 οῦκ
847 2165 959 2256 ὀρθῶς
982 2168 1019 2236 δὲ
1042 2166 1157 2248 αὐτοῖς
1179 2169 1390 2254 σογιιατέλεξε

245 2309 390 2317 -ῴ-
403 2309 457 2314 ...-

282 2373 297 2421 2
318 2361 332 2420 ό
353 2384 406 2420 om.
426 2365 463 2418 M.
484 2395 515 2403 -
540 2363 624 2418 luel
643 2367 709 2418 ante
727 2364 783 2419 τῶν
806 2359 982 2434 ὁμοιομερῶν
1005 2365 1179 2420 inseruimus.
1200 2397 1232 2406 —
1258 2371 1274 2418 7
1293 2363 1389 2420 δευτέ-

245 2458 302 2506 ρων
327 2433 362 2506 δὴ
383 2457 408 2490 ιι.
426 2456 450 2491 τ.
469 2439 491 2489 λ.
515 2435 587 2489 Tim.
611 2454 639 2505 p.
658 2442 692 2490 82
716 2435 774 2490 Bc.
799 2467 831 2476 -
856 2431 1015 2490 τυττάσεων
1042 2435 1122 2490 codd.
1146 2435 1208 2491 edd.
1234 2436 1308 2502 ξυστ.
1339 2452 1389 2490 nos

243 2510 324 2580 (item
338 2527 364 2574 χ.
379 2515 395 2562 8
409 2507 572 2574 ξυννοῆσαι,
586 2525 631 2562 vv.
649 2513 681 2561 10
695 2508 725 2561 et
736 2524 764 2574 p.
780 2513 840 2575 684,
855 2515 871 2560 4
885 2505 1086 2576 ξυμααγίντος,
1106 2526 1132 2561 v.
1153 2513 1184 2561 12
1203 2505 1388 2575 ξυμπέιιτωιιε

244 2578 423 2650 scripsimus).
444 2608 478 2618 —-
502 2584 518 2632 8
537 2578 644 2647 γίνεται
663 2578 743 2632 codd.
762 2577 824 2631 edd.
844 2578 970 2646 γίγνεται
988 2593 1051 2644 nos;
1071 2577 1106 2632 cf.
1125 2578 1208 2633 Proll.
1227 2596 1254 2648 p.
1276 2585 1335 2632 122.
1355 2610 1387 2618 -

245 2659 262 2707 9
281 2649 373 2721 μνελῶ
391 2649 428 2702 Μ.
448 2679 481 2688 -
503 2655 535 2703 10
554 2643 638 2702 ἄλλον
656 2668 685 2702 τε
705 2645 809 2714 τρόπον
823 2649 860 2704 Μ.
880 2679 912 2689 -
934 2656 965 2702 11
986 2643 1144 2718 γεγονότων
1163 2649 1200 2703 Μ.
1219 2681 1255 2690 -
1276 2655 1307 2703 13
1326 2644 1388 2704 τοῦ·

244 2742 304 2784 τοις
322 2721 401 2777 codd.
421 2719 483 2776 edd.
503 2714 535 2774 ἐν
553 2714 662 2782 τοῦτοις
680 2735 737 2774 noa.
758 2751 790 2760 -·

245 2922 399 2987 collectos
423 2920 611 2984 morborum
638 2941 751 2985 causas
781 2919 947 3004 exsistere,
975 2920 1069 2986 Plato
1097 2925 1206 2986 autem
1233 2920 1319 2986 idem
1351 2920 1390 2986 de

244 3027 415 3093 elementis
437 3047 503 3092 non
525 3029 620 3090 recte.

336 3134 442 3198 Aede
465 3131 616 3198 sanitatis
635 3135 804 3219 morbique
824 3156 862 3199 ex
881 3135 1048 3199 elementis
1067 3135 1276 3220 generatione
1295 3137 1328 3198 et
1352 3134 1390 3198 de

245 3241 417 3328 particulis
446 3240 579 3304 minutis
612 3240 698 3304 inter
729 3263 763 3305 se
796 3241 958 3306 similibus
990 3241 1167 3326 primisque
1200 3241 1390 3326 corporibus

245 3349 417 3432 hactenus3
444 3351 648 3411 transeamus
675 3369 760 3416 nunc
788 3349 827 3412 ad
851 3349 1099 3433 subsequentem
1126 3348 1233 3414 locum
1256 3347 1391 3432 Timaei,

246 3479 343 3541 quem
371 3454 438 3518 iam
468 3457 542 3518 ente
571 3454 791 3538 exposuimus,
824 3455 871 3519 sic
901 3451 942 3518 ed
970 3455 1103 3519 verbum
1136 3475 1169 3518 se
1201 3454 1390 3520 habentem:

247 3561 350 3627 ‘Jam
383 3583 472 3626 vero
506 3582 587 3625 cum
621 3562 809 3626 secundae
841 3583 990 3646 quoque
1022 3561 1103 3624 sint
1134 3564 1273 3625 natura
1303 3583 1389 3626 con·

246 3669 412 3734 stilutae
437 3669 753 3753 compositiones,
782 3668 949 3732 secunda
977 3667 1195 3734 morborum
1220 3667 1389 3731 animad-

247 3775 377 3840 versio
406 3775 625 3839 attendenti
655 3795 693 3838 se
726 3774 855 3838 offert.
900 3773 991 3839 Oum
1023 3775 1123 3838 enim
1152 3773 1320 3838 medulla
1348 3797 1391 3838 ex

246 3882 299 3947 iis
332 3886 369 3946 ct
401 3903 442 3946 os
479 3885 515 3944 et
555 3903 643 3946 caro
676 3885 713 3945 et
741 3903 881 3946 nervus
916 3881 1198 3963 concreverint‚
1231 3879 1389 3965 sanguis

246 3991 451 4073 praeterea
479 3988 558 4052 alio
591 3987 744 4071 quidem
773 3987 898 4071 modo,
926 3988 991 4052 sed
1023 4011 1066 4052 ex
1095 3987 1235 4052 iisdem
1263 3987 1389 4051 lectus

210 4114 213 4123 ⁴
247 4095 315 4177 sit,
337 4093 482 4179 reliqui
501 4095 623 4159 morbi
647 4094 870 4180 plerumque
893 4095 963 4177 ita,
986 4098 1027 4158 ut
1045 4094 1209 4178 prioreS,
1232 4093 1390 4158 maximi

246 4223 337 4266 vero
360 4199 431 4265 hoc
455 4201 564 4266 modo
588 4221 726 4286 graves
751 4200 952 4265 occidunt?
998 4201 1061 4266 Hic
1083 4201 1162 4265 item
1184 4199 1280 4264 Plato
1303 4203 1390 4263 recte

245 4307 377 4391 quidem
401 4308 574 4372 secundam
604 4309 747 4373 omnium
776 4307 1008 4371 elementorum
1036 4307 1302 4371 constitutionem
1326 4327 1390 4370 me·

249 4413 368 4497 dullae,
391 4414 485 4497 ossis,
509 4414 624 4498 carnis,
647 4415 737 4478 nervi
757 4413 805 4478 ait
823 4435 905 4499 esse3
924 4413 1004 4480 haec
1028 4413 1114 4478 enim
1133 4435 1172 4477 ex
1190 4412 1391 4496 humoribus,
