3298 5136
637 463 679 470 —-
726 427 789 490 217
839 465 878 471 --

189 581 261 648 ‘rori
290 576 489 668 ἡγεμονικοῦ
517 579 628 666 ὄντος,
652 586 710 670 τῆς
738 583 773 650 δὲ
802 587 869 650 τῶν
892 581 1024 672 νεύρων
1057 581 1159 672 ἀρχῆς
1187 581 1250 654 ιἰπὸ
1279 591 1338 673 τῆς

188 689 345 774 εκεφαλῆς
368 685 490 774 ούσης.’
537 685 554 756 ὃ
578 688 642 776 γὰρ
666 688 708 776 δή
732 688 885 775 βούλεται
910 688 1059 776 λέγεινὸ
1086 690 1278 778 Χρύσιππος
1301 695 1338 761 έν

188 797 265 883 τῆόε
288 797 327 892 τῆ
351 793 460 882 ῥήσει,
483 796 640 863 τοιοῦτόν
659 798 760 864 ἐστιν·
785 801 815 864 εί
836 797 891 863 καί
915 796 1141 884 συγχωρήσειέ
1160 825 1209 878 τις
1232 795 1338 886 ἆρχῆν

188 898 274 968 εἶναι
302 900 434 989 νεύρων
462 900 525 989 τὴν
552 902 716 991 κεφαλήν,
741 900 782 971 ού
809 903 941 982 πάντως
969 899 1012 970 ἂν
1040 906 1077 970 έν
1100 901 1184 992 αὐτή
1213 924 1338 992 συγχω-

188 1006 299 1094 ρήσειε
330 1006 367 1076 τὸ
403 1006 605 1096 ἡγεμονικὸν
638 1008 809 1098 ὑπάρχειν.
866 1005 886 1076 ἃ
920 1009 982 1097 γὰρ
1018 1012 1139 1078 ἐκείνοι
1175 1009 1337 1080 δύνανται
1359 1035 1371 1072 t»

189 1115 297 1201 λέγειν
320 1112 402 1203 ὑπὲρ
426 1121 487 1184 τοῦ
514 1115 577 1204 τῆν
599 1117 719 1204 φωνῆν
744 1119 778 1184 έκ
801 1121 862 1185 τού
880 1117 1028 1204 στήθους
1051 1115 1107 1186 διὰ
1131 1121 1189 1204 τῆς
1211 1118 1338 1207 φάρυγ-

189 1248 249 1307 γος
277 1223 475 1312 ἐκφέρεσθαι
503 1223 565 1311 τήν
592 1221 699 1312 ἀρχὴν
731 1227 790 1311 τῆς
821 1225 987 1312 ἐνεργείας
1013 1238 1083 1303 τοῖς
1113 1232 1244 1313 μορίοις
1273 1228 1338 1294 έπι-

189 1328 381 1416 πεμπούσης
414 1335 473 1418 τῆς
505 1335 665 1418 κεφαλῆς,
697 1336 835 1399 τοιαῦτα
868 1333 969 1412 ἔξεστι
1007 1332 1117 1416 λέγειν
1155 1329 1238 1420 ὑπὲρ
1271 1337 1339 1401 τῶν

190 1433 322 1524 νεύρων
346 1435 426 1524 ἡμῖν
449 1435 494 1518 cic
518 1439 552 1506 έκ
576 1437 638 1526 μὲν
659 1443 717 1526 τῆς
740 1443 885 1525 κεφαλῆς
904 1435 1109 1525 ἀρχομένων,
1133 1435 1196 1506 ἀπὸ
1221 1439 1257 1507 δὲ
1281 1444 1339 1528 τῆς
1384 1479 1389 1490 ·

189 1544 328 1627 καρδίας
355 1542 417 1631 τὴν
442 1546 612 1632 ἐνέργειαν
635 1545 790 1633 ἐχόντων.
835 1541 934 1631 ὥσθ’,
963 1541 1013 1611 ὅτι
1045 1543 1192 1613 δυνατὸν
1221 1547 1256 1614 έκ
1278 1552 1338 1614 τού
1353 1571 1378 1608 1⁰

190 1647 338 1735 στήθους
364 1677 398 1718 τε
426 1653 481 1720 καὶ
511 1652 566 1720 διὰ
589 1658 647 1739 τῆς
674 1651 846 1739 φάρυγγος
878 1652 1099 1738 ἐκπέμπεσθαι
1128 1650 1191 1738 τήν
1219 1652 1339 1740 φωνήν

189 1753 251 1842 τῆν
280 1753 388 1846 ἀρχὴν
414 1763 472 1847 τῆς
499 1759 659 1847 κινήσεως
690 1775 760 1838 τοῖς
792 1761 939 1826 ἐνταῦθα
971 1764 1102 1846 μορίοις
1133 1758 1340 1848 παρεχούσης

191 1865 249 1949 τῆς
270 1867 426 1951 κεφαλῆς,
450 1861 551 1944 αὐτὸς
580 1863 598 1933 ὁ
624 1865 818 1954 Χρύσιππος
845 1862 1068 1952 ὡμολόγησεν.
1114 1863 1240 1934 ούκουν
1262 1893 1336 1955 χρη-

190 1969 287 2037 στέον
311 1971 401 2038 ἐστὶν
424 1969 469 2052 ὡς
491 1969 707 2065 όποόεικτικῷ
735 1977 779 2065 τῷ
803 1972 907 2064 λόγῳ,
934 1971 1086 2060 καθάπερ
1110 1976 1145 2040 οί
1164 1981 1309 2042 πλεῖστοι
1326 1975 1331 2062 i
1348 1991 1404 2048 ctu

191 2079 258 2142 coin
282 2082 444 2147 Στωικῶν
466 2075 699 2168 ὑπειλήφασιν.
745 2082 952 2170 ἐπιχειρεῖται
976 2078 1050 2167 γύρ,
1074 2078 1119 2160 ιός
1141 2077 1249 2163 εἷπον,
1273 2077 1337 2149 ἀπὸ
1353 2101 1378 2140 ¹5·

230 2316 240 2362 1
262 2305 400 2378 κινήσεων
419 2311 498 2366 codd.
519 2311 580 2366 edd.
599 2309 709 2382 νεύρων
728 2328 786 2366 nos.
807 2345 839 2354 -
859 2307 947 2381 ἀρχῆς
965 2313 1013 2366 καὶ
1032 2307 1089 2366 ἀπὸ
1108 2315 1139 2366 L.
1160 2345 1190 2352 —
1217 2321 1232 2366 ‘3
1253 2309 1339 2382 ούσης

192 2377 253 2463 οἷρν
277 2376 291 2432 ό
312 2375 347 2448 δὴ
367 2377 421 2450 γάρ
435 2382 464 2435 Μ
487 2377 573 2450 ούσης
596 2381 657 2437 οἷον
676 2379 730 2468 γὰρ
750 2379 822 2451 trib
842 2379 934 2452 οὔσης.
959 2378 974 2437 ὃ
994 2379 1029 2451 θῆ
1049 2380 1103 2452 γὰρ
1122 2383 1263 2453 ABChK,
1288 2402 1338 2439 noa

192 2471 245 2518 γαρ
273 2447 308 2520 δή
338 2453 543 2508 collocavimus.
574 2487 587 2492 -
633 2462 649 2508 4
676 2456 803 2510 ovante
828 2451 859 2508 ἐν
885 2455 1059 2509 inseruimus.
1090 2487 1120 2494 —
1151 2450 1337 2524 συγχωρήσειε

192 2523 357 2576 LMABt'h
377 2519 548 2593 συγχωρήσει
569 2525 601 2579 Κ.
626 2557 656 2564 -
684 2525 767 2580 tnui
786 2520 817 2579 τό
837 2527 866 2579 Μ
890 2521 920 2580 τό
941 2527 1052 2579 11»
1082 2525 1110 2580 εί
1126 2520 1179 2595 γὰρ
1198 2527 1227 2579 Μ
1246 2521 1264 2581 ἃ
1284 2521 1338 2595 γὰρ

194 2593 252 2648 LA.
275 2626 306 2634 —-
327 2589 406 2648 θδιό
428 2595 477 2650 τοῦ
498 2617 564 2665 φαρ.
580 2596 610 2649 L.
627 2629 657 2636 -
681 2603 713 2650 10
732 2593 856 2651 δυνατὸν
872 2591 1004 2652 έντούΙι
1024 2599 1048 2650 ὃ.
1065 2592 1140 2650 ἐστὶν
1156 2592 1188 2651 έκ
1207 2597 1337 2652 τοῦΜΑ.

195 2695 226 2704 -
254 2673 283 2718 11
305 2660 352 2719 ort
372 2666 422 2720 τοῦ
442 2687 472 2735 φ.
492 2669 523 2722 L.
545 2701 576 2707 -
599 2675 630 2721 κ.)
650 2663 700 2736 τὴν
721 2671 787 2722 ante
806 2663 898 2736 ἀρχὴν
917 2686 966 2722 noe
987 2667 1157 2734 addidimus,
1177 2668 1212 2722 cf.
1231 2687 1258 2738 p.
1278 2675 1338 2734 224,

196 2743 235 2790 10.
262 2767 294 2776 -
326 2744 357 2792 13
383 2731 533 2794 ούιιούνΙι
563 2733 668 2794 ούιιουν
695 2741 763 2794 ΜΑ.
788 2772 822 2779 -
854 2737 1021 2794 δεικτέονΙι
1050 2739 1184 2808 χρηστέον
1209 2741 1275 2794 Mn.
1305 2771 1337 2780 -

195 2815 226 2861 14
245 2801 511 2873 tantumtantum
531 2805 603 2878 λόγω
622 2812 643 2865 L
663 2805 853 2866 ἅποόεικτιιιώ
872 2804 944 2878 λόγω
966 2811 993 2864 Μ
1012 2805 1039 2864 ό.
1059 2810 1097 2880 τῷ
1117 2815 1139 2867 λ.
1159 2813 1191 2865 Α.
1213 2843 1244 2852 -—

192 3043 287 3108 licet
310 3046 356 3109 de
380 3045 524 3127 nervis,
548 3067 710 3130 quorum
734 3066 961 3129 quamquam
986 3045 1143 3109 initium
1167 3067 1186 3109 a
1210 3045 1338 3130 capite

192 3151 483 3234 proficiscitur,
527 3155 654 3234 tamen
694 3152 733 3216 in
777 3152 891 3217 corde
932 3152 1178 3236 principatus
1216 3153 1339 3222 statui

193 3257 339 3342 possit?
401 3259 493 3336 Quod
530 3258 582 3323 his
616 3259 723 3323 verbis
756 3257 958 3343 Chrysippus
991 3259 1073 3342 vult,
1112 3259 1145 3322 id
1177 3259 1243 3323 tale
1276 3265 1338 3324 est:

192 3363 348 3439 Quamvis
368 3365 563 3430 concesserit
581 3367 743 3450 quispiam
770 3369 868 3449 caput
891 3365 1050 3448 originem
1069 3388 1241 3431 nervorum
1260 3388 1339 3449 esse,

191 3494 258 3537 non
289 3475 399 3536 tamen
434 3495 566 3556 prorsus
599 3473 753 3538 concedet
788 3472 823 3536 in
859 3471 970 3535 eodem
1009 3495 1078 3535 esse
1110 3473 1338 3556 principatum.

193 3579 282 3656 Quae
310 3579 397 3644 enim
425 3579 474 3645 illi
503 3579 609 3644 dicere
637 3583 775 3664 possunt
802 3578 840 3642 de
874 3598 927 3662 eo,
956 3579 1040 3662 quod
1074 3601 1135 3643 vox
1164 3601 1180 3642 e
1208 3581 1338 3663 pectore

191 3707 250 3769 per
274 3708 423 3770 asperam
443 3687 598 3751 arteriam
623 3688 792 3752 emittatur
811 3685 971 3769 originem
994 3685 1171 3750 functionis
1189 3686 1338 3770 partibus

191 3793 338 3877 eorporis
363 3794 469 3877 capite
493 3797 700 3880 suggerente,
724 3794 835 3858 eadem
858 3792 953 3860 nobis
976 3792 1053 3856 licet
1076 3792 1180 3857 dicere
1207 3793 1245 3857 de
1269 3815 1338 3857 ner-

190 3900 254 3982 vis,
281 3900 336 3984 qni
360 3924 379 3963 a
407 3901 513 3985 capite
540 3901 669 3985 quidem
700 3900 791 3984 oriri,
820 3901 875 3964 sed
904 3923 923 3964 a
951 3899 1046 3964 corde
1073 3899 1249 3966 functionis
1274 3901 1338 3965 vim

192 4005 338 4091 accipere
363 4011 507 4092 possunt.
550 4007 637 4072 Fieri
662 4008 764 4092 igitur
785 4029 896 4091 posse,
920 4011 991 4072 ute
1015 4010 1145 4092 pectore
1168 4030 1226 4091 per
1249 4029 1340 4090 aspe-

192 4135 264 4178 ram
288 4115 441 4179 arteriam
465 4115 634 4180 emittatur
655 4137 732 4196 vox,
754 4114 832 4178 licet
855 4118 954 4200 caput
976 4113 1027 4178 his
1051 4115 1199 4198 partibus
1223 4113 1338 4179 motio-

191 4221 243 4284 nis
272 4220 401 4286 initium
431 4223 591 4305 praestet,
618 4221 689 4305 ipse
718 4220 885 4286 confessus
915 4225 972 4284 est.
1023 4221 1128 4297 Quare
1155 4243 1222 4285 non
1244 4219 1340 4284 debet

193 4349 231 4391 ea
262 4327 348 4392 ratio
385 4331 541 4411 tanquam
575 4329 615 4392 ad
653 4328 941 4392 demonstrandum
981 4330 1071 4411 apta,
1109 4331 1145 4390 ut
1176 4327 1338 4411 plerisque

194 4430 314 4498 Stoicis
338 4432 458 4518 placet,
485 4433 640 4500 adhiberi.
687 4434 939 4520 Argumentatio
964 4433 1062 4518 enim,
1091 4437 1127 4498 ut
1154 4433 1232 4516 dixi,
1259 4435 1336 4498 fita
