3136 5142
782 405 1023 470 -318-

331 563 507 652 τἐχόμενοι,
530 559 812 651 διαμαρτάνοντες
830 562 876 650 δέ,
899 558 945 640 ὦς
962 561 1035 649 ἐμοὶ
1054 565 1220 648 φαίνεται,
1242 561 1298 628 eal
1317 558 1465 648 ἀγνοοῦν-

332 673 396 750 *τες
416 671 457 738 τὰ
484 669 713 760 περὶτούτων
741 667 978 756 ἱστορούμενα,
1005 668 1081 755 περὶ
1108 659 1158 738 οἷν
1185 664 1227 736 ori
1250 667 1364 756 χεῖρόν
1389 669 1467 736 ἐστιν

333 779 396 846 ‘trel
424 779 528 846 πλέον
559 782 665 846 εἰπεῖν
698 777 735 844 έν
765 790 836 854 τοῖς
863 776 1018 844 ένεστῶσι
1052 774 1220 863 ζητήμασι.
1269 775 1354 862 φασὶ
1380 775 1415 844 δὲ
1441 779 1470 844 ol

332 885 406 974 ‘plu
429 883 535 964 οὕτως
557 882 669 964 ἁπλῶς
691 887 727 953 έιι
749 887 808 971 τής
828 883 890 950 τοῦ
913 880 998 962 Διὸς
1023 885 1170 970 κεφαλῆς
1192 879 1301 970 αὐτὴν
1322 883 1466 968 γενέσθαι

305 989 425 1061 sucos
455 995 755 1080 τιροσιστοροῦντες
785 987 823 1058 τὸ
855 991 925 1069 τοῖς
956 984 978 1075 ἢ
1009 987 1093 1057 κατὰ
1129 995 1205 1058 τίνα
1239 989 1357 1076 λόγον·
1392 987 1409 1058 ὁ
1437 991 1468 1056 δέ

333 1097 503 1179 Ἧσίοδος
521 1100 573 1167 ert
596 1100 699 1167 πλέον
721 1099 809 1183 λέγει
831 1097 869 1163 έν
886 1110 959 1175 ταῖς
975 1101 1170 1181 θεογονίαις
1191 1102 1212 1181 †
1234 1100 1341 1164 τινῶν
1361 1096 1419 1184 μὲν
1439 1097 1470 1164 έν

333 1211 383 1296 ‘epi
415 1211 577 1296 θεογονίρι
614 1203 817 1293 γραφόντων
852 1203 915 1290 τήν
950 1203 1083 1289 γένεσιν
1115 1200 1217 1290 αὐτῆς
1252 1206 1386 1290 πρῶτον
1417 1203 1469 1290 μὲν

333 1313 473 1401 (Μήτιδι
497 1313 746 1400 συγγενομένου
768 1314 830 1379 τοῦ
853 1309 953 1396 Διός,
977 1309 1136 1398 δεύτερον
1159 1309 1197 1378 δέ
1220 1312 1356 1398 Θέμιδι,
1377 1314 1470 1378 τινῶν

333 1420 383 1488 ’δὲ
406 1421 443 1487 έν
465 1418 588 1507 έτέροις
610 1418 718 1498 ἄλλως
740 1415 939 1506 γραφόντων
961 1415 1023 1505 τήν
1046 1418 1179 1504 γένεσιν
1202 1415 1321 1505 αὐτῆς,
1348 1415 1395 1497 ὥς
1414 1416 1469 1504 ἄρα

267 1529 529 1614 δσθλγενομένης
555 1530 665 1614 ἔριδος
693 1528 739 1617 τῷ
769 1530 832 1593 Διῒ
855 1525 911 1594 καλ
941 1525 946 1614 l
974 1527 1014 1614 τή
1035 1522 1124 1615 Ἥρᾳ
1150 1523 1345 1614 γεννήσειεν
1370 1521 1393 1612 ή
1417 1523 1470 1612 μέν

293 1633 432 1723 11””Ηρα
456 1634 512 1702 διὰ
537 1634 656 1721 ἑαυτῆς
677 1631 738 1701 τὸν
752 1630 957 1719 Ἥφαιστον,
979 1628 998 1700 ὁ
1023 1632 1061 1700 δέ
1084 1631 1169 1712 Ζεὺς
1189 1632 1255 1720 τήν
1273 1629 1469 1719 Ἀδήνᾶνέτ

331 1745 401 1828 ’τῆς
422 1741 575 1828 Μήτιδος
597 1745 842 1826 ιιαταιτοθείσης
867 1735 932 1808 ὑπὸ
957 1735 1071 1807 αὐτοῦ.
1115 1737 1136 1826 ή
1163 1739 1226 1828 μὲν
1254 1738 1319 1826 γάρ
1347 1743 1396 1820 εἰς
1421 1735 1469 1805 αὖ·

333 1847 409 1917 ‘rhu
425 1848 604 1928 κατάποσις
625 1851 684 1935 τῆς
700 1845 855 1933 Μήτιδος
877 1847 932 1914 καὶ
951 1850 1053 1916 ἔνδον
1074 1849 1136 1914 τοῦ
1155 1845 1241 1928 Διὸς
1262 1850 1322 1934 τῆς
1337 1843 1470 1932 Ἀθηνᾶς

333 1956 477 2041 “γένεσις
498 1955 580 2024 κατὰ
602 1951 812 2042 ἀμφοτέρους
833 1951 913 2032 τοὺς
940 1952 1061 2039 λόγους
1083 1954 1186 2022 ἐστίν·
1215 1954 1414 2040 διαφέρουσι
1438 1951 1468 2018 δέ

370 2197 383 2243 1
404 2181 628 2259 διαμαρτάνοντι
651 2185 688 2242 Μ.
710 2217 742 2226 -
767 2192 782 2239 3
807 2183 899 2240 εἰπεῖν
917 2190 977 2248 τοῖς
999 2185 1036 2239 Μ.
1056 2215 1089 2226 -
1114 2191 1131 2238 5
1154 2185 1215 2248 ιιολς
1238 2179 1273 2240 oei
1298 2181 1372 2240 κατὰ
1389 2184 1424 2240 ΙΙ.
1442 2213 1467 2224 -

333 2257 401 2316 δέν
420 2267 481 2323 ταῖς
498 2261 663 2328 θεογονίαις
681 2278 707 2314 ιι.
725 2277 748 2311 τ.
767 2261 789 2311 λ.
817 2256 966 2312 ‘mendum
989 2257 1077 2312 inesse
1103 2257 1246 2326 suspicor'
1273 2256 1419 2322 s1.Juse;
1440 2255 1469 2308 cl.

333 2333 516 2388 Schoemann.
535 2331 636 2400 Opusc.
655 2329 732 2384 acad.
752 2329 789 2392 Η,
809 2335 873 2392 42ος
898 2327 998 2398 Bergk.
1018 2327 1090 2383 Hist
1110 2327 1165 2382 hit
1185 2328 1286 2384 Graec.
1306 2329 1334 2394 1,
1353 2335 1415 2391 989,
1433 2333 1468 2380 ⁶2.

334 2435 366 2442 -
391 2411 406 2458 8
427 2401 528 2473 Θέμιδι
550 2401 579 2456 in
598 2419 650 2456 ros.
670 2399 707 2454 ll.
727 2430 759 2438 -
784 2399 869 2452 τινῶν
892 2397 924 2453 δὲ
948 2397 992 2453 bis
1010 2399 1048 2454 M.
1069 2431 1100 2440 -
1125 2405 1141 2452 9
1160 2393 1250 2468 αὑτῆς
1268 2398 1299 2454 ἰιι
1318 2417 1372 2454 res.
1389 2399 1423 2454 ll
1442 2429 1466 2436 -

335 2481 366 2528 13
382 2469 510 2543 Μήτιδος
523 2473 572 2527 καλ
583 2470 666 2528 ἔνδον
680 2470 731 2526 τοῦ
743 2466 812 2532 Διὸς
825 2470 943 2538 omissis,
958 2487 1029 2540 quae
1043 2469 1191 2526 interiecta
1205 2473 1279 2538 sunt,
1295 2470 1388 2526 verbis
1397 2469 1430 2526 l
1440 2499 1467 2508 -

336 2710 442 2772 esset
459 2707 714 2792 principatus.
756 2703 863 2780 Quod
883 2726 965 2769 cum
983 2705 1130 2790 dicunt,
1153 2705 1469 2790 probabilitatem

252 2821 254 2826 '
335 2814 524 2898 quandam
551 2811 613 2877 illi
640 2811 791 2896 quidem
820 2815 1048 2896 sequuntur,
1076 2817 1211 2878 errant
1237 2817 1370 2878 tamen
1397 2831 1470 2876 rnea

334 2919 484 3005 quidem
507 2917 705 2984 sententia
732 2920 783 3000 et,
811 2939 906 3002 quae
929 2919 973 2984 de
1000 2919 1063 2984 his
1091 2919 1286 2988 historiae
1310 2917 1469 2984 tradide-

333 3029 435 3110 runt,
458 3025 648 3110 ignorant.
694 3024 782 3101 Qua
798 3024 842 3089 de
864 3047 903 3090 re
933 3025 972 3090 in
995 3025 1057 3090 his
1079 3025 1382 3111 quaestionibus
1404 3045 1467 3090 nou

333 3134 501 3198 alienum
539 3136 597 3196 est
632 3131 834 3216 copiosius
871 3132 1076 3198 disserere.
1132 3131 1322 3199 Nonnulli
1359 3131 1469 3218 igitar

334 3240 514 3304 absolute
545 3237 602 3302 ita
632 3237 779 3322 dicunt,
816 3261 832 3302 e
869 3239 983 3306 Jovis
1015 3241 1143 3324 capite
1181 3259 1266 3304 eam
1305 3240 1465 3325 genitam

332 3367 416 3410 esse
448 3365 586 3429 neque,
618 3345 805 3429 quomodo
838 3368 959 3431 quare
990 3347 1142 3412 ratione
1175 3345 1212 3410 id
1239 3345 1386 3412 facturn
1410 3344 1467 3412 sit.

332 3451 545 3537 explicant3
572 3449 765 3517 Hesiodus
792 3475 885 3518 vero
912 3453 1039 3518 fusius
1067 3475 1144 3518 rem
1177 3453 1217 3518 in
1239 3451 1465 3538 Theogoniis

332 3557 594 3644 persequitur,
622 3579 704 3622 cum
731 3558 801 3623 alii
830 3560 868 3625 in
890 3558 1116 3646 Theogonis
1143 3563 1269 3628 ortum
1296 3558 1388 3624 deae
1413 3556 1461 3620 ita

332 3666 521 3748 scribant,
555 3665 689 3730 Jovem
727 3667 891 3749 primum
920 3688 1002 3732 curn
1034 3666 1191 3751 Metide,
1227 3665 1366 3732 deinde
1395 3685 1464 3728 cau

331 3773 516 3839 Themide
544 3771 825 3838 consuetudine
852 3773 991 3838 hahita
1019 3795 1100 3838 eam
1134 3793 1380 3857 procreasse,
1404 3768 1464 3834 alii

333 3881 451 3945 aliter
487 3880 569 3944 eius
602 3879 897 3963 generationem
927 3879 1119 3959 referant,
1156 3903 1239 3946 curn
1273 3876 1464 3946 contentio

332 3987 436 4052 inter
471 3985 608 4052 Jovern
645 3989 682 4049 et
712 3985 903 4052 Junonem
940 3991 1025 4052 orta
1062 3991 1178 4070 esset,
1213 3987 1323 4052 illam
1360 4007 1401 4050 ex
1432 4001 1464 4046 se

333 4093 560 4178 Vulcanum,
599 4090 733 4158 Jorern
770 4091 982 4160 Minervam
1025 4115 1069 4159 ex
1109 4093 1297 4160 devorata
1338 4085 1464 4158 hie-tide

333 4201 523 4285 genuisse.
577 4199 736 4265 Metidis
770 4199 871 4264 enim
903 4199 1107 4266 devoratio
1140 4205 1181 4265 et
1211 4199 1407 4266 Minervae
1434 4197 1463 4258 io

332 4306 444 4372 Jovis
464 4328 623 4390 corpore
643 4306 847 4392 generatio
865 4305 905 4372 in
923 4311 1087 4392 utraque
1106 4307 1283 4374 oratione
1303 4305 1465 4372 habetur.

335 4411 404 4476 Sed
434 4413 624 4477 differunt
656 4413 692 4478 in
725 4435 784 4494 eo,
817 4434 890 4497 quo
922 4414 1031 4478 morlo
1060 4415 1155 4478 hoec
1184 4413 1363 4480 confecto
1395 4413 1463 4477 lue·
