3296 5150
607 401 849 466 -391-

153 559 206 626 καὶ
229 554 333 626 πάνθ’
359 555 422 626 ὅσα
448 561 595 628 τοιαῦτα.
638 559 698 640 τὰς
724 557 786 646 μέν
814 557 856 648 δὴ
879 555 1042 640 τοιαύτας
1057 561 1169 650 ῥήσεις
1191 559 1296 632 αὐτοῦ

48 719 54 730 ,
151 691 216 734 τινι
240 663 322 732 κατὰ
345 662 470 753 σχολὴν
493 666 638 753 ἐκλέγειν
661 667 831 754 ἐπιτρέπω.

240 772 468 859 Δεόειγμέυου
498 771 534 842 dd
562 771 626 862 ἤδη
653 777 770 862 σαφῶς
796 769 908 842 αὐτῶν
934 776 996 842 τοῦ
1022 773 1129 844 τόπου
1156 777 1295 865 μεταβή-

150 901 249 967 σομαι
280 880 336 946 έπί
358 905 435 946 τινα
462 882 530 947 τῶν
557 877 622 948 ὑπὸ
650 882 712 948 τοῦ
740 884 973 949 Ποσειδωνίου
1004 879 1088 970 πρὸς
1118 879 1180 952 τὸν
1207 883 1295 972 Χρό-

150 1009 272 1056 σιππου
301 982 558 1072 ἀπειρημένων.
612 982 648 1055 ‘d
677 989 762 1072 γοῦν
789 985 868 1072 ὄρος
896 978 1008 1068 οὖτος’
1037 995 1141 1076 φησίν
1174 987 1208 1059 εὁ
1236 995 1321 1078 τῆςε

149 1093 276 1181 Ἰόπης,
300 1091 409 1178 ὥσπερ
434 1083 496 1161 οὖν
518 1093 573 1162 καί
597 1091 691 1161 ἄλλοι
714 1093 832 1161 πολλοὶ
855 1098 922 1162 τῶν
944 1103 1065 1164 παθῶν
1088 1094 1153 1166 ὑπό
1176 1124 1210 1166 τε
1231 1097 1295 1186 Ζή-

149 1205 270 1281 ὐωνος
292 1201 460 1288 εἰρημένοι
484 1201 538 1269 καί
561 1199 644 1288 πρὸς
670 1203 731 1268 τοῦ
753 1207 951 1287 Χρυσίππου
973 1205 1209 1291 γεγραμμένοι,
1237 1225 1292 1274 σα-

149 1311 232 1395 ‘poia
255 1307 458 1394 έξελέγχονσι
481 1305 544 1395 τὴν
567 1304 705 1394 γνιόμην
728 1303 841 1375 αὐτοῦ.
887 1307 990 1390 δόξαν
1017 1308 1081 1396 γὰρ
1104 1307 1190 1377 εἰναι
1213 1310 1293 1399 πρό-

149 1418 291 1501 ‘ammon
321 1416 382 1482 τοῦ
409 1410 513 1482 κακὸν
539 1409 628 1506 αὐτῷ
655 1419 813 1500 παρεῖναί
837 1435 919 1502 φησι
945 1413 1008 1502 τὴν
1036 1415 1155 1503 λύπην.
1205 1409 1292 1510 έυςό

149 1523 214 1590 ‘uui
246 1519 499 1608 συντομώτερον
531 1521 636 1588 ένίοτε
667 1521 820 1606 λέγοντες
855 1511 925 1589 ὧδέ
952 1545 1022 1603 πως
1052 1525 1291 1612 προφέρονται·
1308 1551 1332 1590 ro

149 1627 246 1716 ‘idun
271 1628 338 1696 ἐστὶ
363 1625 444 1708 δόξα
466 1626 659 1714 πρόσφατος
681 1630 786 1696 κακοῦ
808 1630 1012 1715 παρουσίας.’
1054 1628 1140 1698 εἶναι
1164 1629 1226 1718 μὲν
1249 1631 1291 1718 δὴ

147 1732 184 1805 τὸ
207 1733 403 1823 πρόσφατόν
431 1754 513 1821 φησι
539 1733 577 1802 τὸ
601 1730 754 1821 ὑπόγυου
776 1733 858 1802 κατὰ
885 1734 946 1803 τὸν
971 1734 1112 1823 χρόνον,
1139 1733 1229 1819 ἄξιοι·
1254 1738 1291 1808 δὲ

146 1843 208 1932 την
231 1846 342 1910 αἰτίαν
368 1838 434 1910 ὑπὸ
458 1837 569 1910 αὐτῶν
597 1843 760 1930 ῥηθῆναι,
788 1839 844 1909 διὰ
871 1837 914 1929 ἣν
942 1840 962 1930 ἡ
990 1846 1051 1910 τοῦ
1078 1847 1182 1913 κακοῦ
1210 1845 1291 1927 δόξα

56 1973 64 1990 ·
145 1949 337 2038 πρόσφατος
368 1947 430 2036 μὲν
466 1939 551 2016 οὖσα
587 1949 755 2018 συστέλλει
790 1973 825 2016 τε
856 1947 919 2036 τὴν
950 1948 1061 2038 ψυχὴν
1092 1952 1147 2020 καί
1181 1951 1292 2040 λόπην

146 2057 328 2146 ἐργάζεται,
355 2065 572 2143 χρονισθεῑσα
601 2055 637 2123 di
669 2051 689 2144 ἢ
717 2051 797 2123 οὐδὲ
830 2053 915 2136 ὅλως
942 2053 962 2144 ἢ
991 2054 1052 2125 οὐκ
1080 2055 1132 2125 ἔθ’
1167 2055 1291 2147 ὁμοίως
1306 2085 1330 2124 ιε

145 2223 356 2234 .-...-.----

184 2317 196 2364 1
215 2301 293 2366 adad
312 2305 401 2361 MAB
425 2301 502 2380 αὐτῷ
521 2305 563 2362 ch
581 2301 671 2360 αὐτοῦ
691 2305 724 2360 Κ.
745 2335 776 2346 -
802 2307 933 2376 sdedety
955 2305 1022 2361 ένου
1041 2326 1070 2362 τε
1090 2309 1127 2364 Μ.
1146 2339 1181 2348 -
1207 2327 1289 2380 μετα-

145 2377 266 2454 βήσομαι
285 2373 313 2433 δ’
335 2373 401 2432 ἐπεί
416 2377 445 2432 Μ
467 2397 494 2448 μ.
514 2372 543 2432 δ’
564 2372 615 2432 tut
629 2377 682 2432 AB
705 2395 733 2446 μ.
753 2371 787 2445 δὴ
809 2373 859 2432 ἐπί
875 2327 954 2432 (ἰαί
971 2373 1000 2432 d’
1025 2379 1070 2433 vel
1093 2374 1128 2448 δὴ
1148 2379 1288 2436 eiecimus.

145 2483 177 2494 -
198 2459 214 2508 6
233 2445 302 2519 ἄτης
320 2442 400 2518 (iiras
418 2449 454 2520 A)
472 2447 577 2504 Mssch
595 2443 666 2518 ἄσης
684 2447 709 2502 Κ
727 2443 816 2518 λοίπης
830 2447 910 2503 Corn.
925 2447 1013 2514 Bake;
1033 2449 1068 2504 ef.
1087 2449 1171 2506 Proll.
1190 2469 1237 2520 pp.
1254 2457 1287 2508 63

144 2527 174 2580 et
191 2529 234 2579 82.
254 2551 286 2562 -
307 2527 323 2576 9
342 2515 374 2576 τό
393 2516 483 2576 κατόν
501 2521 581 2575 codd.
600 2519 663 2574 edd.
681 2519 732 2574 τοῦ
751 2538 775 2573 a.
796 2537 854 2575 nos.
874 2551 906 2560 —
928 2527 961 2575 10
979 2519 1188 2590 προσφέρονται
1201 2522 1238 2577 Μ.
1255 2554 1287 2563 -

146 2604 176 2651 ll
197 2592 249 2666 pia
268 2594 318 2648 δεῖ
330 2592 368 2647 Μ.
387 2623 421 2633 -
447 2599 479 2646 12
497 2586 634 2661 ὑπόγειον
653 2591 690 2645 Μ.
714 2621 747 2630 -
774 2597 805 2646 13
825 2589 920 2645 αἰτίαν
939 2587 1034 2646 αὐτῶν
1052 2593 1132 2650 codd.
1151 2593 1213 2648 edd
1232 2591 1287 2650 αἰτ.

144 2662 200 2723 ὑπὸ
220 2658 283 2720 αἰτ.
302 2679 367 2732 μοις
386 2663 420 2719 ot.
439 2663 524 2719 Proll.
543 2681 569 2732 p.
591 2668 649 2718 107.
671 2693 703 2702 —

144 2921 232 3000 Quos
256 2917 385 3005 quidem
408 2917 498 2982 locos
522 2913 619 2982 alicui
642 2936 701 3000 per
720 2915 824 2980 otium
843 2915 1043 3002 colligendos
1066 2917 1288 3001 relinquimus.

232 3023 392 3104 Quoniam
416 3027 525 3088 autem
547 3022 688 3088 formam
712 3044 824 3088 eorum
847 3023 928 3086 satis
952 3025 1064 3106 aperte
1087 3023 1286 3089 demonstra·

141 3136 261 3218 vimus,
291 3131 331 3198 ad
360 3131 533 3216 quaedam,
564 3151 645 3214 quae
675 3152 695 3193 a
720 3129 894 3196 Posidonio
927 3131 1041 3194 eontra
1067 3127 1287 3215 Chrysippum

141 3243 305 3323 dicuntur,
334 3237 555 3304 transibimus.
611 3235 730 3302 ‘Haeo
762 3237 914 3322 quidem
947 3234 1148 3304 definitio'
1181 3235 1287 3320 inquit

142 3345 439 3433 ‘aegritudinis‚
477 3345 580 3410 siout
617 3343 721 3409 aliae
759 3345 903 3409 multae
940 3341 1285 3428 perturbationum

141 3453 398 3517 definitiones
423 3451 611 3516 aZenone
634 3451 764 3516 diotae
788 3455 825 3516 et
848 3473 868 3516 a
891 3448 1110 3536 Chrysippo
1133 3449 1284 3514 litteris

142 3558 348 3623 mandatae
367 3557 577 3623 manifesto
600 3559 834 3624 sententiam
859 3557 940 3624 eius
963 3556 1157 3622 refellunt
1194 3555 1283 3640 Opi-

141 3665 294 3730 nionem
318 3664 417 3728 enim
441 3669 649 3750 recentem,
676 3687 754 3750 qua
776 3666 916 3731 malum
940 3665 1026 3749 quis
1051 3663 1127 3728 sibi
1150 3663 1284 3728 adesso

141 3773 269 3856 putet,
292 3769 349 3835 ait
371 3791 455 3834 esse
479 3771 774 3856 aegritudinem.
810 3772 852 3838 In
875 3795 947 3857 quo
972 3772 1088 3837 etiam
1107 3770 1284 3855 pressius

140 3875 333 3943 interdum
352 3876 590 3942 definientes
612 3878 651 3943 in
674 3879 774 3944 huno
794 3880 942 3945 modum
962 3879 1107 3944 dieunt:
1151 3877 1284 3964 Aegri-

140 3984 230 4048 tudo
259 3986 319 4048 est
346 3983 481 4067 opinio
513 4005 648 4050 reeens
681 3985 773 4050 mali
801 3983 1043 4070 praesentis?
1094 3985 1142 4050 Αο
1172 4006 1282 4049 reeens

138 4090 269 4175 quidem
295 4089 443 4176 intellegi
472 4089 531 4174 ait,
562 4091 648 4176 quod
680 4097 825 4178 tempore
849 4093 1032 4177 proximum
1062 4090 1119 4176 sit3
1152 4112 1283 4155 oausam

139 4219 216 4263 vero
243 4197 286 4264 ab
309 4196 376 4262 illis
403 4197 546 4282 quaerit,
578 4221 634 4262 our
657 4201 727 4284 fiat,
760 4205 796 4266 ut
823 4199 902 4266 mali
930 4220 1041 4264 reeens
1070 4195 1181 4281 opinio
1209 4217 1282 4261 oon-

138 4303 249 4368 trahat
271 4303 416 4370 animum
435 4308 469 4369 et
487 4305 722 4390 aegritudinem
742 4306 872 4392 efficiat,
895 4307 1075 4372 inveterata
1094 4305 1203 4366 autem
1227 4305 1284 4366 aut

138 4410 271 4478 omniuo
299 4433 366 4477 non
393 4415 543 4479 autnon
570 4411 636 4477 iam
664 4411 776 4478 eodem
803 4413 900 4480 modo
933 4411 1077 4478 animum
1101 4409 1282 4477 contrahat.
