3228 5148
636 427 855 494 ‚77-

164 594 294 656 tantum
312 589 469 656 lectiones
489 590 706 673 enotavimus‚
725 611 807 674 quae
825 594 937 654 tamen
955 588 1144 674 neutiquam
1167 607 1317 673 spernen-

163 697 226 762 dae
250 701 336 763 sunt

255 804 328 870 Iam
351 825 433 889 quae
456 804 543 868 ratio
567 803 651 868 inter
674 803 734 869 hos
754 803 880 868 codices
903 803 1096 886 intercedat,
1120 802 1149 870 si
1172 802 1317 886 explora-

146 899 322 992 remmus,
344 911 542 994 reperiemus
561 931 626 973 non
646 909 751 974 solum
770 909 837 974 MA
855 911 941 976 inter
959 931 1007 993 se,
1026 912 1180 994 utsupra
1199 907 1243 993 (p.
1265 907 1319 994 15)

164 1019 424 1084 demonstratum
448 1021 511 1099 est,
534 1015 590 1078 sed
613 1015 713 1080 etiam
736 1015 812 1102 FPp
836 1039 909 1082 cum
932 1015 998 1080 MA
1020 1015 1174 1100 pleraque
1197 1015 1319 1079 habere

165 1125 366 1210 communia3
391 1146 411 1187 a
433 1121 574 1188 secundo
597 1122 684 1187 enim
707 1121 792 1192 libro
816 1123 947 1188 initium
971 1122 1163 1206 excerpendi
1184 1121 1319 1205 faciunt,

165 1235 204 1296 ut
225 1230 398 1316 intellegas
423 1229 540 1313 codici,
563 1229 647 1294 unde
670 1229 735 1296 loci
754 1229 896 1314 excerpti
920 1232 1008 1312 sunt,
1031 1229 1173 1312 primum
1197 1229 1318 1293 librum

166 1359 268 1424 aeque
287 1359 326 1402 ao
349 1337 514 1403 codicibus
533 1335 599 1400 MA
623 1335 776 1422 defuisse3
800 1339 969 1420 praetcrea
991 1334 1147 1400 lectiones
1171 1335 1318 1400 codicum

164 1445 242 1530 FPp
273 1446 341 1510 sire
369 1444 491 1528 probae
519 1443 587 1507 sive
614 1464 736 1527 pravae
768 1442 816 1506 ita
849 1445 926 1506 sunt
956 1445 1178 1525 comparatae,
1211 1445 1247 1504 ut
1280 1463 1319 1505 ex

165 1552 280 1617 eodem
309 1550 400 1616 fonte
429 1573 492 1635 quo
520 1547 586 1613 MA
613 1549 744 1614 fluxisse
778 1553 943 1633 appareat
991 1546 1079 1613 Nam
1111 1547 1139 1612 si
1170 1569 1251 1632 quae
1284 1547 1319 1612 in

166 1659 234 1722 illis
257 1679 377 1742 pravae
402 1661 459 1721 aut
481 1657 585 1723 bonae
609 1655 830 1740 inveniuntur,
853 1655 970 1740 quibus
993 1653 1059 1718 MA
1082 1657 1213 1737 vacant,
1243 1654 1317 1718 illas

166 1765 219 1830 rel
247 1787 285 1828 ex
315 1764 449 1849 propria
475 1763 685 1828 librariorum
710 1762 920 1848 neglegentia
946 1762 998 1826 vel
1029 1783 1068 1824 ex
1100 1765 1318 1826 correctorum

166 1871 302 1937 libidine
334 1871 498 1956 profectas
531 1891 613 1952 esse,
648 1867 709 1932 has
746 1871 855 1933 autem
888 1868 991 1934 codici
1028 1867 1136 1932 deberi
1173 1867 1317 1932 melioris

164 1981 263 2044 notae
282 1999 380 2062 quam
398 1977 448 2041 illi
467 1976 607 2058 codices,
625 1996 642 2038 e
661 1974 777 2059 quibus
796 1974 863 2038 MA
880 1974 1089 2058 transscripti
1108 1977 1197 2056 sunt,
1216 1973 1317 2038 fuisse

166 2083 331 2167 videntur,
359 2083 413 2168 qui
441 2086 552 2148 tamen
578 2081 689 2166 utique
720 2081 837 2146 horum
871 2080 1118 2145 similitudinem
1146 2081 1318 2164 rettulerit,

165 2190 263 2256 facile
297 2189 440 2256 conicias
469 2210 486 2252 e
514 2188 684 2271 scripturis
717 2188 751 2252 in
778 2187 988 2253 adnotatione
1021 2188 1135 2252 critica
1167 2189 1317 2252 enotatis.

166 2297 282 2382 ltaque
300 2295 443 2379 MAFPp
463 2293 575 2359 eadem
594 2294 695 2377 stirpe
715 2295 792 2358 sunt
809 2293 850 2358 ad
873 2294 1022 2378 idemque
1041 2293 1206 2377 exemplar
1225 2295 1318 2378 origo

167 2425 281 2469 eorum
303 2401 472 2468 referenda
494 2404 553 2465 est.

258 2508 335 2574 Alia
349 2513 459 2575 autem
474 2511 524 2572 est
538 2507 622 2573 ratio
638 2506 831 2572 schedarum
846 2503 1166 2592 Cantabrigiensium
1185 2511 1218 2572 et
1233 2506 1317 2572 Lau-

167 2617 399 2682 rentiauarum.
435 2613 506 2679 Hae
526 2614 612 2678 enim
632 2614 791 2700 originem
810 2613 930 2678 ducunt
950 2636 970 2678 a
988 2613 1106 2696 codiee,
1124 2614 1179 2698 qui
1197 2614 1318 2678 librum

167 2724 310 2808 primum
331 2723 472 2788 fortasse
495 2722 660 2805 integrum
678 2720 808 2804 habuit,
831 2721 922 2806 cuius
940 2722 1051 2784 tamen
1073 2721 1229 2785 lectiones
1249 2721 1317 2787 sive

167 2832 271 2896 bonas
291 2829 359 2895 sire
379 2828 483 2892 malas
503 2849 523 2891 a
541 2826 684 2911 MAFPp
704 2827 873 2910 permultis
892 2826 974 2891 locis
988 2826 1082 2892 valde
1101 2827 1316 2911 discrepuisse

168 2960 228 3022 pro
256 2939 345 3002 certo
374 2933 531 3005 affirmari
558 2936 680 3019 potest3
709 2933 834 2998 accedit
859 2933 958 3017 quod,
988 2933 1045 2997 ubi
1074 2932 1139 2997 MA
1166 2935 1316 2999 lacunam

168 3044 332 3130 quandam
355 3041 479 3106 habent
502 3040 570 3104 sive
594 3039 749 3106 asterisco
768 3039 836 3103 sive
860 3040 958 3123 spatii
978 3040 1141 3104 vacuitate
1159 3043 1317 3123 notatam,

168 3152 215 3216 ibi
239 3147 293 3216 GL
316 3147 430 3234 paucis
453 3146 534 3212 locis
558 3147 701 3230 exceptis
724 3147 854 3230 plenam
878 3149 911 3209 et
937 3146 1099 3230 integram
1122 3147 1317 3231 scripturam

168 3257 327 3342 praebent
353 3251 417 3338 (of.
444 3253 557 3340 Progr.
585 3257 686 3319 nostr.
713 3251 742 3337 Ι,
772 3276 803 3338 p.
834 3253 874 3318 15
907 3255 940 3316 et
966 3251 1074 3340 seqq).
1118 3252 1233 3339 Itaque
1255 3254 1316 3317 has

168 3361 304 3428 schedas
336 3359 401 3424 alia
430 3359 559 3425 familia
592 3363 686 3424 natas
714 3381 784 3424 esse
818 3360 1025 3444 perspicuum
1058 3364 1116 3424 est.
1169 3359 1220 3424 Ex
1251 3381 1316 3444 quo

169 3469 310 3533 efficitur
332 3466 492 3549 codicum,
519 3466 637 3551 quibus
664 3465 740 3530 libri
765 3465 804 3529 de
826 3465 962 3530 Placitis
990 3467 1209 3550 continentur,
1235 3467 1316 3531 duas

169 3597 241 3640 esse
267 3574 425 3654 familias,
451 3594 564 3655 unam,
593 3573 683 3636 cuius
713 3576 788 3637 sunt
813 3571 956 3657 MAFPp
984 3571 1032 3658 (et
1052 3573 1193 3639 fortasse
1217 3574 1316 3638 codex

170 3682 432 3764 Mitterellianus,
456 3679 495 3743 cf.
514 3679 586 3743 adn.
605 3677 675 3764 33),
699 3678 849 3761 alteram,
873 3701 973 3764 equa
995 3680 1091 3744 unius
1113 3683 1242 3746 tantum
1266 3703 1317 3746 co·

169 3788 251 3852 dicis
279 3791 412 3852 bancos
440 3785 598 3870 quosdam
625 3807 792 3868 superesse
821 3785 935 3850 acerbe
960 3786 1128 3853 ferendum
1151 3791 1209 3852 est
1255 3788 1317 3864 Qui

170 3895 198 3958 si
226 3895 354 3980 integer
382 3891 423 3956 ad
450 3913 512 3957 nos
539 3892 752 3976 pervenisset,
782 3896 939 3977 quantum
970 3893 1106 3960 subsidii
1138 3893 1178 3958 cd
1208 3897 1317 3957 textus

169 3999 426 4086 recognitionem
445 3999 603 4063 allaturus
621 3997 730 4082 fuerit,
748 3999 853 4064 velex
870 4000 921 4084 iis,
940 4023 1021 4086 quae
1040 4001 1075 4065 in
1089 4001 1202 4085 Progr.
1216 4003 1317 4064 nostr.

170 4107 190 4170 l.
217 4107 238 4170 l.
270 4106 437 4190 disputata
471 4109 558 4188 suut,
595 4105 707 4190 colligi
739 4109 857 4190 potest.
913 4105 1115 4190 Quamquam
1146 4109 1316 4190 utramque

169 4213 331 4278 familiam
354 4211 481 4297 generis
504 4212 668 4297 quandam
686 4213 945 4278 communionem
968 4212 1087 4277 habere
1107 4215 1202 4296 atque
1224 4213 1317 4296 quasi

169 4319 309 4404 quadam
335 4319 573 4384 necessitudine
600 4307 685 4384 inter
712 4341 746 4384 se
774 4320 981 4386 coniunctam
1009 4339 1079 4382 esse
1110 4317 1145 4382 in
1173 4323 1317 4385 extrema

169 4425 267 4492 buius
291 4425 522 4510 disputationis
545 4429 639 4510 parte
660 4417 852 4492 videbimus.
