3376 5144
641 341 886 406 -819-

172 503 281 587 σαφῆ
311 497 422 586 ἐπάγει
457 494 558 577 αὐτὸς
586 488 709 582 [οὗτος]
744 489 823 566 ὦδε·
856 497 1023 584 ’ἕστόναα
1056 495 1164 587 εἷπον,
1204 501 1260 569 καλ
1296 529 1344 570 κι-

174 612 337 676 ‘vescitur
351 606 388 674 τὸ
405 602 485 673 αὐτὸ
501 603 569 692 ἅμα
583 603 713 672 κατὰτὸ
729 601 810 673 αὐτὸ
827 596 891 692 ἆρα
903 603 1050 674 δυνατόν
1057 607 1077 685 ;’
1094 602 1156 672 οὐκ
1165 602 1343 693 ἀρκεσθεὶς

173 718 221 784 δὲ
249 711 331 782 οὐδὲ
353 712 459 804 τούτῳ
483 713 539 780 διὰ
566 713 604 780 τὸ
629 710 802 799 συντόμως
830 715 986 800 εἰρῆσθαι
1008 711 1215 800 μακρότερον
1239 706 1342 795 αὖθις

175 823 352 910 διέρχεται
371 819 431 889 τὸν
450 815 554 887 αὐτόν
572 818 676 905 λόγον
694 809 763 886 cide'
774 844 843 898 πως
860 818 1015 907 γράφων·
1035 821 1094 888 εἔτι
1112 827 1231 888 τοίνυν
1250 817 1339 908 ἀκρι-

176 929 360 1015 “βέστερον
384 924 715 1014 διομολογησόμεθα,
739 925 783 1012 μή
803 950 873 1006 πως
890 925 1064 1013 προϊόντες
1083 923 1367 1016 ἀμφισβητήσωε

178 1038 272 1122 ’μεν
309 1038 340 1101 εἰ
361 1032 424 1121 γάρ
448 1051 497 1113 τις
520 1033 609 1119 λέγοι
633 1031 819 1118 ἄνθρωπον
843 1032 1014 1120 ἑστηκότα,
1037 1037 1199 1102 κινοῦντα
1223 1035 1259 1103 dt
1281 1035 1341 1116 τὰς

180 1138 313 1228 ’χεῖράς
335 1165 369 1206 τε
397 1139 451 1206 καὶ
479 1137 543 1225 τὴν
569 1138 735 1226 κεφαλήν,
763 1135 856 1207 ὅτιὸ
885 1137 986 1220 αὐτὸς
1009 1141 1126 1228 ἕστηκέ
1150 1129 1263 1210 τεκαὶ
1292 1168 1340 1210 κι-

182 1251 306 1314 ὐεῑται
322 1242 399 1332 ἅμα,
419 1243 552 1331 crinito,
572 1243 675 1332 οἶμαι,
695 1241 845 1334 ἀξιοῖμεν
860 1243 948 1314 οὕτω
967 1247 1078 1333 λέγειν
1092 1251 1176 1333 δεῖν,
1194 1245 1267 1317 ἀλλ’
1289 1247 1340 1318 ὅτι

186 1352 239 1421 ‘rb
264 1353 326 1439 μέν
348 1378 378 1419 τι
403 1349 508 1420 αὐτοῦ
530 1354 660 1439 ἕστηκε,
683 1351 721 1420 τὸ
746 1351 783 1420 dt
806 1367 955 1422 κινεῖται.
1001 1350 1063 1441 οὐχ
1087 1353 1208 1435 οὕτωςς
1233 1353 1337 1425 oure?

185 1458 271 1548 μετὰ
294 1457 331 1526 dt
362 1463 461 1528 τοῦτο
485 1457 521 1527 τὸ
545 1458 755 1547 παράδειγμα
786 1459 1036 1548 χρησιμώτερον
1064 1463 1179 1549 ἕτερον
1207 1467 1255 1543 εἰς
1281 1460 1405 1532 ‹tv-10·

183 1573 339 1653 τιλονιάυ
379 1569 441 1635 τοῦ
475 1567 697 1653 προκειμένου
734 1562 917 1654 ἀξιώματος
958 1567 1126 1654 ἐπιφέρων
1163 1560 1233 1637 ὧδέ
1269 1596 1340 1651 πως

184 1672 322 1761 γράφει·
361 1670 499 1741 ὀὐκοῦν
535 1673 589 1739 καὶ
618 1677 649 1740 ελ
675 1678 722 1740 ἔτι
754 1677 882 1760 μᾶλλον
909 1680 1145 1760 χαριεντίζοιτο
1179 1673 1198 1744 ὁ
1235 1680 1338 1745 ταῦτα

185 1781 308 1868 *λέγων
330 1777 591 1866 κομψευόμενος,
615 1775 659 1858 ὡς
683 1783 718 1847 οἵ
738 1805 775 1865 ys
795 1779 955 1868 στρόμβοι
980 1779 1053 1850 ὅλοι
1078 1782 1194 1852 ἑστᾶσί
1212 1782 1338 1872 τεᾶμα

185 1887 255 1954 ’καὶ
291 1889 481 1971 κινοῦνται,
519 1883 601 1954 ὅταν
638 1886 675 1953 έν
711 1889 755 1977 τῷ
794 1883 883 1978 αὐτῷ
927 1885 1089 1975 πήξαντες
1125 1889 1162 1957 τὸ
1200 1891 1339 1979 κέντρου

186 1995 464 2122 περιφέρωνται,
491 1988 511 2080 ἢ
542 1993 597 2061 καλ
626 1989 708 2060 ἄλλο
740 2019 771 2060 τι
800 1992 911 2061 κύκλω
939 1994 1073 2081 περιιὸν
1097 1998 1134 2063 έν
1156 2002 1196 2086 τῇ
1221 1995 1306 2088 αὐτῇ
1331 2001 1378 2088 trs

184 2115 280 2122 --—

224 2146 347 2238 Ιορτος
360 2154 445 2240 unqis
462 2148 908 2208 inclusimueoe—scrdvarm.
929 2152 1283 2240 r.P1ar.l.1.p..ceec
1302 2189 1339 2200 -

186 2221 295 2280 ricard
320 2221 351 2279 τὸ
378 2219 449 2279 αὐτὸ
474 2219 535 2295 ἅμα
559 2220 703 2278 ἀδύνατον
721 2221 857 2312 qnssch
881 2243 907 2276 κ.
930 2245 952 2278 τ.
977 2219 1039 2278 urit.
1059 2174 1206 2280 α’ὃόνατον
1225 2228 1250 2282 K
1269 2248 1294 2282 κ.
1313 2250 1336 2283 τ.

186 2291 250 2351 asir.
270 2315 326 2362 αρα
345 2292 481 2362 δυνατόν,
501 2312 619 2350 nou-
583 2289 800 2356 -Ίόαότός
820 2287 903 2357 οὗτος
925 2295 1022 2349 Μ.-
986 2315 1075 2349 -τε
1101 2313 1154 2351 om.
1174 2298 1253 2354 codd.
1274 2299 1335 2354 edd

185 2373 257 2422 -9
273 2366 325 2436 έν
339 2369 477 2422 τοιΑ
498 2373 530 2421 13
546 2367 578 2420 οἵ
587 2387 616 2421 τε
632 2362 764 2438 στρόμβοι
784 2366 862 2422 codd
879 2366 992 2423 edd.-
1012 2373 1044 2422 15
1063 2386 1115 2436 περ
1117 2365 1212 2423 ιώνΜ
1230 2371 1336 2437 περιών

188 2439 240 2492 ΑΒ
263 2434 362 2502 περιὸν
390 2437 461 2492 CbK
486 2435 595 2506 περιιὸν
619 2437 713 2506 Ουτοι
741 2438 775 2492 cf.
799 2437 883 2494 Proll.
908 2457 934 2508 p
959 2445 1059 2494 20.-
1026 2433 1173 2495 -αότοῦ
1202 2440 1336 2497 MABCh

187 2505 277 2564 αὑτοῦ
296 2509 321 2562 Κ
340 2504 412 2578 αὐτῇ
432 2509 511 2564 Corn.
531 2541 564 2548 —

185 2649 392 2740 perspicuum
428 2654 497 2720 fore
530 2655 711 2738 intellegit,
751 2655 821 2739 ipse
862 2653 944 2720 hoec
986 2655 1148 2742 adiungit:
1194 2655 1336 2745 Ἕλικι,

186 2765 357 2848 inquam,
386 2761 499 2826 simul
528 2766 564 2826 et
591 2762 737 2827 moveri
760 2761 860 2827 idem
889 2764 1096 2828 seeundum
1125 2763 1223 2829 idem
1249 2787 1336 2832 num

185 2867 359 2954 potest?’
406 2867 468 2933 Sed
498 2890 538 2932 ne
566 2868 629 2933 hoc
663 2868 792 2954 quidem
826 2872 1015 2952 contentus,
1049 2874 1225 2953 propterea
1251 2873 1336 2958 quod

185 2976 318 3042 brevius
346 2975 468 3040 dictum
496 2978 558 3058 est,
585 2975 687 3041 letius
717 2975 801 3040 hanc
829 2975 965 3040 eandem
993 2995 1061 3039 rem
1088 2997 1200 3042 rursus
1227 3000 1336 3061 perse-

187 3084 297 3169 quitur
328 3082 368 3147 ed
390 3082 475 3148 hunc
503 3082 649 3147 modum:
696 3081 840 3160 ‘Etiam
867 3081 1103 3166 diligentius
1132 3082 1235 3148 inter
1263 3106 1333 3151 nos

186 3191 487 3274 constituamus,
527 3211 572 3255 ne
610 3213 683 3276 quc
723 3188 828 3254 forte
869 3189 1177 3274 procedentibus
1218 3190 1331 3256 nobis

187 3297 385 3363 dubitatio
415 3297 651 3364 suboriatur.
697 3295 736 3362 si
764 3297 850 3382 quis
878 3297 978 3363 enim
1006 3296 1111 3364 dicut
1138 3297 1332 3363 hominem
1388 3365 1394 3375 ,

187 3406 371 3486 stantem,
413 3403 477 3469 sed
518 3427 650 3471 munus
688 3409 727 3469 et
763 3409 880 3490 caput
919 3409 1133 3470 moventem
1174 3403 1331 3470 eundem

187 3515 290 3576 sture
327 3511 443 3575 simul
481 3515 595 3595 utque
632 3512 791 3595 moveri,
831 3510 1141 3596 haudquaquam,
1178 3511 1330 3597 opinor,

187 3619 244 3683 ite
266 3616 468 3682 dicendum
497 3617 755 3702 causabimur,
788 3617 854 3682 sed
884 3621 1032 3702 partem
1063 3617 1215 3702 quidem
1248 3619 1330 3684 eius

187 3729 307 3810 sture,
348 3729 497 3808 partem
538 3725 694 3792 moueri.
752 3723 837 3790 Non
873 3724 950 3789 its?
1008 3722 1091 3790 lta:
1149 3721 1231 3790 Post
1268 3724 1330 3789 hoc

188 3832 370 3916 exemplum
393 3832 483 3897 aliud
509 3831 623 3897 utilius
653 3833 693 3898 ud
716 3831 945 3897 occurrendum
973 3829 1185 3916 pronuntiato
1213 3853 1328 3916 propo-

187 3939 251 4004 sito
278 3939 329 4004 bis
363 3939 471 4005 verbis
501 3939 609 4004 effert:
654 3938 817 4016 ‘Quodsi
853 3939 975 4023 magis
1012 3939 1131 4003 etium
1168 3938 1329 4003 caville-

112 4057 117 4064 '
185 4049 248 4110 tur
279 4045 357 4111 iste
395 4047 649 4132 argutiusque
686 4069 755 4112 nos
796 4051 937 4132 urgeat
978 4045 1155 4111 turbines
1197 4045 1328 4110 dicens

185 4156 291 4219 totos
333 4157 438 4222 sture
480 4153 595 4218 simul
644 4155 681 4218 et
721 4155 880 4235 moveri,
925 4152 1075 4238 quondo
1117 4153 1156 4218 in
1197 4151 1328 4218 eodem

185 4264 329 4345 puncto
356 4265 527 4327 centrum
550 4260 721 4326 defixum
743 4260 932 4326 hebentes
957 4258 1327 4342 circumvolvuntur,

187 4367 248 4433 vel
272 4366 376 4432 uliud
401 4368 597 4452 quidpiam
620 4368 752 4434 eodem
774 4365 813 4432 in
840 4367 926 4448 lqco
955 4387 1112 4432 manens
1135 4365 1174 4430 in
1197 4365 1327 4432 orbem

1059 4469 1113 4524 1³2*
