3228 5148
591 414 835 480 -105-

134 579 397 666 φθειρομένουςς
426 579 509 644 mira
533 581 583 644 est
610 579 711 644 dictio
734 574 954 660 ἑκαρτέρηοας
977 572 1028 640 ἐπὶ
1053 570 1222 640 Κύκλωπα
1245 596 1283 640 ac

134 711 175 754 ue
197 687 383 754 Homericis
407 687 536 772 quidem
560 687 721 770 versibus,
744 685 800 771 qui
822 684 886 748 hoc
908 684 981 749 loco
1005 683 1151 748 oratione
1176 681 1284 746 soluta

135 795 325 880 redduntur,
349 794 512 880 eonvenit3
536 816 646 858 veram
667 815 800 858 manum
824 791 992 874 scriptoris
1015 789 1042 854 L
1067 789 1156 854 solus
1179 809 1299 852 serra-1

135 902 196 984 rit,
219 903 336 988 inquo
354 901 486 986 legitur:
511 899 729 986 ἐκαρτέρηοας
747 893 821 964 ὑπὸ
842 893 1058 974 ,Κύκλωπος
1076 891 1188 980 ὁρῶσα
1206 890 1286 971 τοὺς

135 1006 289 1093 ἑταίρους
311 1009 340 1073 ὃ.
364 1007 494 1072 omissis
518 1008 626 1072 verbis
649 1000 706 1072 ὑπ’
728 999 849 1086 αὐτοῦ,
872 1027 954 1090 quae
977 1005 1012 1070 in
1031 1004 1135 1069 altera
1157 1003 1285 1068 familia

135 1115 283 1181 codicum
307 1114 388 1180 vitio
411 1115 528 1178 vitium
550 1115 700 1179 trahente
723 1112 922 1196 interpolata
945 1134 1015 1176 esse
1039 1113 1184 1196 apparet.

224 1221 295 1286 Iam
319 1221 428 1286 missis
451 1221 504 1285 his
532 1221 689 1304 exemplis
714 1219 999 1304 praepositionum
1026 1220 1284 1304 permutatarum

134 1327 269 1392 ——alia
298 1327 396 1392 etiam
426 1328 540 1391 afferre
568 1349 715 1410 possum,
744 1325 799 1389 sed
827 1325 980 1410 quoniam
1003 1325 1085 1389 nihil
1109 1325 1220 1390 valent
1244 1324 1284 1388 ad

135 1433 246 1500 locum
271 1434 410 1519 aliquem
432 1433 549 1498 vitiose
574 1433 678 1498 adhuc
697 1431 853 1516 seriptum
873 1432 1121 1514 emendandum,
1142 1435 1285 1516 praeter-

135 1541 297 1620 mittenda
325 1539 475 1624 existimo
499 1575 544 1584 -
567 1543 727 1623 superest,
755 1540 792 1603 ut
819 1539 858 1603 de
887 1540 1025 1604 aliarum
1047 1538 1284 1604 Particularum

133 1645 375 1732 permutatione
403 1668 509 1730 pauca
536 1647 701 1711 disseram.
747 1643 825 1710 Ms'v
850 1669 911 1731 pro
942 1644 982 1711 δέ
1009 1649 1042 1711 et
1072 1644 1112 1710 δέ
1135 1668 1195 1730 pro
1223 1644 1286 1730 μέν

133 1755 294 1838 scriptum
318 1775 388 1818 esse
410 1775 476 1818 non
499 1753 595 1818 modo
615 1753 644 1816 A
668 1752 882 1835 demonstrat,
905 1752 961 1818 ubi
985 1775 1015 1837 p.
1030 1753 1096 1817 574
1114 1775 1145 1836 p.
1165 1751 1207 1818 in.
1227 1746 1297 1840 ἆρ-Ὶ

132 1863 232 1944 κηρία
252 1858 293 1924 δέ
309 1881 367 1944 pro
382 1854 522 1944 ἀρτηρία
541 1857 603 1943 μέν
617 1859 760 1942 positum
775 1859 929 1944 legimus,
953 1861 1006 1924 sed
1023 1859 1121 1925 etiam
1136 1857 1285 1943 MAFP,

133 1967 191 2032 ubi
215 1989 247 2051 p.
267 1967 331 2032 754
350 1989 380 2050 p.
404 1966 446 2030 in.
467 1963 538 2050 ἐμοὶ
563 1961 600 2030 dl
618 1968 771 2048 φαίνεται
794 1987 854 2050 pro
879 1964 951 2050 ἐμοὶ
971 1963 1032 2050 μὲν
1054 1990 1088 2049 φ.
1112 1965 1284 2031 invenitur.

134 2073 228 2142 Idem
251 2073 403 2138 mendum
426 2072 492 2137 alio
514 2071 586 2137 loeo
610 2071 749 2138 editores
766 2073 1012 2159 ignoraverunt,
1034 2073 1089 2158 qui
1112 2094 1142 2156 p.
1166 2073 1230 2136 774
1254 2094 1285 2156 p.

133 2181 177 2244 in.
201 2179 417 2244 tradiderunt:
440 2171 596 2262 ὁμοιότης
618 2173 680 2262 μὲν
702 2173 766 2262 γάρ
790 2177 858 2243 ἐστι
876 2192 949 2256 ταῖς
966 2174 1105 2264 ἡδοναῖς
1123 2176 1207 2262 πρὸς
1227 2171 1284 2242 ἆλ-

134 2283 245 2370 λήλας.
283 2279 398 2370 ἡμὲν
424 2280 593 2368 κοινότης,
621 2284 675 2349 ubi
701 2286 881 2350 sententiae
904 2279 1033 2369 ratior}
1065 2282 1106 2350 dt
1129 2280 1284 2368 κοινότης

133 2392 318 2458 necessario
341 2391 485 2476 requirit.
531 2391 642 2456 Etiam
670 2389 732 2475 μέν
760 2395 793 2456 et
819 2415 853 2456 τε
882 2391 1133 2457 confunduntur:
1163 2414 1194 2476 p.
1217 2392 1283 2456 680

134 2522 163 2563 a.
187 2497 323 2588 medM
346 2493 450 2564 ἄλλον
472 2521 507 2562 τε
530 2494 656 2582 τρόπον
679 2521 738 2582 pro
762 2493 866 2563 ἄλλον
889 2494 950 2582 μὲν
973 2522 1021 2583 cp.
1045 2498 1202 2583 seriptum
1224 2498 1282 2562 ha·

133 2607 205 2688 bot,
232 2629 262 2690 p.
286 2607 351 2671 425
375 2608 454 2670 extr.
477 2601 711 2692 MA(BOhK)
735 2599 779 2682 ὥς
801 2603 855 2670 καὶ
884 2599 901 2669 ὁ
927 2600 1155 2681 Ποσειδώνιός
1176 2622 1282 2688 φησιν

134 2711 266 2778 ἐκείνου
289 2709 423 2797 πρώτον
445 2734 484 2776 τε
507 2705 593 2776 εἶναι
617 2709 724 2795 λέγων
746 2708 783 2777 τὸ
808 2708 932 2797 δόγμα,
956 2709 1122 2778 Πλάτωνα
1145 2705 1177 2776 δ’
1197 2709 1281 2795 ἐξερ-

133 2814 319 2903 γάσασθαι,
347 2819 404 2883 ubi
427 2817 487 2884 FP
514 2841 624 2884 veram
652 2820 825 2884 lectionem
852 2816 987 2904 πρώτου
1009 2816 1080 2904 μὲν
1103 2813 1189 2884 εἶναι
1217 2841 1281 2883 ser·

133 2929 300 2991 rarerunt
345 2925 459 3011 Itaque
488 2947 548 3012 ego
571 2948 602 3010 p.
626 2926 690 2990 538
714 2949 745 3010 p.
768 2927 811 2990 in.
838 2921 906 3010 ἅμα
932 2949 970 2991 τε
994 2963 1036 2973 -
1060 2921 1127 3010 ἅμα
1151 2924 1195 2991 δέ
1214 2947 1281 2990 non

133 3033 294 3098 intactum
317 3032 447 3117 reliqui,
470 3032 526 3096 sed
547 3031 628 3097 illud
651 3032 684 3097 in
703 3027 770 3117 ἅμα
788 3029 850 3118 μέν
870 3033 1059 3097 mutandum
1081 3033 1199 3098 censui.
1231 3031 1281 3097 De

132 3137 372 3204 Particularum
396 3162 430 3203 τε
453 3143 486 3202 et
509 3137 548 3203 ol
569 3138 757 3204 confusione
775 3139 842 3204 iam
860 3139 1098 3222 disputavimus
1115 3140 1151 3204 in
1168 3139 1280 3224 Pr0gr.

133 3243 259 3330 11,20.

223 3349 399 3437 Deinceps,
428 3355 465 3416 ut
492 3355 562 3417 erat
591 3353 809 3437 propositum,
836 3351 876 3416 de
905 3351 1058 3417 vocubulis
1087 3374 1107 3416 a
1135 3351 1279 3416 librariis

133 3459 256 3524 ommam
278 3457 448 3550 dicendum
472 3461 530 3523 est.
576 3457 720 3534 Quorum
744 3481 817 3523 cum
840 3459 955 3545 ingens
979 3459 1022 3522 sit
1043 3479 1211 3540 numerus,
1234 3459 1280 3522 in·

133 3564 250 3649 primis
279 3565 418 3629 Articuli
446 3569 479 3628 et
504 3563 758 3646 particularum,
789 3565 832 3648 is,
865 3565 920 3649 qui
946 3565 1050 3630 libros
1079 3564 1117 3628 de
1145 3564 1279 3629 Placitis

134 3670 362 3736 emendaturus
381 3674 445 3754 est,
468 3671 524 3735 ubi
543 3669 695 3735 vitiatum
715 3692 785 3734 esse
803 3671 910 3736 locum
930 3671 1070 3754 aliquem
1090 3673 1193 3758 putat,
1215 3672 1279 3755 pri·

133 3799 223 3840 mum
247 3775 279 3840 id
302 3776 423 3858 videat,
452 3775 624 3841 omissisne
651 3799 715 3840 uno
739 3777 926 3860 pluribusve
953 3777 1121 3842 vocabulis
1145 3779 1279 3843 vitiatus

133 3882 186 3947 sit
225 3881 384 3967 Equidem
406 3905 473 3947 non
496 3905 617 3967 paucos
639 3882 729 3947 locos
753 3883 917 3967 explendis
939 3885 995 3968 iis,
1017 3907 1099 3968 quae
1123 3885 1278 3949 excidisse

133 3989 298 4070 videntur,
325 3989 470 4072 reparari
499 4011 594 4072 posse
618 3989 753 4054 confido.
798 3989 903 4073 Atque
927 3994 964 4054 ut
992 3990 1033 4054 ab
1057 3989 1205 4056 Articulo
1229 4012 1277 4055 or-

132 4093 219 4175 diar,
242 4093 276 4156 in
299 4093 426 4158 schedis
450 4092 507 4158 CL
532 4096 679 4181 sexagies
702 4096 769 4159 fere
793 4119 865 4160 eum
889 4097 1059 4178 excidisse,
1086 4097 1121 4158 in
1144 4095 1177 4158 M
1201 4117 1277 4160 vero

132 4199 207 4283 plus
229 4199 386 4284 nonagies
410 4223 448 4264 ae
469 4223 510 4264 ne
533 4201 568 4265 in
587 4201 617 4266 A
640 4202 768 4286 quidem
793 4202 912 4287 ubique
936 4206 1098 4266 servatum
1123 4223 1192 4264 esse
1212 4223 1277 4264 cer-

131 4305 270 4370 tissimis
294 4307 493 4390 argumentis
516 4308 654 4390 repperi.
685 4307 836 4371 Editores
859 4307 1056 4390 posteriores
1078 4306 1142 4371 hoc
1165 4310 1198 4370 et
1219 4306 1277 4372 illo

130 4410 206 4477 loco
233 4433 306 4476 eum
333 4413 557 4496 restituerunt,
591 4413 645 4476 sed
673 4414 769 4500 longe
799 4413 903 4498 abest,
935 4417 971 4476 ut
998 4412 1045 4478 rei
1072 4414 1168 4497 plane
1195 4414 1276 4479 satis
