3298 5136
634 412 877 476 -201-

180 593 236 647 τος
263 563 308 647 ὡς
340 564 507 654 άληθοῦς,
541 565 610 635 εἶτα
644 569 679 636 ἐκ
706 571 767 636 τοῦ
799 570 1009 656 φαινομένου
1040 570 1326 658 προσληφθέντος,

180 671 225 752 ὦς
248 673 435 760 ἐγκεφάλου
457 673 557 754 φαῦει
580 673 620 742 τά
644 667 727 759 ὦτα,
750 682 940 763 περαίνοιτο
969 671 1013 744 άν
1035 674 1099 762 ἤθη
1122 675 1159 744 τὸ
1188 677 1242 744 καὶ
1265 675 1327 764 τὴν

181 777 287 868 ἀρχὴν
310 777 424 860 αὐτοῖς
446 783 504 868 τῆς
531 782 697 870 ἐνεργείας
720 785 879 851 ἐντεῦθεν
904 780 1076 870 ὑπάρχειν.
1104 784 1108 870 Ι
1138 779 1221 852 ἀλλὰ
1251 781 1327 851 οῦτε
1337 799 1389 856 241

181 883 263 973 πρὸς
286 895 449 973 αίσθησιν
472 885 548 955 οῦτε
576 887 660 977 πρὸς
683 887 803 976 νόησιν
831 885 968 978 ἐναργές
990 891 1096 974 ἐστιν,
1123 887 1168 968 ὥς
1195 889 1328 976 πρῶτόν

180 1019 215 1060 τε
242 995 297 1060 καλ
330 993 363 1074 ἐξ
392 994 513 1062 ἑαυτοῦ
539 992 659 1062 πιστὸν
692 992 794 1080 εἶναι,
825 995 863 1064 τὸ
892 999 957 1064 νῦν
984 998 1161 1084 εἰρημένον
1189 994 1353 1083 ἆξίωμα,ῡ

179 1097 217 1166 τὸ
246 1103 325 1166 πᾶσι
354 1116 425 1180 τοῖς
453 1103 648 1188 ἐνεργοῦσιν
676 1103 711 1168 ἐκ
737 1106 806 1170 τῶν
835 1109 978 1190 πλησίον
1005 1101 1091 1172 εἶναι
1122 1101 1185 1190 τὴν
1211 1100 1328 1192 άρχην.

182 1203 308 1274 οῦκουν
331 1204 409 1274 οὔθ’
435 1205 486 1276 ὅτι
509 1213 651 1293 πλησίον
669 1209 854 1297 ἐγκεφάλου
876 1207 917 1277 τά
936 1202 1003 1278 alva
1026 1211 1080 1278 καὶ
1105 1214 1140 1278 ol
1156 1205 1327 1296 ὀφθαλμοί

181 1314 235 1380 καλ
264 1318 302 1380 αλ
327 1316 435 1398 ῥῖνες,
463 1315 622 1382 ἐντεῦθεν
650 1312 764 1396 αὐτοῖς
790 1314 810 1402 ἡ
839 1321 898 1403 τῆς
930 1321 1127 1404 αἰσθητικῆς
1155 1315 1329 1404 δυνάμενός

183 1420 274 1487 ἐστιν
298 1417 380 1507 ἀρχὴ
411 1417 490 1490 οὔθ’
520 1419 570 1490 ὅτι
598 1429 742 1508 πλησίον
770 1424 837 1491 ἐστὶ
865 1428 1003 1512 καρδίας
1025 1423 1065 1492 τὰ
1094 1422 1266 1510 φωνητικά
1292 1450 1327 1492 τε

181 1527 236 1592 καὶ
255 1522 500 1596 άυαπνευστικά
518 1527 628 1616 μόρια,
648 1527 703 1596 διὰ
722 1533 820 1597 τοῦτο
841 1530 876 1596 έκ
894 1535 1034 1618 καρδίας
1052 1527 1167 1611 αὐτοῖς
1188 1527 1208 1618 ἡ
1233 1527 1327 1618 ἀρχή.
1344 1553 1367 1588 ¹⁰

182 1631 327 1720 καὶμὴν
354 1629 372 1700 ὁ
395 1633 649 1722 θαυμαζόμενος
675 1631 740 1703 ὑπὸ
764 1637 832 1704 τῶν
855 1641 1017 1706 Στωικῶν
1043 1637 1143 1724 λόγος
1170 1633 1188 1706 ὁ
1215 1636 1328 1723 Ζήνω-

183 1765 256 1822 νος,
285 1735 327 1807 ὃν
349 1740 404 1808 καὶ
427 1745 561 1829 πρῶτον
587 1739 745 1810 ἁπάντων
772 1746 917 1830 ἔγραφεν
945 1744 982 1809 ἐν
1009 1747 1054 1833 τῷ
1082 1745 1156 1832 περὶ
1183 1747 1245 1811 τοῦ
1271 1747 1329 1830 τῆς

184 1845 289 1931 ψυχῆς
319 1843 522 1934 ἡγεμονικοῦ
555 1851 722 1934 Διογένης
753 1843 771 1916 ό
804 1847 1037 1935 Βαβυλώνιος,
1072 1847 1132 1919 οῦκ
1156 1852 1198 1932 ἐξ
1225 1848 1329 1919 ἄλλου

182 1951 274 2032 τινὸς
305 1957 370 2040 ἔχει
401 1953 438 2023 τὸ
466 1955 699 2041 θαυμάζεσθαι
731 1953 819 2042 πλὴν
850 1947 891 2024 οῦ
923 1959 988 2024 νῦν
1020 1953 1115 2024 εἷπον
1147 1951 1330 2042 ἀξιώματος

182 2055 257 2144 ἤδη.
307 2067 378 2148 είση
407 2059 443 2128 δὲ
471 2062 724 2149 ἐναργέστερον,
757 2065 788 2130 εί
812 2061 1091 2151 παραγράψαιμεν
1118 2059 1235 2130 αὐτόν·
1264 2066 1327 2147 έηει
1345 2084 1369 2121 ιι

219 2387 232 2433 1
255 2383 413 2448 φαίνεσθαι
432 2383 510 2436 codd.
530 2384 592 2437 edd.
608 2382 785 2453 φαινομένου
804 2401 861 2437 nos.
878 2415 907 2422 -
930 2389 946 2436 ‘2
966 2377 1125 2452 ἐγκέφαλον
1144 2381 1231 2436 ΜΑΒ
1251 2377 1328 2450 ἐγκε-

184 2448 277 2519 φάλου
301 2451 410 2518 cell}
434 2453 467 2506 ol.
491 2455 574 2508 Proll.
599 2473 626 2524 p.
647 2461 688 2508 87.
714 2486 745 2492 -
772 2449 928 2520 περαι’νειτ’
949 2453 986 2507 Μ,
1006 2485 1039 2493 -
1065 2462 1081 2508 3
1105 2448 1203 2515 αὐτοῖς
1225 2469 1278 2507 om.
1299 2452 1329 2506 C.

187 2555 214 2561 -·
238 2519 319 2578 ἐντεῦ
339 2524 373 2579 0¹
401 2519 540 2579 ἐντεῦθεν
559 2525 601 2580 0².
625 2557 657 2565 -
686 2525 769 2580 tunt
788 2521 918 2580 αότοῦΟ
944 2523 993 2579 καί
1017 2520 1047 2590 ἐξ
1073 2521 1176 2579 ἑαυτοῦ
1201 2524 1269 2578 ΜΛ.
1295 2555 1327 2562 -

184 2602 199 2644 6
224 2591 275 2662 τὴν
298 2589 390 2664 ἀρχήν
410 2595 432 2666 'l
452 2591 522 2650 οὔθ’
547 2589 591 2650 ὅτι
614 2597 730 2664 πλησίον
755 2591 812 2651 ἐστὶ
835 2597 962 2663 καρδίας.
987 2595 1108 2664 margini
1131 2595 1330 2650 adsentatus

187 2665 214 2748 ll
233 2668 298 2734 post
316 2663 406 2752 οἷρχῄυ
431 2667 541 2752 ulfinum
562 2668 678 2722 lacunae
696 2670 852 2737 posuerunt
869 2667 934 2734 AB,
953 2667 1136 2736 neglexerunt
1154 2665 1237 2734 th3
1255 2666 1330 2720 inter

182 2731 273 2805 αρχήν
297 2739 327 2790 et
349 2733 418 2791 ουθ’
442 2757 487 2792 οτι
509 2740 626 2806 πλησίον
645 2734 704 2793 ἐστὶ
726 2758 762 2792 κα
782 2740 845 2801 δίας
868 2737 953 2792 inseri
975 2732 1079 2806 ὁμοίως
1108 2735 1138 2790 ol
1167 2738 1230 2792 vult
1248 2735 1328 2792 Corn.

183 2804 235 2873 τήν
249 2802 349 2876 ἀρχήν.
364 2803 470 2864 οὔκουν
484 2803 554 2864 οὔθ’
574 2803 618 2864 ότι
632 2811 750 2877 πλησίον
765 2759 926 2878 ἐγκεφάλου
940 2829 965 2862 κ.
981 2829 1003 2862 τ.
1018 2811 1042 2862 λ.
1056 2807 1091 2872 ῦς
1107 2809 1140 2862 cf.
1157 2807 1328 2878 Programm.

184 2879 209 2938 1,
228 2895 254 2946 p.
278 2885 308 2932 16
328 2882 358 2934 et
376 2879 458 2934 Proll.
479 2899 505 2949 p.
526 2887 568 2934 ίιι.
594 2911 626 2918 -
660 2889 690 2934 10
710 2877 795 2949 μόρια
814 2881 862 2934 καλ
881 2875 929 2934 διά
950 2879 979 2934 C.
998 2911 1031 2918 —
1063 2871 1094 2933 1⁹2
1116 2877 1228 2964 ἔγραψα
1247 2879 1275 2934 C.
1294 2909 1327 2919 -

188 2957 217 3002 15
233 2951 305 3017 είσιη
325 2948 356 3004 δὲ
377 2951 437 3020 (sio)
456 2950 477 3005 C
496 2950 550 3006 είσλ
568 2949 621 3022 μὲν
640 2951 668 3005 Μ
687 2953 749 3020 είση
767 2946 797 3004 δ’
818 2953 841 3006 Α
861 2953 921 3020 εἴσῃ
940 2946 970 3005 θ’
989 2951 1019 3006 Β.
1040 2981 1073 2990 -
1094 2946 1164 3004 αῦτο
1184 2949 1213 3004 (l.
1234 2981 1267 2990 —

204 3117 397 3126 .———-

183 3261 200 3302 e
228 3239 417 3322 patentibus
446 3239 485 3304 ad
514 3262 626 3304 sensus
654 3240 750 3304 rebus
778 3239 1004 3322 assumserint‚
1036 3238 1203 3303 cerebrum
1233 3260 1327 3304 aures

183 3345 355 3430 attingere,
376 3347 442 3412 iam
462 3347 657 3412 concludunt
678 3368 716 3410 ex
734 3345 848 3412 eodem
866 3368 936 3412 esse
956 3345 997 3410 iis
1015 3344 1193 3409 functionis
1212 3344 1330 3428 prinoi-

183 3452 283 3536 pium.
328 3452 490 3535 utillud,
513 3453 598 3538 quod
621 3452 718 3518 modo
741 3451 821 3535 elixi,
845 3452 1048 3517 enuntiatum
1070 3473 1174 3535 neque
1198 3450 1238 3514 ad
1262 3473 1330 3514 sen-

184 3583 254 3624 sum
277 3561 441 3646 nequead
463 3559 664 3626 intellectum
687 3559 735 3626 ita
758 3559 889 3625 evidens
909 3564 968 3642 est,
990 3562 1027 3622 ut
1045 3557 1235 3641 primarium
1260 3579 1329 3622 esse

183 3669 217 3728 et
243 3687 282 3729 ex
311 3687 381 3730 sese
414 3667 509 3730 fidem
536 3667 656 3732 habere
693 3666 872 3731 existimari
908 3665 1022 3749 possit.
1071 3664 1186 3748 ltaque
1217 3687 1331 3748 neque,

183 3773 260 3856 quia
275 3773 407 3837 cerebro
422 3773 548 3840 vicinae
563 3797 656 3847 aures
671 3777 704 3836 et
718 3773 803 3837 oeuli
819 3777 852 3836 et
864 3793 959 3837 nares
975 3774 1060 3854 sunt,
1074 3769 1149 3834 inde
1162 3770 1330 3835 facultatis

183 3878 344 3943 sentiendi
366 3879 408 3943 iis
427 3879 623 3964 principium
643 3883 694 3944 est
713 3900 827 3962 neque,
851 3879 927 3962 quia
945 3878 1034 3942 vocis
1054 3881 1087 3941 et
1104 3877 1330 3962 respirationis

182 3987 294 4068 partes
317 3985 409 4050 iuxta
432 4007 489 4050 oor
511 3989 595 4068 sunt,
619 3986 661 4051 ob
687 4007 758 4049 eam
778 4007 910 4048 oausam
934 3983 1064 4050 eoorde
1086 3982 1217 4048 illarum
1240 3986 1330 4049 ortus

183 4093 242 4156 est.
287 4089 351 4156 Illa
374 4114 450 4158 vero
474 4091 623 4176 Zenonis,
647 4114 743 4176 quam
768 4089 870 4158 Stoici
894 4091 1044 4156 laudibus
1069 4091 1214 4173 efferunt,
1236 4090 1331 4167 rotie,

182 4217 280 4282 quam
308 4197 361 4261 vel
388 4197 529 4282 primam
562 4197 706 4264 omnium
738 4197 773 4261 in
804 4198 889 4263 libro
923 4198 961 4260 de
990 4195 1117 4260 animae
1146 4196 1330 4280 principatu

97 4293 99 4300 ¹
181 4301 347 4388 Diogenes
365 4303 569 4387 Babylonius
588 4304 723 4386 rettulit,
746 4328 812 4369 non
831 4304 960 4368 aliunde
979 4324 1076 4387 quam
1095 4323 1132 4378 ex
1154 4303 1332 4392 enuntiato,

182 4409 268 4495 quod
291 4409 388 4476 modo
401 4411 488 4495 uixi,
511 4410 639 4476 laudem
662 4411 857 4478 conciliavit.
907 4409 1115 4476 Manifestius
1138 4409 1279 4496 patebit,
1303 4409 1330 4476 si
