3444 5140
608 393 851 460 -679-

162 553 312 644 άνωτίρω
339 557 550 644 γεγραμμένα
578 557 656 640 περί
683 579 718 620 τε
750 555 818 620 τῶν
845 551 1009 639 τεττάρων
1041 557 1216 639 στοιχείων
1245 555 1304 639 τῆς

160 664 316 749 γενέσεως
334 658 429 748 ἡμῶν
447 663 501 728 καὶ
520 662 594 745 περὶ
616 663 678 728 τοῦ
691 658 842 727 καθόλου
859 658 985 745 τρόπου
1003 662 1071 727 τῶν
1089 657 1302 746 νοσημάτων·

161 766 239 856 άρχίγ
265 769 301 836 δὲ
323 771 382 856 τῆς
405 767 531 854 ῥήσεοίς
554 769 644 834 ἐστιν
668 764 739 852 fide·
764 765 940 850 ‘rcrrdpcw
962 763 1027 853 γάρ
1050 764 1159 835 όντων
1182 769 1302 853 γενῶν,

160 877 191 955 ἐξ
214 867 262 942 ῶν
281 876 467 962 ξυμπίπηγε
489 873 526 942 τὸ
553 877 665 960 σῶμα,
688 876 758 958 γῆς,
782 870 887 958 πυρὸς
909 869 1033 951 ὕδατός
1054 897 1088 938 τε
1111 872 1166 939 καὶ
1185 868 1301 960 ἀέρος]

159 978 390 1068 ἀκριβέστερον
414 981 451 1048 δὲ
469 987 623 1066 φαίνεται
647 981 700 1046 καὶ
720 980 834 1066 μέντοι
858 979 912 1045 καὶ
936 976 1183 1066 χρησιμῶτερον
1201 982 1329 1069 ίατρῷτ

159 1091 230 1175 περὶ
254 1086 365 1156 αὐτῶν
388 1085 405 1156 ό
426 1087 640 1174 Ἱπποκράτης
662 1084 845 1173 γεγραφώς.
868 1086 903 1152 ἐκ
926 1084 988 1171 μὲν
1016 1083 1078 1172 γὰρ
1105 1087 1173 1152 τῶν
1195 1083 1302 1152 τεττά-

160 1223 227 1282 ρων
246 1200 419 1281 στοιχείων
442 1195 524 1281 φησὶ
548 1195 723 1280 γεγονέναι
745 1191 783 1260 τὸ
802 1194 897 1279 σῶμα
915 1194 1028 1260 καλῶν
1049 1189 1214 1260 τοόττίπαν
1236 1187 1301 1260 άπὸ

157 1306 224 1369 τῶν
247 1304 435 1390 δραστικῶν
458 1300 644 1388 ποιοτήτων
667 1296 762 1384 αάτά,
785 1298 822 1368 τὸ
847 1297 909 1386 μὲν
932 1297 1050 1385 ξηρόν,
1073 1296 1111 1366 τὸ
1135 1299 1172 1366 δὲ
1195 1296 1302 1385 ὑγρὸν

158 1407 272 1476 καὶτὸ
297 1407 358 1495 μὲν
381 1405 526 1494 θερμόν,
549 1405 586 1474 τὸ
612 1405 649 1473 δὲ
672 1404 815 1494 ψυχρόν·
854 1402 895 1474 οὐ
922 1403 990 1491 μὴν
1017 1402 1099 1471 κατὰ
1128 1405 1237 1473 ἐκεῖνά
1265 1431 1302 1493 γε

156 1514 215 1582 τὸν
236 1515 311 1603 περὶ
334 1518 402 1582 τῶν
421 1512 621 1600 νοσημάτων
639 1511 743 1598 λόγον
766 1510 952 1598 ἐποιήσατο.
990 1509 1130 1598 δυνάμει
1153 1512 1215 1599 μὲν
1238 1511 1301 1600 γάρ
1317 1535 1342 1574 10

157 1621 246 1688 ἐστιν
275 1622 312 1688 ἐν
338 1634 408 1699 τοῖς
436 1617 602 1705 σάμασιν,
631 1619 779 1707 ἐνεργείᾳ
806 1617 843 1685 dt
871 1615 932 1686 οὐκ
955 1623 1061 1701 ἔστιν,
1089 1613 1172 1684 άλλίι
1200 1617 1239 1685 τά
1268 1620 1301 1700 ἐξ

157 1723 266 1796 αὐτῶν
295 1725 456 1815 γεγονότα
488 1723 544 1793 ora
573 1727 684 1813 μέσων
710 1728 778 1793 τῶν
804 1729 956 1812 τροφῶν,
985 1719 1066 1811 αἷμα
1089 1724 1145 1791 καὶ
1172 1726 1301 1812 φλέγμα

157 1833 209 1900 καὶ
233 1831 253 1920 ἡ
280 1832 387 1921 ξανθὴ
411 1833 465 1900 καὶ
484 1833 624 1919 με’λαινα
643 1831 736 1918 χολή·
768 1832 848 1918 πυρὶ
871 1831 933 1919 μὲν
956 1829 1126 1917 άυάλογον
1148 1828 1168 1918 ἡ
1193 1830 1301 1918 ξανθὴ

158 1939 254 2026 χολή,
279 1937 299 2026 ἡ
325 1939 361 2006 δὲ
384 1940 523 2026 μέλαινα
546 1941 585 2027 τῇ
609 1941 666 2026 γῇ,
689 1935 726 2004 τὸ
751 1937 788 2005 δὲ
812 1939 943 2024 φλέγμα
969 1940 1014 2027 τῶ
1042 1934 1139 2004 ddum
1166 1937 1221 2003 καὶ
1245 1935 1301 2004 ded

157 2049 254 2114 τοῦτο
279 2045 389 2134 θερμὴ
413 2046 475 2132 μὲν
496 2046 550 2112 καὶ
575 2043 657 2131 ξηρά
676 2043 738 2131 τὴν
757 2043 903 2130 δύναμίν
918 2045 1009 2110 ἐστιν
1031 2041 1052 2130 ἡ
1077 2041 1184 2129 ξανθὴ
1209 2042 1301 2128 χολή,
1315 2065 1341 2106 15

156 2151 306 2240 καθάπερ
329 2150 366 2220 τὸ
386 2156 463 2237 πῦρ,
487 2149 597 2241 ψυχρά
621 2151 658 2218 δὲ
681 2148 701 2238 ἡ
720 2152 860 2238 μέλαινα
882 2150 937 2216 καὶ
962 2146 1043 2235 ξηρά
1067 2155 1303 2236 παραπλησίως

155 2262 193 2346 τῇ
216 2263 275 2349 γῇ,
304 2257 341 2326 τὸ
374 2258 411 2326 δὲ
440 2258 571 2345 φλέγμα
601 2257 732 2346 ψυχρὸν
761 2259 816 2325 καὶ
845 2255 971 2346 ὑγρόν,
1000 2254 1109 2341 ὥσπερ
1136 2253 1173 2322 τὸ
1198 2254 1301 2344 ὕδωρ.

190 2449 299 2510 ἳνα-θ’
319 2449 386 2509 όλσυ
404 2453 499 2508 M-
523 2447 670 2523 Βίστλνῆ
696 2455 766 2522 spat
786 2469 845 2506 vac.
869 2453 933 2507 octo
951 2451 1009 2506 fere
1033 2446 1225 2506 litantum'
1209 2471 1300 2506 οντων

155 2526 248 2580 M—
274 2526 330 2580 τῶν
353 2525 444 2595 μελῶν
467 2525 497 2578 Μ
518 2525 575 2578 τῶν
597 2525 688 2594 γενῶν
709 2471 844 2578 pABChK
871 2523 927 2577 τῶν
956 2523 1125 2606 delevimusj
1152 2521 1299 2578 ο1.Ρ1·011.

155 2615 181 2666 p
201 2605 314 2652 112.—
342 2603 410 2650 4ου
412 2594 540 2666 μπίπηγε
561 2595 640 2651 codd.
660 2595 721 2650 cdd.
741 2595 823 2664 ξυμπ.
844 2611 955 2649 noa-
980 2593 1060 2663 σῶμα
1083 2593 1132 2662 τῆς
1150 2588 1239 2662 πυρὸς
1257 2594 1299 2663 M;

156 2668 189 2721 cf.
208 2668 332 2737 Proll.p
335 2673 457 2722 .82.-
476 2665 543 2721 6δὲ
564 2683 617 2721 om
638 2666 717 2722 codd
737 2665 809 2751 cdd„
827 2665 945 2720 inseruit
932 2663 1098 2720 10οω-
1118 2662 1179 2734 top
1181 2667 1219 2718 at.
1238 2681 1298 2719 vac

154 2739 238 2863 pium
257 2686 332 2794 litt.p
333 2739 371 2806 ρῶ
391 2737 480 2792 Μ.-
507 2731 559 2792 td
578 2733 655 2808 παρά
676 2755 727 2808 pro
746 2731 803 2791 άπό
823 2737 919 2790 Μ.-
886 2743 1009 2806 -9γε
1029 2753 1084 2791 om.
1103 2735 1246 2804 ABChK,
1264 2735 1299 2791 cf.

177 2811 349 2880 10111134.
370 2841 402 2849 -

156 3011 274 3074 mentis
294 3009 513 3094 generationis
531 3013 663 3074 nostrae
683 3013 716 3074 ct
733 3008 772 3074 de
792 3009 944 3072 universa
967 3009 1155 3074 morborum
1175 3010 1301 3074 ratione

154 3116 300 3200 disserit,
327 3116 417 3180 cuius
441 3117 506 3182 loci
534 3116 664 3181 initium
691 3116 771 3180 illud
798 3120 860 3180 est:
906 3112 1005 3180 ‘Cum
1026 3115 1119 3180 'enim
1147 3118 1301 3199 quattuor

155 3243 275 3306 genera
303 3223 383 3306 sint,
411 3245 427 3286 e
456 3223 572 3308 quibus
601 3246 717 3307 corpus
747 3223 924 3307 concrevit,
949 3218 1050 3307 terra,
1080 3222 1181 3308 ignis,
1208 3245 1301 3306 aqua,

156 3328 229 3394 τότ’
286 3327 480 3394 Accurati‘us
513 3351 589 3394 vero
626 3330 665 3394 de
697 3329 738 3393 iis
772 3333 868 3413 atque
901 3328 1026 3395 medico
1057 3330 1156 3394 etiam
1186 3329 1300 3394 utilius

155 3437 325 3520 scripsisse
348 3433 583 3519 Hippocratem
609 3441 751 3520 constat,
774 3437 895 3521 quippe
918 3435 986 3520 qui,
1010 3459 1082 3501 curn
1107 3459 1123 3500 e
1147 3439 1302 3520 quattuor

155 3542 324 3607 elementis
357 3563 476 3625 corpus
507 3543 628 3607 diceret
660 3542 837 3625 exstitisse,
870 3542 910 3606 ab
940 3543 1055 3608 activis
1088 3543 1300 3627 qualitatibus
1413 3610 1424 3630 ,

155 3649 287 3714 omnino
312 3669 351 3712 ea
374 3648 569 3732 appellaret,
592 3650 727 3733 siccum,
750 3649 933 3732 humidum,
956 3649 1109 3734 calidum,
1135 3649 1300 3735 frigidum,

153 3777 257 3840 neque
283 3758 393 3819 tamen
417 3755 483 3820 illis
503 3755 658 3820 adhibitis
678 3756 933 3840 disputationem
952 3756 991 3820 de
1010 3756 1134 3822 morbis
1152 3755 1300 3836 institue-

154 3866 212 3925 ret.
259 3861 426 3927 Potestatc
450 3862 537 3926 enim
560 3862 594 3926 in
618 3863 807 3946 corporibus
832 3865 916 3945 sunt,
940 3865 1014 3926 actu
1037 3885 1103 3929 non
1127 3866 1212 3945 sunt,
1235 3861 1300 3946 sed,

154 3989 237 4051 quae
262 3991 300 4032 ex
327 3967 369 4031 iis
398 3991 456 4052 per
484 3969 640 4034 alimenta
667 3969 859 4055 gignuntur,
888 3968 1034 4054 sanguis,
1061 3968 1194 4053 pituita,
1222 3969 1299 4033 bilis

154 4075 241 4139 flava
264 4079 298 4140 et
321 4077 406 4160 atra3
429 4076 498 4161 igni
518 4077 612 4158 flava,
634 4079 739 4140 terrac
759 4079 839 4159 atra,
862 4077 982 4160 pituita
1000 4098 1102 4160 aquae
1126 4075 1301 4158 respondet

155 4185 252 4266 atque
280 4180 401 4246 idcirco
430 4182 535 4248 calida
558 4185 591 4246 et
618 4182 703 4248 sicca
731 4187 781 4248 est
812 4181 968 4248 facultate
991 4183 1075 4246 flava
1098 4181 1187 4264 bilis,
1215 4182 1300 4246 sicut

154 4288 256 4458 ignis,
281 4292 353 4353 atra
374 4288 496 4374 frigida
518 4293 551 4353 et
578 4291 665 4354 sicca
690 4289 824 4372 perinde
848 4293 1007 4372 aeterra,
1037 4289 1157 4373 pituita
1179 4288 1299 4373 frigida

156 4393 433 4480 ethumida‚ut
396 4418 552 4480 u.aqua
599 4393 710 4462 Solum
738 4399 865 4461 atreum
894 4395 1124 4460 elementum
1114 4415 1149 4460 m
1177 4394 1298 4460 anima-
