3298 5136
656 431 899 498 -181-

201 587 288 660 οὕτω
316 588 377 678 χρὴ
410 586 585 658 κάνταῦθα
616 587 782 677 πράττειν.
831 593 862 656 εί
888 587 951 676 γάρ
979 614 1028 668 τις
1056 588 1163 655 ἐθέλει
1192 592 1347 674 γίνεσθαι

200 696 396 783 λογιστικός,
418 687 517 775 οὗτος
540 693 743 783 ἐκμανθάνει
767 694 828 782 μὲν
850 697 984 782 πρῶτον
1003 691 1170 782 ἀριθμοὺς
1193 693 1348 782 ἅπαντας,

201 799 260 883 οὓς
282 799 507 891 ὀνομάζουσιν
527 802 532 891 Ι
557 804 677 871 έκεῖνοι
700 801 929 890 τετραγώνους
950 802 1005 868 καὶ
1030 799 1250 888 ἑτερομήκεις,
1273 798 1413 888 ips-aas

201 913 257 998 ξῆς
293 910 330 978 δὲ
367 908 564 997 γυμνάζεται
600 909 711 999 χρόνῳ
744 907 926 999 παμπόλλῳ
962 907 1260 988 πολλαπλασιάζειν
1293 908 1348 976 καὶ

200 1023 354 1104 μερίζειν,
378 1011 444 1084 εἶθ’
470 1014 544 1101 ἑξῆς
566 1019 613 1083 ἔτι
636 1013 759 1102 μαθῶν
777 1011 945 1100 ὀλιγίστας
963 1013 1133 1101 μεθόδους
1154 1011 1261 1093 οὕτως
1282 1011 1375 1101 ἤδηε

200 1123 275 1211 περὶ
310 1120 435 1201 παντὸς
467 1125 529 1188 τοῦ
560 1121 811 1209 προβληθέντος
844 1118 958 1200 ίκανὸς
989 1125 1116 1206 γίνεται
1149 1123 1348 1204 λογίζεσθαι.

201 1235 260 1297 καί
278 1249 336 1316 μοι
359 1226 545 1315 θαυμάζειν
568 1225 736 1316 ἐπέρχεται
758 1231 817 1315 τῆς
837 1231 906 1296 τῶν
928 1230 1061 1296 πολλῶν
1085 1227 1296 1312 δοξοσοφίας,
1319 1230 1350 1293 εί

206 1334 457 1422 προβληθέντος
478 1335 557 1422 μέν,
584 1329 628 1402 ἂν
656 1333 743 1403 οὕτω
766 1333 864 1423 τύχῃ,
895 1341 945 1414 τίς
967 1340 1093 1420 γίνεται
1119 1330 1216 1411 τόκος
1239 1331 1349 1400 ἕκατο-

202 1455 328 1521 στιαίος
353 1438 508 1509 Ἀττικῶν
536 1445 723 1529 δισμυρίων
749 1445 1024 1528 πεντακισχιλίαν
1051 1438 1231 1520 ἑξακοσίων
1257 1435 1348 1526 τριά-

200 1575 302 1617 κοντα
329 1546 408 1616 ε’πτδι
432 1551 549 1634 μηνῶν
570 1552 881 1635 τεσσαρεσκαίδεκα,
908 1560 979 1626 τοῖς
1002 1553 1202 1631 λογιστικοίς
1224 1543 1348 1630 έπιτρέ-
1361 1569 1387 1608 10

199 1675 322 1723 πουσιν
350 1653 489 1739 εἰδότες,
517 1651 624 1740 οἶμαι,
651 1658 782 1740 σαφῶς,
810 1652 855 1734 ῶς
882 1653 1012 1732 ἑαυτοῖς
1039 1648 1081 1720 οὐ
1107 1651 1257 1740 μέτεστιν
1281 1650 1348 1717 έπι-

199 1760 306 1849 στήμη
331 1758 472 1848 οὐδεμία
494 1764 556 1829 τοῦ
578 1766 769 1847 λογίζεσθαι
791 1759 831 1829 τὰ
854 1763 1007 1846 τοιαῦτα,
1036 1757 1122 1827 διότι
1145 1757 1225 1845 μήτε
1248 1755 1347 1844 ἤσκη-

200 1966 239 2042 εὖ
262 1973 402 2059 εἰδότες,
429 1971 475 2053 ῶς
498 1972 574 2043 οὔτε
600 1973 690 2062 παρὰ
720 1974 842 2062 ἑτέρων
869 1979 999 2062 ἔμαθον
1030 1971 1114 2053 ὅλως
1142 1969 1243 2041 οὐδέν
1271 1968 1347 2039 οὔτε

202 2077 296 2149 αὐτοὶ
318 2077 396 2148 καθ’
423 2079 561 2160 ἑαυτοὺς
584 2083 734 2168 ἐξεῦρον,
763 2083 798 2148 οἳ
823 2106 860 2166 γε
886 2080 970 2168 μηδὲ
994 2079 1168 2168 ἐζήτησαν,
1197 2077 1282 2148 όπου
1310 2103 1346 2164 γε
1362 2101 1386 2140 1⁵

202 2297 338 2420 011ῙΚροελ
356 2288 429 2382 αὕτη
452 2294 623 2420 ἰοεεηαίᾕαιη
631 2290 755 2420 {Sipi-
771 2291 810 2380 tsi
828 2290 882 2418 γιέἱρ
905 2313 947 2355 τις
965 2291 1021 2376 (JM
1044 2291 1174 2418 έσμςοτλς
1192 2291 1246 2344 ΔΒ
1269 2284 1346 2353 ὅστις

201 2372 618 2507 γόνονς-δῐῶῖυτξςῶόηίπόλω
636 2436 673 2492 Μ.
700 2468 713 2478 -
748 2367 1066 2504 οότέξῆςκιέῶνὲῗεξτῶ
1079 2368 1346 2489 δοκῶ-Βὲὴτλῗρῗ

202 2515 218 2564 8
246 2502 325 2576 τόγει
352 2508 440 2562 MAB
468 2503 538 2578 τόχη
562 2507 667 2563 CChK.
695 2539 728 2547 -
757 2503 980 2568 έκατοσταῑοςῠ
1009 2499 1160 2566 ἕκατοστός
1181 2502 1346 2558 MABChK

203 2574 395 2667 {sescunciae
418 2596 476 2634 nos.
500 2611 534 2618 —
559 2585 742 2646 insessaque
764 2598 814 2632 και
836 2579 987 2638 δεκαταῖος
1006 2576 1065 2646 (sic)
1088 2575 1116 2631 C.
1135 2607 1171 2615 -
1196 2581 1227 2630 11
1248 2574 1346 2644 σαφῶς

201 2650 292 2704 εαυτῶ
315 2650 345 2704 Μ
368 2668 391 2704 u.
416 2645 456 2714 ῶς
479 2645 570 2722 έαντῷ
593 2649 725 2703 ABchK
749 2649 847 2718 σαφῶς
875 2646 956 2711 οἷςΟ
984 2666 1007 2704 c.
1032 2642 1070 2710 ῶς
1094 2642 1207 2709 ἑαυτοῖς
1229 2663 1289 2703 nos.
1312 2677 1345 2686 -

203 2728 234 2774 14
253 2716 319 2776 οὔτε
339 2715 410 2776 uviri
432 2720 529 2792 μέντοι
547 2715 619 2774 καθ’
640 2714 745 2783 adrosis
764 2719 785 2775 C
805 2714 870 2776 οὔτε
890 2713 973 2774 αὐτοὶ
991 2713 1062 2773 καθ’
1084 2713 1106 2774 ἕ.
1126 2718 1194 2772 ΜΔ.
1214 2749 1247 2758 -

200 2941 279 3002 tum.
316 2938 398 3015 Quid
422 2937 546 3002 multa?
584 2936 676 3013 Quod
698 2937 733 3000 in
752 2939 821 3002 arte
840 2934 1046 3019 computandi
1068 2933 1176 2998 facere
1196 2935 1346 3018 solemus,

200 3044 285 3109 idem
307 3043 360 3109 hic
383 3065 509 3129 quoque
527 3043 710 3108 faciendum
729 3047 786 3108 est.
824 3041 858 3107 Si
877 3043 948 3127 quis
967 3042 1053 3105 enim
1075 3041 1197 3125 peritus
1216 3061 1345 3123 compu-

200 3151 290 3216 tandi
312 3150 383 3215 fieri
405 3151 484 3234 vult,
507 3151 534 3214 is
557 3151 661 3235 primo
681 3171 831 3215 numeros
852 3169 973 3232 omnes,
996 3170 1076 3232 quos
1096 3145 1271 3231 quadratos
1295 3145 1345 3210 vel

201 3258 362 3343 oblongos
385 3257 563 3342 nominant,
586 3257 708 3341 ediscit,
732 3257 881 3341 deinceps
905 3277 971 3320 non
990 3256 1141 3339 exiguum
1159 3255 1288 3337 tempus
1311 3253 1345 3316 in

201 3364 438 3448 multiplicandi
462 3367 495 3428 et
517 3364 677 3448 partiendi
701 3363 962 3428 exercitationem
986 3361 1157 3445 impendit,
1180 3363 1345 3444 postremo

201 3471 402 3557 paucissimis
430 3470 534 3536 modis
561 3471 806 3555 praeceptisque
839 3468 942 3534 adhuc
975 3467 1114 3553 cognitis
1143 3467 1190 3530 ita
1217 3465 1345 3530 demum

201 3578 333 3664 quasvis
361 3579 502 3644 rationes
531 3577 713 3661 propositas
742 3576 918 3642 subducere
946 3578 1064 3660 potest.
1098 3572 1158 3638 .Ac
1185 3595 1251 3637 non
1273 3594 1346 3656 pos-

202 3707 274 3750 sum
306 3707 374 3750 non
416 3684 528 3750 mirari
561 3705 789 3768 saepenumero
825 3684 923 3747 istam
958 3681 1140 3767 vulgarium
1177 3678 1345 3745 hominum

202 3791 380 3876 sapientiae
403 3791 600 3876 opinionem,
622 3791 687 3874 qui,
710 3791 738 3854 si
761 3791 845 3855 forte
867 3789 1072 3875 propositum
1095 3787 1139 3852 sit
1161 3785 1346 3851 Atticarum

202 3897 427 3964 drachmarum
458 3895 552 3962 XXV
583 3897 722 3961 millium
752 3894 970 3962 DOXXXVII
1006 3896 1100 3960 fenus
1136 3893 1346 3960 centesimum

202 4005 364 4090 quodnam
393 4006 437 4070 sit
464 4003 629 4070 mensibus
653 4002 732 4068 XIV
756 4003 891 4085 exactis,
915 4025 984 4068 rem
1012 4002 1125 4068 statim
1153 4001 1194 4066 ad
1217 4023 1345 4084 compu-

202 4111 292 4176 tandi
316 4112 437 4196 peritos
466 4111 614 4175 deferunt
637 4109 739 4194 haud,
767 4111 897 4195 opinor,
924 4111 1112 4196 ignorantes
1137 4109 1199 4174 sibi
1222 4106 1345 4172 nullam

201 4217 354 4302 peritiam
378 4239 447 4282 cose
470 4217 551 4282 talia
578 4217 801 4302 computandi,
827 4221 1001 4301 propterea
1028 4215 1113 4300 quod
1134 4215 1217 4279 hanc
1241 4216 1345 4278 artem

201 4347 259 4390 nec
283 4323 484 4390 exercuerint
501 4346 559 4389 nee
579 4324 710 4389 omnino
730 4324 909 4408 didicerint,
930 4320 1217 4388 demonstrationis
1236 4322 1345 4385 autem

204 4453 296 4497 usum
319 4433 440 4498 temere
459 4430 522 4498 sibi
541 4435 705 4518 arrogant,
724 4429 871 4516 quamvis
888 4453 948 4496 nec
966 4429 1007 4494 ab
1026 4429 1099 4495 aliis
1118 4450 1152 4494 se
1171 4426 1345 4514 quidquam
