3296 5150
828 408 1071 472 —372—

375 563 505 650 ‘lo'yom
536 563 619 651 μίγα
648 563 684 630 dl
712 563 821 644 πάθος
853 565 1042 652 ἐμφαίνειν,
1069 562 1111 632 οὐ
1137 569 1244 644 καλῶς
1271 561 1504 651 ὑπολαμβάνειν

375 673 465 740 “ε’στί.
500 677 626 757 γίνεται
650 671 686 738 dl
710 672 765 739 καί
785 671 841 739 orb
860 672 1050 759 σύμμετρον
1068 674 1122 740 καί
1142 671 1283 760 μικρόν.’
1320 672 1452 760 ἐχόμενοι
1473 670 1504 736 ol

373 778 502 846 τούτων
521 777 539 846 ὁ
560 779 788 858 Ποσειόάνιος
810 781 864 846 καὶ
883 780 961 847 τάδε
980 780 1114 866 γράφει·
1139 783 1250 848 ‘duola
1272 807 1307 848 τε
1329 779 1389 866 τὴν
1411 775 1505 863 αὐτὴν

374 883 568 953 “άσθε’νειαν
591 885 737 972 ἐχόντων
760 886 813 952 καὶ
837 886 899 973 τὴν
923 885 1044 974 ὁμοίαν
1067 887 1308 974 λαμβανόντων
1331 890 1505 972 φαντασίαν

346 991 519 1079 ὑλάγαθοῦ
547 989 695 1080 ἢκακοῦ
719 990 736 1060 ὁ
765 993 826 1080 μὲν
859 996 896 1061 ἐν
919 995 1019 1063 πάθει
1044 1001 1185 1081 γίνεται,
1214 991 1231 1062 ὁ
1261 993 1297 1062 dl
1326 991 1382 1077 οὔ,
1412 990 1461 1058 καὶ
1491 987 1505 1054 ὁ

373 1100 446 1186 ‘plu
473 1093 585 1187 ἧττον,
610 1098 627 1167 ὁ
652 1100 689 1167 dt
712 1104 856 1186 μᾶλλον,
884 1103 938 1168 καί
967 1103 1072 1169 ἐνίοτε
1100 1099 1118 1167 ὁ
1148 1098 1386 1187 ἀσθενέστερος
1408 1104 1507 1186 μεῖζον

373 1206 632 1294 Ὑπολαμβάνων
655 1206 692 1274 τὸ
717 1208 973 1294 προσπεπτωκὸς
996 1205 1037 1279 οὐ
1060 1222 1198 1275 κινεῖται
1221 1209 1276 1275 καὶ
1301 1205 1318 1275 ὁ
1344 1203 1440 1288 αὐτὸς
1461 1205 1504 1270 ἐπί

373 1317 453 1394 ‘tots
481 1311 594 1393 αὐτοῖς
617 1312 670 1382 ὁτὲ
694 1315 755 1402 μὲν
784 1317 821 1382 ἕν
843 1314 944 1382 πάθει
968 1323 1110 1401 γίνεται,
1134 1321 1224 1384 ἔστιν
1247 1313 1301 1383 ὅτε
1325 1314 1362 1381 dl
1385 1311 1439 1394 οὗ,
1460 1313 1506 1378 καί

373 1420 437 1490 ’ὁτὲ
470 1422 532 1508 μὲν
563 1425 706 1508 μᾶλλον,
744 1420 796 1489 ὁτὲ
833 1424 868 1490 dl
905 1414 1011 1508 ἦττον.
1061 1426 1097 1489 ol
1131 1427 1215 1509 γοῦν
1243 1419 1361 1508 ἀήθεις
1392 1423 1508 1507 μᾶλλον

334 1551 358 1588 10
373 1528 571 1615 πάσχουσιν
594 1531 630 1595 ἐν
654 1529 789 1615 φόβοις,
813 1532 850 1597 ἐν
872 1530 1007 1613 λύπαις,
1031 1531 1068 1597 ἐν
1091 1532 1299 1616 ἐπιθυμίαις,
1323 1531 1361 1596 ἐν
1384 1525 1510 1614 ἡδοναῖς

373 1637 439 1703 ‘act
468 1641 503 1703 οί
527 1634 707 1722 κακωτεροι
739 1637 1003 1724 σοναρπάζονται
1035 1638 1159 1723 ταχέως
1185 1633 1250 1703 ὑπὸ
1283 1639 1352 1703 τῶν
1378 1633 1508 1701 παθῶν]

374 1745 489 1830 ἐφεξῆς
517 1743 553 1810 dl
581 1742 710 1811 τούτων
734 1741 751 1811 ὁ
778 1743 1006 1822 Ποσειδώνιος
1034 1743 1145 1831 ῥήσεις
1166 1769 1200 1811 τε
1224 1741 1396 1829 ποιητικάς
1417 1765 1510 1824 παρα·

373 1857 501 1918 τίθεται
520 1850 574 1916 καὶ
595 1853 741 1936 ἱστορίας
759 1855 911 1918 παλαιῶν
928 1849 1080 1938 πράξεων
1103 1847 1338 1938 μαρτυρούσας
1357 1843 1406 1928 οἷς
1424 1847 1511 1931 λέγει.

307 1958 429 2028 λθθκαί
452 1956 532 2044 μετὰ
555 1960 657 2023 ταῦτα
678 1958 682 2046 l
704 1959 870 2043 ἐπιφέρων
893 1965 979 2044 φησί
1000 1956 1048 2024 ‘rb
1072 1957 1133 2045 plu
1157 1955 1221 2044 άρα
1244 1954 1350 2024 κακὸν
1372 1953 1435 2023 ὑπὸ
1457 1955 1509 2019 τοί

335 2086 359 2125 ¹5
374 2062 581 2151 “άσονήθους
599 2062 680 2150 ταχὺ
696 2065 946 2150 συναρπάζεται,
964 2063 1001 2132 τὸ
1019 2064 1055 2132 dt
1070 2067 1228 2142 ἐναντίως
1246 2060 1394 2150 ἧγμε’νον
1411 2058 1510 2149 χρόνῳ

374 2170 741 2259 “μετασυνεθιζόμενον·
770 2174 807 2238 ἐν
838 2167 887 2252 οἷς
915 2176 952 2238 αι’
976 2172 1039 2258 μὲν
1061 2169 1244 2258 ὑπολήψεις
1271 2179 1341 2238 ίσαι
1365 2167 1512 2242 πολλάκις

372 2309 585 2317 ——-

410 2376 423 2422 1
449 2367 480 2422 dl
506 2369 570 2436 post
597 2366 670 2436 μέγα
698 2369 774 2423 Bake
803 2370 927 2424 inseruit.
953 2401 985 2410 —
1015 2365 1149 2439 ἐμφαίνει
1173 2368 1252 2422 codd.
1276 2367 1340 2422 cdd.
1369 2363 1511 2438 ἐμφαίνειν

374 2440 456 2494 boko.
478 2470 510 2479 -
535 2435 610 2492 δάι’
631 2438 675 2492 ola
699 2458 749 2510 pro
774 2445 855 2494 θυοίν
878 2441 915 2496 Μ.
941 2473 973 2481 -
998 2437 1147 2509 ὀάροιθοῦ
1172 2457 1225 2492 om.
1250 2440 1287 2494 M.
1313 2471 1347 2479 —
1374 2447 1389 2494 8
1413 2434 1511 2493 πάθεσι

373 2513 451 2566 codd.
472 2511 533 2565 edd.
553 2508 642 2564 πάθει
657 2511 742 2566 Bake.
764 2544 796 2551 —
816 2507 861 2567 ὅτε
878 2511 930 2582 μὲν
955 2543 987 2551 -
1007 2506 1054 2566 ὅτε
1074 2511 1105 2566 δὲ
1122 2513 1150 2564 Μ
1157 2511 1263 2565 ΑΒΟλι.
1280 2541 1312 2550 -
1333 2518 1349 2564 9
1370 2502 1422 2564 οὖν
1440 2509 1511 2563 codd.

372 2584 434 2666 edd.
454 2584 524 2668 μοῦν
543 2599 601 2636 nos.
625 2614 660 2622 —
687 2591 717 2636 lo
741 2585 836 2652 malim
856 2580 1036 2666 συναρπάζει.
1057 2616 1090 2623 --
1116 2579 1147 2636 τό
1165 2577 1202 2665 'rs
1228 2577 1365 2662 ἐναντίως
1387 2580 1510 2636 MABCh

373 2675 403 2706 το
433 2657 450 2706 θ
494 2649 532 2706 ἐν.
563 2654 638 2707 Bake
663 2655 694 2709 K.
723 2687 758 2694 —
787 2673 837 2724 pro
862 2656 985 2725 ηγμένον
1010 2656 1089 2710 Corn.
1119 2655 1203 2708 scribi
1230 2654 1290 2708 vult
1313 2653 1465 2723 ηγημίνον.
1484 2682 1511 2690 --

375 2732 407 2778 16
427 2721 485 2778 ἶσαι
504 2725 532 2777 Μ
552 2726 610 2791 (sed
629 2729 728 2794 postea
747 2728 813 2795 ίοα).
834 2757 867 2767 -

374 2948 390 2988 e
415 2925 631 2989 mediocribus
656 2929 688 2988 et
716 2928 826 3010 parvis
851 2928 945 2992 rebus
969 2924 1194 3011 perturbatio?
1239 2925 1301 2990 His
1324 2924 1512 2992 Posidonius

373 3033 471 3096 etiam
487 3033 544 3095 illa
558 3033 740 3116 subiungit:
765 3032 822 3097 ‘Si
841 3035 912 3100 duo
932 3036 1060 3098 eadem
1081 3034 1360 3098 imbecillitate
1380 3030 1514 3097 effecti

373 3143 518 3202 suntet
542 3139 709 3203 similem
733 3141 823 3206 boui
844 3142 901 3205 vel
922 3142 1014 3206 mali
1035 3142 1260 3225 opinionem
1280 3140 1514 3225 concipiunt.

373 3248 473 3310 alter
496 3246 535 3310 in
558 3248 898 3328 perturbationem
928 3249 1088 3331 incidet,
1116 3249 1217 3312 alter
1239 3270 1315 3312 non
1343 3248 1439 3312 item
1463 3250 1513 3309 at·

372 3376 442 3437 que
464 3354 533 3416 ille
558 3353 697 3437 minus,
724 3354 786 3418 liic
811 3356 934 3440 magis
958 3360 995 3418 et
1023 3356 1213 3419 interdum
1237 3354 1284 3438 is,
1313 3355 1379 3438 qui
1403 3354 1513 3418 imbo-

373 3462 507 3525 cillior
539 3464 611 3542 est,
644 3462 683 3525 in
717 3463 839 3526 maius
874 3462 1086 3545 accipiens,
1120 3462 1218 3545 quod
1252 3460 1414 3542 accidit,
1446 3481 1513 3524 nou

374 3571 550 3632 movetur
568 3566 741 3651 idemque
762 3568 897 3632 iisdem
913 3570 1026 3632 rebus
1045 3568 1237 3632 interdum
1251 3568 1514 3652 perturbetur,

373 3674 568 3738 interdum
582 3697 657 3738 non
672 3676 925 3756 perturbatur
941 3681 977 3739 et
996 3676 1093 3738 alies
1112 3674 1250 3758 magis,
1270 3674 1369 3740 elias
1385 3675 1515 3740 minus,

372 3781 523 3845 Insueti
542 3783 773 3864 terroribus,
793 3782 1051 3864 maeroribus,
1065 3781 1365 3866 cupiditatibus,
1385 3782 1514 3862 volup·

372 3889 524 3952 tatibus
549 3888 674 3972 magis
698 3894 906 3953 moventur
925 3894 961 3953 et
985 3889 1188 3972 praviores
1213 3889 1347 3954 statim
1370 3891 1515 3972 pertur-

373 3995 603 4060 bationibus
635 3995 924 4078 corripiuntur?
974 3997 1054 4060 l'ost
1081 3995 1161 4060 hacc
1185 3996 1378 4060 Posidonius
1410 4001 1516 4079 poeto-

372 4127 442 4167 rum
466 4104 552 4166 dicta
571 4103 728 4186 quaedam
749 4107 781 4166 et
803 4103 957 4166 historias
983 4107 1128 4167 veterum
1147 4126 1264 4186 rerum,
1282 4125 1364 4186 quae
1384 4102 1515 4168 rationi-

371 4212 432 4275 bus
452 4211 518 4274 suis
538 4210 730 4293 adstipulari
751 4210 928 4293 videantur,
947 4210 1066 4294 laudat,
1085 4211 1236 4294 deinceps
1256 4209 1335 4275 haec
1355 4210 1514 4294 adiungit:

372 4317 507 4382 ‘Unum
541 4318 678 4404 malum
713 4317 836 4402 igitur
867 4317 1039 4382 homines
1074 4321 1237 4401 propter
1264 4317 1515 4386 insolentiam

372 4426 554 4489 celeriter
578 4425 757 4510 corripit3
783 4424 889 4489 aliud
913 4425 1112 4490 contrario
1136 4425 1245 4490 modo
1268 4425 1425 4490 illatum
1446 4429 1516 4506 est,
