3298 5136
661 445 904 510 -197-

204 605 308 692 με’νου
331 629 400 682 πως
422 605 483 670 τού
506 602 588 670 κατὰ
611 600 671 670 τὸν
693 601 866 689 πνεύμονα
888 601 1076 689 πνεύματος
1097 599 1162 670 ὑπὸ
1185 605 1246 670 τοῦ
1269 601 1350 670 κατὰ

203 709 265 798 τὴν
292 715 435 798 καρδίαν
463 710 589 795 ἐγίνετο
626 705 761 776 κᾶπειθ’
792 710 896 800 ἑαυτῷ
925 707 962 777 τὸ
995 707 1078 777 κατὰ
1105 707 1168 796 τὴν
1194 708 1350 796 φάρυγγα

204 821 466 900 συντυποῦντος,
491 812 552 882 οὐκ
575 811 618 882 ἀν
640 811 813 883 ἀπώλλυτο
836 819 1034 904 παραχρῆμα
1056 817 1255 902 τμηθέντων
1277 815 1351 884 νεύ·

204 950 274 1011 ρων
296 926 400 991 τινών
426 920 500 1009 ἤτοι
527 919 609 988 κατὰ
636 919 697 990 τὸν
719 921 885 1009 τράχηλον
915 917 935 1009 ἢ
958 920 1022 1009 τὴν
1044 921 1208 1009 κεφαλήν,
1237 926 1284 989 ἔτι
1313 921 1351 990 δὲ

203 1033 330 1116 μᾶλλον
359 1025 420 1097 ούκ
447 1023 491 1094 ἀν
520 1023 667 1096 ἀπώλετο
695 1028 894 1109 θλιψάντων
922 1027 983 1095 τὸν
1011 1029 1195 1114 ἐγκέφαλον
1223 1023 1375 1117 ἢτρω-ει

203 1135 335 1204 σάντων
363 1133 438 1222 ἄχρι
466 1140 594 1213 κοιλίας
620 1129 641 1220 ἢ
679 1133 905 1222 διατεμόντων
933 1132 993 1202 τὸν
1026 1149 1186 1203 νωτιαϊον
1216 1134 1350 1222 μυελόν.

202 1239 239 1310 τὸ
264 1241 325 1328 μὶν
352 1239 417 1329 γάρ
444 1245 502 1328 τῆς
529 1247 680 1328 τραχείας
707 1237 880 1328 ἀρτηρίας,
906 1239 1011 1328 ἥνπερ
1040 1239 1082 1327 δὴ
1110 1241 1165 1308 καὶ
1193 1240 1349 1328 φάρυγγα

202 1347 505 1436 προσαγορεύομεν,
528 1343 549 1434 ἢ
572 1351 633 1415 τοῦ
656 1346 844 1435 πνεύμονος
866 1343 886 1435 ἢ
909 1351 968 1434 τῆς
985 1351 1124 1435 καρδίας
1147 1345 1249 1433 αὐτῆς
1271 1353 1349 1432 βλα-

201 1461 313 1542 βείσιγς
339 1452 549 1523 ἀπόλλυσθαι
575 1453 640 1540 τὴν
670 1452 791 1541 φωνὴν
818 1451 922 1522 οὐδὲν
948 1449 991 1521 ἀν
1019 1451 1112 1541 οἶμαι
1138 1453 1349 1541 θαυμαστόν,

201 1569 291 1651 εἴπερ
315 1563 350 1628 ἐκ
372 1564 430 1648 τῆς
452 1563 591 1647 καρδίας
609 1557 754 1646 ώρμάτο·
776 1557 814 1628 τὸ
840 1559 876 1627 δὲ
899 1563 961 1628 τοῦ
979 1559 1165 1647 ἐγκεφάλου
1183 1561 1348 1646 θλιφθέν-
1364 1584 1388 1623 ιο

200 1695 257 1748 τος
278 1666 300 1756 ἥ
319 1695 410 1748 τινος
428 1669 496 1735 τών
519 1667 552 1748 ἐξ
571 1662 676 1735 αύτοῦ
700 1666 831 1754 νεύρων
849 1670 917 1736 τών
939 1671 986 1746 είς
1003 1664 1082 1745 τοὺς
1104 1670 1165 1734 τοῦ
1183 1665 1349 1754 λάρυγγος

200 1778 263 1862 μῦς
286 1776 482 1861 φερομένων
500 1771 626 1841 ἄτοπόν
648 1799 683 1840 τε
701 1774 755 1840 καὶ
775 1777 893 1852 δεινώς
916 1770 1052 1858 άλογον,
1075 1781 1165 1860 είπερ
1188 1799 1225 1859 γε
1248 1777 1346 1860 μηδε-

199 1878 259 1961 νὸς
281 1877 424 1948 αύτώνά
446 1883 505 1967 τῆς
524 1884 641 1967 φωνῆς
657 1881 786 1966 γένεσις
803 1883 1005 1967 προσδεῖται.
1042 1881 1097 1947 καὶ
1119 1878 1187 1967 μὴν
1206 1884 1347 1967 ἔμπαλιν

200 1993 264 2074 ἔχει
287 1985 325 2056 τὸ
349 1987 558 2074 φαινόμενον
581 1978 622 2055 οὖ
646 1985 843 2068 δοξάζουσιν
867 1987 996 2054 ἐκεῖνοι.
1036 1989 1175 2074 καρδίας
1197 1985 1259 2073 μὲν
1282 1985 1346 2075 γὰρ

198 2200 252 2266 καὶ
275 2203 407 2287 κρατών
429 2199 484 2268 καὶ
506 2205 639 2285 θλίβων
661 2200 716 2266 καὶ
738 2202 834 2267 θλών
853 2197 929 2267 ούτε
952 2197 1084 2267 ἀπνουν
1107 2196 1182 2267 ούτε
1205 2197 1345 2286 ἀφωνον
1360 2220 1385 2260 16

199 2305 274 2374 οὔτε
302 2305 408 2392 ἀλλην
437 2305 512 2374 τινὰ
540 2309 608 2374 τών
635 2303 714 2374 καθ’
745 2303 854 2392 ὁρμὴν
882 2307 1058 2392 ἐνεργειῶν
1085 2305 1345 2393 ἐμποδιζόμενον

235 2533 324 2594 Ιάπὸ
344 2540 394 2594 τοῦ
414 2539 442 2594 G.
463 2571 495 2579 -
516 2547 531 2593 ‘2
550 2533 623 2593 κατά
644 2533 696 2607 τὴν
715 2532 848 2607 φάρυγγα
868 2537 980 2592 ΟΜΑΒ
999 2557 1024 2591 ιι,
1048 2532 1099 2590 τόν
1116 2532 1243 2605 λάρυγγα
1263 2535 1342 2591 chK.

196 2641 231 2650 -
250 2617 265 2664 3
285 2605 469 2666 ἀπόλλοιτοΟ
485 2605 624 2665 ἀπόλλυτο
638 2609 724 2664 MAB
743 2604 890 2663 ἀπώλλυτο
904 2607 982 2662 ChK.
998 2637 1033 2648 —
1052 2615 1067 2662 ’λ
1083 2601 1216 2734 φάρυγγα
1230 2607 1342 2662 ΟΜΑΒ

197 2680 322 2750 λάρυγγα
341 2680 422 2736 ChK.
449 2712 479 2722 -
510 2676 633 2750 8αύτὴς
652 2697 705 2735 om.
726 2679 755 2736 C.
780 2711 812 2718 -
844 2688 876 2736 10
899 2679 982 2733 τοῦτο
1005 2677 1037 2733 δὲ
1062 2677 1083 2732 C
1106 2674 1137 2733 τὸ
1162 2681 1179 2732 δ
1218 2677 1284 2732 MA.
1309 2711 1341 2718 -

196 2751 373 2822 θλιφδέντος
391 2751 446 2808 CM
464 2751 612 2825 δλιβέντος
630 2751 767 2807 ABChK.
787 2783 819 2790 -
847 2757 879 2806 14
897 2741 931 2806 ού
951 2747 1006 2804 OM
1025 2743 1042 2818 ἣ
1061 2749 1200 2804 ABOhK.
1221 2781 1253 2788 -
1277 2769 1342 2820 καρ-

197 2826 259 2886 δίας
278 2819 332 2892 γάρ
351 2823 379 2878 0.
399 2855 432 2863 -

195 3061 337 3146 gniiuris
366 3064 472 3124 serem
497 3059 720 3124 conformanie
748 3081 810 3124 vox
834 3062 1011 3142 crearetur,
1039 3079 1111 3122 eam
1133 3081 1199 3124 non
1227 3059 1341 3124 statim

195 3167 400 3232 interituram
414 3189 494 3249 esse,
518 3166 573 3230 ubi
591 3167 643 3230 vel
662 3165 738 3232 colli
757 3167 809 3230 vel
828 3167 945 3251 ospitis
964 3165 1056 3231 nervi
1070 3166 1210 3249 praecisi
1225 3170 1341 3250 essent,

194 3274 360 3358 multoque
383 3273 490 3338 minus
514 3277 648 3338 contuso
668 3274 799 3339 oerebro
823 3274 873 3338 vel
898 3273 938 3337 ad
960 3273 1175 3338 ventriculum
1199 3273 1340 3358 aliquem

193 3402 295 3464 usque
313 3380 496 3445 ¹vulnerato
529 3383 586 3444 aut
618 3380 706 3446 dorsi
736 3380 878 3444 medulla
910 3379 1058 3444 dissecta.
1108 3378 1195 3444 Nam
1227 3380 1255 3444 si
1287 3381 1340 3446 vel

194 3509 309 3570 aspera
339 3487 473 3570 arteria,
504 3509 602 3571 quem
628 3464 785 3571 φάρυγγα
816 3486 997 3570 appellant,
1024 3487 1076 3554 vel
1107 3486 1260 3569 pulmone
1286 3488 1339 3552 vel

193 3595 288 3658 eorde
311 3593 384 3677 ipso
408 3594 497 3658 laeso
517 3617 577 3658 vox
597 3595 729 3658 interire
753 3597 929 3672 constaret,
952 3593 1034 3657 nihil
1058 3615 1135 3658 sene
1155 3593 1339 3658 mirandum

193 3705 288 3786 esset,
311 3701 339 3766 si
362 3701 491 3785 quidem
516 3724 535 3764 a
558 3701 653 3766 eorde
676 3701 947 3785 proficisceretur3
971 3701 1102 3764 cerebro
1127 3721 1202 3766 vero
1224 3723 1338 3766 nervo-

192 3830 253 3892 que
273 3808 382 3892 oliquo
401 3830 440 3872 ex
461 3807 513 3892 iis,
536 3808 590 3892 qui
611 3809 650 3872 ad
673 3808 821 3892 lsryngis
843 3807 1004 3872 musculos
1026 3807 1200 3891 pertinent,
1223 3807 1337 3874 colliso

191 3914 225 3978 id
248 3913 392 3980 occidere
415 3914 591 3978 absurdum
615 3918 710 3998 alque
734 3916 774 3979 ab
799 3913 888 3980 omni
910 3913 1036 3978 ratione
1061 3913 1203 3978 alienum
1226 3919 1286 3997 est,
1308 3915 1336 3978 si

191 4020 311 4084 nullius
339 4043 450 4086 eorum
485 4021 574 4087 vocis
606 4021 772 4106 generatio
803 4019 935 4105 indiget
988 4020 1089 4104 Atqui
1119 4043 1211 4084 secus
1239 4023 1336 4104 alque

190 4127 239 4192 illi
264 4129 425 4211 statuunt,
452 4150 504 4192 res
532 4128 680 4192 sensibus
708 4130 808 4210 patet.
855 4125 889 4192 Si
918 4127 1004 4192 enim
1033 4150 1088 4193 oor
1114 4127 1335 4211 denudaveris

190 4235 284 4299 utin
307 4236 472 4318 superiore
496 4257 622 4319 quoque
645 4234 729 4300 libro
754 4257 773 4298 a
794 4235 889 4300 nobis
912 4234 1035 4299 dietum
1059 4237 1121 4317 esi,
1147 4233 1243 4320 idque
1265 4257 1335 4318 pre-

190 4341 326 4406 hensum
344 4363 442 4406 menn
461 4342 658 4426 comprimas
678 4365 716 4406 ae
734 4342 880 4423 collidas,
902 4363 962 4406 neo
981 4340 1161 4425 spiratione
1178 4363 1239 4406 neo
1257 4363 1334 4406 voce

189 4447 313 4532 privari
337 4448 458 4513 animal
481 4448 607 4514 videbis
625 4470 728 4534 neque
747 4448 815 4512 ulla
836 4447 1002 4514 functione
1024 4447 1210 4514 voluntaria
1232 4447 1332 4534 impe-
