3114 5146
765 383 1008 448 -394-

312 540 399 612 οὕτω
423 542 460 611 δὲ
484 545 643 630 εἰρῆσθαί
662 562 745 629 φησι
767 540 823 610 καὶ
845 537 886 608 τὰ
908 541 1061 608 τοιαῦτα·

400 651 447 717 ‘ri
468 647 530 736 μέν
551 644 623 716 τόδ’
649 639 738 736 ἦμαρ
760 651 894 735 πρῶτον
916 637 960 734 ἦν
982 649 1177 738 κακουμένῳ

400 757 470 824 ‘sui
493 755 538 843 μὴ
561 754 692 843 μακρὰν
715 754 757 843 δὴ
781 754 838 822 διὰ
860 752 977 822 πόνων
1000 752 1238 838 ἐναυστόλουν,

400 860 504 942 ἐἰκός
527 861 709 954 σφαδᾴζειν
731 854 774 950 ἦν
797 857 841 930 ἂν
863 857 909 940 ὡς
931 859 1071 946 νιόξυγα

278 993 291 1032 ⁵
401 972 529 1040 εποὸιῑον
550 967 690 1057 χαλινὸν
713 965 834 1057 ἀρτίως
856 968 1071 1054 δεδεγμένον·
1092 967 1097 1056 l

244 1095 303 1154 419
401 1079 478 1146 ρνῦν
501 1073 532 1145 δ’
559 1072 686 1163 όμβλός
708 1079 774 1162 εἰμι
796 1075 852 1144 καὶ
875 1071 1085 1164 κατηρτυκὼς
1107 1077 1239 1144 κανόν’

311 1181 384 1254 ἔσθ’
411 1181 464 1253 ὅτε
486 1181 527 1252 τὰ
550 1185 694 1251 τοιαῦτα·
719 1180 869 1270 [μακρός]

400 1290 539 1379 ’χρόνος
560 1287 709 1378 μαλάξει,
733 1292 798 1358 νῦν
821 1285 853 1358 δ’
879 1284 932 1356 ἔθ’
958 1285 1095 1376 ἡβάσκει
1118 1289 1243 1358 κακόν.’

312 1398 362 1469 ὅτι
393 1398 430 1467 δὲ
463 1399 500 1466 ἐν
530 1399 575 1490 τῷ
608 1395 719 1487 χρόνῳ
755 1395 949 1484 μαλάττεται
981 1393 1022 1464 τὰ
1054 1395 1163 1484 πάθη,
1196 1393 1260 1464 κᾶν
1296 1399 1333 1464 αέ
1361 1395 1445 1477 δόξαι

273 1531 297 1568 ιο
311 1508 435 1595 μένωσι
457 1507 519 1574 τοῦ
541 1501 645 1594 κακόν
667 1530 698 1571 τι
727 1499 840 1584 αὐτοῖς
862 1503 1049 1590 γεγονέναι,
1076 1503 1132 1571 καὶ
1160 1499 1178 1572 ὁ
1203 1501 1395 1590 Χρύσιππος
1415 1503 1446 1570 ἐν

310 1617 355 1706 τῷ
380 1613 523 1703 δευτέρῳ
546 1610 621 1698 περὶ
644 1613 766 1678 παθῶν
788 1625 950 1699 μαρτυρεῖ
973 1609 1115 1698 γράφων
1137 1600 1216 1680 ὦδε·
1246 1610 1395 1698 ρζητήσαι
1416 1609 1445 1676 δὲ

312 1717 367 1788 ‘tv
389 1745 439 1798 τις
461 1718 515 1785 καὶ
538 1717 613 1805 περὶ
635 1721 694 1804 τῆς
716 1713 861 1798 ἀνέσεως
881 1720 940 1805 τῆς
962 1715 1082 1805 λύπης,
1105 1721 1175 1798 πῶς
1197 1721 1338 1804 γίνεται,
1363 1716 1447 1786 τότε·

312 1829 387 1914 ερον
410 1823 508 1912 δόξης
529 1821 622 1904 τινὸς
643 1825 924 1912 μετακινουμένης
946 1819 967 1912 ἢ
990 1827 1108 1894 πασῶν
1130 1825 1379 1912 διαμενουσιόν,
1400 1825 1447 1890 καὶ

220 2000 222 2006 ,
312 1929 380 2000 ‘tuiz
407 1936 442 1999 τί
468 1933 566 2000 τοῦτο
595 1933 706 2000 ἔσται’
760 1928 829 2001 εἶτα
859 1931 1027 2019 ἐπιφέρων
1049 1937 1136 2020 φησί
1160 1933 1273 2000 ’δοκεῖ
1297 1931 1337 1998 δέ
1355 1927 1448 2018 μοιὴ

272 2061 297 2102 u
312 2037 385 2127 ‘pio
407 2037 543 2126 τοιαύτη
568 2037 648 2120 δόξα
668 2039 851 2127 διαμένειν,
873 2036 923 2107 ότι
942 2036 1047 2107 κακόν
1064 2034 1159 2124 αὐτό,
1181 2033 1200 2106 ὃ
1225 2035 1268 2124 δὴ
1290 2035 1448 2124 πάρεστιν,

347 2263 447 2320 tEur.
466 2261 566 2332 fragm.
586 2266 639 2318 818
662 2261 704 2316 ad.
724 2261 759 2318 N.
782 2257 845 2318 τότε
864 2262 893 2316 Μ
916 2257 981 2316 τόδε
1000 2260 1061 2324 ΑΒ.
1082 2291 1114 2301 -
1141 2255 1273 2330 Spano&
1297 2260 1374 2316 eoae
1392 2259 1448 2316 edd.

310 2329 424 2405 μακρόν
442 2333 560 2390 Greeub.
584 2332 602 2388 l.
622 2333 640 2387 1.
665 2363 697 2372 ·-
722 2341 738 2390 6
758 2331 815 2404 εἰμι
838 2349 894 2389 orn.
916 2333 952 2387 M.
978 2365 1009 2376 —
1035 2337 1049 2387 7
1074 2331 1111 2387 ci.
1130 2331 1250 2388 Graanb.
1269 2331 1288 2386 l.
1307 2331 1325 2386 l.
1348 2351 1376 2402 p.
1394 2337 1448 2386 629.

310 2401 417 2476 μακρός
430 2405 509 2462 uncis
523 2402 694 2458 inclusimus.
710 2433 743 2444 -
758 2411 775 2460 8
789 2404 885 2476 Enrip.
900 2403 959 2460 Alo.
974 2421 1001 2460 v.
1017 2409 1093 2458 1085.
1109 2433 1142 2444 -
1162 2402 1216 2456 νῦν
1230 2397 1300 2458 δέδ’
1315 2401 1447 2458 MABCb.

313 2483 346 2532 10
364 2477 413 2534 sni
431 2471 446 2532 ό
466 2480 517 2546 Xe.
536 2475 616 2530 oodd.
635 2474 711 2544 edd.;
730 2475 848 2532 fortasse
866 2475 1043 2532 scribendum
1062 2468 1077 2530 δ
1097 2478 1148 2544 Χρ.
1168 2473 1225 2530 καὶ.
1245 2503 1280 2516 -

399 2703 439 2746 ne
463 2705 513 2748 me
536 2681 735 2768 imparatum
758 2705 835 2749 eura
857 2683 1017 2750 laceraret
1039 2680 1176 2768 repens?

312 2787 366 2854 Sio
387 2789 475 2854 dieta
498 2811 568 2854 esse
591 2789 648 2854 illa
671 2811 797 2876 quoque
820 2791 932 2856 refert:

401 2894 452 2960 ‘Si
475 2894 557 2960 mibi
580 2917 665 2962 nuno
688 2897 794 2962 tristis
816 2897 959 2983 primum
982 2897 1143 2963 illuxisset
1165 2897 1235 2963 dies

399 3024 458 3068 nee
481 3007 549 3068 tam
573 3025 766 3070 aerumnoso
788 3004 1029 3090 navigavissem
1053 3004 1132 3089 salo,

399 3113 486 3176 esset
508 3109 638 3176 dolendi
660 3133 770 3194 causa,
793 3115 830 3176 ut
852 3111 972 3177 iniecto
996 3110 1097 3176 eculei

398 3216 489 3281 freno
513 3219 646 3301 repente
668 3219 761 3282 tactu
783 3218 991 3304 exagitantur
1013 3239 1112 3304 ουτος

400 3323 456 3389 sed
479 3322 545 3388 iam
569 3322 723 3389 subactus
746 3323 887 3390 miseriis
911 3323 1085 3410 obtorpui’

310 3429 477 3497 Interdum
500 3430 598 3496 etiam
622 3429 716 3496 illud:

399 3534 552 3622 ‘Tempus
575 3539 708 3623 levabit,
730 3537 815 3624 quod
837 3560 949 3604 recens
971 3559 1057 3604 nuno
1079 3543 1129 3604 est
1153 3537 1298 3604 malum?

311 3642 426 3708 Levari
450 3646 559 3710 autem
586 3647 732 3730 tempore
762 3645 1037 3730 perturbationes,
1066 3645 1197 3710 etiamsi
1220 3645 1448 3730 permanserint

311 3749 494 3834 opiniones,
525 3751 643 3834 quibus
673 3751 795 3837 aliquid
827 3751 906 3816 mali
938 3751 1034 3817 uobis
1062 3751 1220 3818 accidisse
1253 3753 1448 3822 arbitremur.

311 3853 517 3941 Chrysippus
544 3855 643 3922 etiam
672 3857 707 3923 in
739 3858 878 3922 seeundo
910 3858 949 3922 de
981 3859 1286 3943 perturbationibus
1319 3865 1448 3926 uratur

310 3959 358 4026 ita
376 3961 534 4028 scribens:
558 3961 745 4040 ‘Quaerat
763 3963 883 4028 etiam
901 3965 1108 4051 quispiam,
1127 3965 1311 4032 remissio
1330 3965 1446 4052 aegri·

311 4065 461 4134 tudinis
489 4067 678 4154 quomodo
705 4069 921 4158 efficiatur,
953 4075 1082 4138 utrum
1111 4073 1296 4160 opinione
1325 4073 1444 4158 aliqua

311 4173 517 4242 immutata
540 4199 586 4241 an
609 4177 788 4243 omnibus
816 4178 1151 4264 permanentibus,
1178 4185 1296 4266 atque
1323 4180 1444 4265 idque

311 4278 356 4343 de
379 4302 497 4346 causa
518 4281 614 4350 fiau'
649 4281 811 4370 Deinceps
834 4283 916 4350 haee
939 4286 1122 4373 subiungit:
1156 4284 1337 4352 ‘Videtur
1358 4281 1441 4350 mibi

310 4404 534 4466 permanere
562 4389 697 4473 opinio
726 4411 783 4475 ea,
813 4389 913 4456 illud
936 4391 1077 4480 ipsum,
1104 4393 1204 4479 quod
1233 4390 1349 4474 adsit,
1373 4409 1442 4455 nra·
