3300 5146
626 399 866 465 -251-

168 587 226 649 μοι
249 559 373 648 φήσας,
397 552 442 638 ὥς
464 555 506 627 ού
528 555 676 628 δυνατὸν
699 553 911 649 ἀνατρέπειν,
934 558 1059 651 ὅσαπερ
1083 557 1100 631 ὁ
1125 561 1318 652 Χρύσιππος

169 681 293 764 ἔγραψε
316 671 390 760 περὶ
413 673 474 738 τοῦ
496 667 558 758 τῆν
577 674 720 758 καρδίαν
738 669 850 760 μόνην
873 672 911 738 ἐν
928 673 973 762 τῷ
997 669 1123 758 σύματι
1146 676 1207 741 τοῦ
1231 671 1317 764 ζςδου

168 781 275 873 ἀρχὴν
303 779 390 850 εἶναι
416 783 477 848 τοῦ
504 777 766 869 ῆγεμονοῦντος,
793 779 876 849 κατὰ
899 783 998 848 τοῦτο
1028 777 1065 847 τὸ
1093 786 1207 869 τρίτον
1236 778 1316 849 ὑπό·

170 919 281 980 μνημα
305 889 494 970 ἐπεξελθεῖν
517 915 557 976 με
579 892 625 980 τῷ
649 887 737 981 λόγῳ
763 889 804 957 τά
832 917 868 977 γε
893 890 1083 957 ἐλλείποντα
1106 895 1317 976 παρεβίασεν.

169 1009 247 1079 ίσως
269 997 331 1085 μὲν
353 989 417 1066 οὖν
439 1001 537 1066 τοῦτο
561 1006 669 1065 αίτιον
693 995 774 1066 αὐτὸ
798 997 971 1086 γενῆσεται
994 1000 1055 1065 τοῦ
1074 997 1223 1080 ἐπαίνου,
1247 997 1349 1064 ἐπείῠ

168 1135 220 1175 τοι
249 1111 285 1174 οί
308 1103 576 1194 μνημονεύοντες
608 1108 677 1172 τῶν
710 1106 891 1193 εἰρημένων
919 1106 957 1173 ἐν
982 1108 1027 1196 τῷ
1056 1107 1199 1196 δευτέρῳ
1227 1104 1316 1195 λόγῳ

169 1213 394 1302 γινώσκουσιν
421 1211 508 1300 ἡμᾶς
538 1209 575 1282 τὸ
605 1211 745 1300 ἰσχυρόν
771 1239 819 1281 τε
836 1214 891 1282 καλ
919 1227 1079 1300 γενναῖον
1105 1205 1154 1282 ὧν
1182 1210 1199 1281 ὁ
1229 1211 1316 1301 Χρύ-

169 1342 289 1401 σιππος
310 1318 402 1390 εἶπεν
420 1317 665 1409 ἀνατρέποντας
684 1318 844 1400 ἐάσαντας
861 1347 896 1388 τε
918 1317 955 1388 τὸ
980 1316 1227 1389 ἀσθενέστατον
1250 1322 1316 1389 ἐπι-

170 1427 338 1496 δεικνύειν
365 1425 471 1496 αύτοῦ
497 1428 537 1496 τὰ
565 1428 751 1516 σφάλματα.
800 1430 882 1514 λέγω
911 1427 969 1515 δή,
997 1425 1048 1496 ὅτι
1076 1425 1094 1495 ὁ
1123 1426 1318 1515 Χρύσιππος

171 1535 253 1604 κατὰ
276 1535 337 1604 τὸν
360 1539 493 1623 πρῶτον
512 1533 617 1604 αὑτοῦ
640 1537 711 1621 περὶ
737 1540 844 1622 ψυχῆς
866 1534 970 1621 λόγον
991 1539 1060 1604 τῶν
1081 1538 1193 1623 μερῶν
1216 1534 1318 1622 αὐτῆς
1333 1553 1357 1590 1⁰

170 1646 231 1711 τοῦ
253 1640 456 1730 ἡγεμονικοῦ
478 1643 704 1730 μνημονεύειν
726 1640 920 1731 ἀρχόμενος,
943 1647 1029 1711 ἔνθα
1053 1641 1226 1710 δεικνύναι
1248 1668 1316 1710 πει-

170 1753 267 1836 ρᾶται
289 1749 352 1838 τῆν
375 1748 483 1836 ἀρχὴν
505 1755 562 1837 τῆς
585 1753 691 1837 ίυχῆς
714 1752 751 1818 ἐν
778 1754 817 1840 τῆ
840 1754 961 1840 καρδίη
983 1750 1070 1840 μόνη
1094 1751 1317 1837 περιέχεσθαι,

172 1853 291 1925 ούτωσλ
315 1857 415 1944 λέγει·
449 1854 485 1944 εῆ
511 1855 599 1945 ψυχῆ
628 1857 757 1946 πνεῦμά
786 1860 852 1926 ἐστι
881 1857 1058 1947 σύμφυτον
1080 1855 1161 1945 ἡμῖν
1184 1857 1318 1944 συνεχὲς
1368 1897 1371 1904 =

170 1965 279 2032 ‘navet
306 1968 351 2055 τῷ
380 1963 507 2052 σώματι
535 1968 668 2052 διῆκον,
701 1969 772 2034 ἔστε
804 1961 848 2034 ἂν
878 1963 899 2054 ῆ
933 1970 991 2054 τῆς
1024 1969 1104 2052 ζωῆς
1134 1971 1316 2053 συμμετρία

170 2073 271 2162 επαρῆ
295 2072 332 2139 ἐν
353 2074 399 2163 τῷ
423 2069 559 2160 δείματι.
603 2072 725 2160 ταύτης
752 2065 815 2142 οὖν
836 2077 905 2142 τῶν
927 2077 1038 2161 μερῶν
1061 2072 1186 2164 ἑκάστῳ
1209 2075 1315 2141 διατε-
1332 2087 1356 2128 ¹⁵

210 2304 223 2351 1
248 2293 285 2366 μῆ
310 2291 403 2365 φῆσας
426 2295 561 2352 MABCh
584 2317 632 2368 μοι
655 2317 691 2384 φ.
706 2297 787 2355 Corn.
806 2299 895 2355 K.—
914 2295 1075 2367 2ἐγραωεν
1093 2296 1183 2351 Μ.-
1213 2303 1228 2348 3
1251 2289 1316 2365 ἡγε-

171 2353 691 2526 “withtdttddttttttt
677 2387 971 2530 iifttwithiii
996 2369 1040 2524 if}
1049 2368 1172 2528 titt
1182 2373 1262 2494 iti.
1275 2374 1315 2495 ii

172 2545 204 2552 -
231 2519 247 2568 8
267 2507 402 2573 ἐασαντες
420 2512 534 2566 AB-
558 2533 592 2566 τα
616 2507 812 2567 ἆσδενέστατα
836 2512 964 2567 ABChK
987 2507 1019 2566 τὸ
1043 2506 1256 2566 ασδενέατατον
1274 2511 1315 2575 Μς

170 2583 205 2638 ci.
225 2583 346 2654 Prothp
349 2589 471 2638 .30.-
497 2577 660 2667 ἐπιδεικνύς
677 2584 767 2638 Μ.-
792 2583 899 2652 9λέγω
918 2581 949 2639 dt
971 2582 1007 2638 M.
1031 2587 1054 2639 λ.
1074 2579 1215 2648 did.-
1240 2576 1315 2650 Χρύ-

170 2673 272 2717 σιππος
289 2655 326 2710 ολ)
328 2601 397 2710 phoc
416 2654 529 2710 verbo
512 2655 611 2740 rncip.
625 2671 725 2724 excerp
726 2657 747 2710 t.
766 2655 804 2709 IV
823 2656 948 2710 codicum
968 2657 1025 2710 hP.
1045 2649 1208 2722 Χρύσιππος
1228 2647 1314 2708 ἐν
1277 2674 1315 2707 τω

170 2726 234 2794 περλ
257 2728 352 2796 ψυχῆς
375 2721 464 2781 edroi
487 2722 561 2794 λόγω
581 2719 683 2780 ούτωσλ
692 2675 781 2796 λέγει
800 2727 914 2781 FR—
941 2735 970 2782 11
998 2725 1085 2781 ἐνθεν
1111 2723 1142 2780 δέ
1167 2719 1316 2779 δεικνύναι

170 2799 260 2852 Μ.-
284 2805 315 2852 12
334 2795 616 2883 παρέγεσδαιΜμ-
638 2805 670 2852 13
691 2793 723 2852 ἐν
741 2811 817 2867 υυχη
808 2793 906 2852 '‘P1
892 2811 956 2867 ηρ
971 2798 1066 2853 P².—
1089 2803 1121 2851 14
1140 2791 1157 2865 ἡ
1177 2795 1227 2865 τῆς
1245 2785 1319 2865 ζωῆς

171 2868 211 2932 εἰς
230 2872 293 2938 τρία
311 2869 387 2940 παρῆ
411 2863 538 2924 ΜΑΒ’
524 2889 541 2937 η
567 2869 638 2936 ζωῆς
657 2870 731 2956 παρῆ
752 2865 810 2922 F‘
796 2891 813 2936 η
834 2819 909 2939 ζωῆη
913 2871 988 2938 παρῆ
1008 2870 1030 2923 Ρ
1054 2869 1099 2934 (ci
1119 2867 1250 2938 Proll..
1272 2871 1315 2934 76)

170 2935 252 3009 sitire
271 2941 342 3010 ζωῆς
361 2942 482 3008 σωτηρία
505 2958 533 2996 π.
553 2935 672 2995 Corn.
658 2961 676 3010 η
700 2943 750 3010 τῆς
768 2941 839 3008 ζωῆς
858 2944 1011 3026 συμμετρία
1030 2961 1059 2995 π.
1078 2939 1121 2994 ΔΙ.
1140 2939 1211 2995 Just.
1222 2887 1315 3001 ChK·

170 3012 206 3098 ρί.
226 3013 310 3068 Ριολλ.
330 3031 356 3095 ρ.
377 3018 472 3066 48.-
500 3017 532 3066 15
552 3013 638 3066 verbu
656 3011 720 3066 inde
740 3029 757 3066 s
775 3009 879 3081 ταύτης
898 3005 950 3068 οὖν
969 3029 1056 3100 usque
1075 3011 1111 3066 sd
1130 3009 1195 3074 περὶ
1214 3008 1245 3064 δὲ
1265 3011 1315 3064 τοῦ

169 3078 343 3152 ἡγεμονικοῦ
360 3087 397 3152 (p.
413 3089 464 3138 252
467 3085 515 3152 ,8)
532 3083 636 3139 omissa
649 3083 679 3137 in
693 3084 800 3138 FP.—
765 3083 1036 3155 -διατεταγμένον
1050 3081 1155 3138 MChK
1170 3083 1317 3152 διατεταγ-

173 3154 267 3225 μένων
286 3155 338 3210 ΑΒ
357 3154 454 3210 ΖοΜοτ,
475 3187 507 3195 -

172 3363 277 3430 solum
301 3386 357 3429 cor
378 3364 413 3428 in
433 3363 583 3429 animalis
603 3386 737 3448 corpore
757 3364 849 3450 origo
872 3363 1074 3449 principatus
1094 3366 1189 3448 esset,
1211 3363 1316 3428 refelli

170 3471 260 3536 nullo
285 3471 381 3537 modo
403 3492 500 3555 posse
523 3475 620 3556 utque
643 3471 763 3538 idcirco
786 3472 849 3536 hoc
871 3471 956 3537 libro
980 3470 1105 3554 reliqua
1128 3469 1317 3556 Chrysippi,

171 3589 254 3663 quse
295 3579 482 3661 omiseram,
520 3578 671 3663 persequi
711 3601 762 3643 me
802 3582 933 3663 praeter
968 3577 1156 3642 institutum
1199 3579 1316 3664 coegit

171 3684 323 3752 Fortasse
347 3688 456 3750 tamen
478 3684 541 3750 hoc
563 3685 673 3770 ipsum
696 3685 784 3751 laudi
808 3686 888 3750 mihi
913 3686 1059 3769 ducetur,
1088 3685 1173 3769 quod
1196 3685 1234 3770 ii,
1260 3685 1316 3770 qui

172 3814 224 3876 ee,
246 3787 328 3877 quae
350 3792 386 3857 in
409 3792 548 3858 secundo
572 3793 659 3857 dicta
682 3797 771 3877 sunt,
795 3791 1014 3874 meminerint,
1037 3795 1235 3878 cognoscent
1256 3814 1315 3858 nos

172 3897 349 3984 Chrysippi
374 3921 497 3964 errores
521 3899 568 3964 ite
592 3901 766 3983 aperuisse,
789 3905 826 3964 ut
849 3923 968 3984 eorum,
992 3922 1074 3985 quac
1096 3900 1241 3984 dixisset,
1264 3901 1315 3964 fir·

172 4005 319 4070 missima
342 4029 379 4070 ac
399 4006 601 4071 validissima
620 4029 764 4092 quaeque
787 4007 1012 4088 refutaremus,
1035 4006 1202 4072 levissima
1221 4007 1316 4072 o‘mit-

171 4115 321 4178 teremus.
368 4111 572 4198 Chrysippus
596 4113 698 4198 igitur
721 4113 755 4180 in
783 4114 888 4199 primo
917 4115 955 4178 de
980 4113 1088 4178 anime
1111 4112 1150 4177 de
1172 4113 1315 4197 partium

172 4219 240 4284 eius
264 4219 451 4304 principatu
470 4242 565 4307 egere
585 4219 763 4304 exordiens,
786 4219 842 4284 ubi
865 4221 1004 4304 probare
1028 4219 1135 4284 studet
1158 4219 1316 4306 originem

173 4325 300 4391 snirnae
327 4327 362 4391 in
390 4327 485 4392 corde
517 4326 586 4392 solo
616 4326 788 4410 contineri,
820 4325 900 4393 hoec
932 4327 1024 4392 dicit:
1075 4321 1229 4388 ‘Anime
1257 4327 1317 4388 est

171 4427 338 4513 spiritus
365 4431 478 4495 nobis
506 4431 665 4496 innatus
693 4431 898 4497 continens
926 4419 994 4514 per
1026 4433 1150 4496 totum
1179 4452 1316 4517 corpus
