<?xml version="1.0" encoding="UTF-8"?>
<!DOCTYPE html PUBLIC "-//W3C//DTD XHTML 1.0 Transitional//EN"
    "http://www.w3.org/TR/xhtml1/DTD/xhtml1-transitional.dtd">
<html xmlns="http://www.w3.org/1999/xhtml" xml:lang="en" lang="en">
 <head>
  <title>
</title>
<meta http-equiv="Content-Type" content="text/html;charset=utf-8" />
  <meta name='ocr-system' content='tesseract 3.04.00' />
  <meta name='ocr-capabilities' content='ocr_page ocr_carea ocr_par ocr_line ocrx_word'/>
</head>
<body>
  <div class='ocr_page' id='page_1' title='image "./claudiigalenide02mlgoog/claudiigalenide02mlgoog_0462.png"; bbox 0 0 3210 5148; ppageno 0'>
   <div class='ocr_carea' id='block_1_1' title="bbox 598 436 840 499">
    <p class='ocr_par' dir='ltr' id='par_1_1' title="bbox 598 436 840 499">
     <span class='ocr_line' id='line_1_1' title="bbox 598 436 840 499; baseline 0.004 -1"><span class='ocrx_word' id='word_1_1' title='bbox 598 436 840 499; x_wconf 75' lang='lat' dir='ltr'>—l-l&#39;l—</span> 
     </span>
    </p>
   </div>
   <div class='ocr_carea' id='block_1_2' title="bbox 143 576 1358 2066">
    <p class='ocr_par' dir='ltr' id='par_1_2' title="bbox 143 576 1358 2066">
     <span class='ocr_line' id='line_1_2' title="bbox 144 576 1292 680; baseline 0.004 -24"><span class='ocrx_word' id='word_1_2' title='bbox 144 587 307 676; x_wconf 77' lang='grc' dir='ltr'><strong><em>δυνάμεις</em></strong></span> <span class='ocrx_word' id='word_1_3' title='bbox 326 586 499 677; x_wconf 73' lang='grc' dir='ltr'><strong><em>ὑπολάβοι.</em></strong></span> <span class='ocrx_word' id='word_1_4' title='bbox 544 593 612 658; x_wconf 79' lang='grc' dir='ltr'><strong><em>τάν</em></strong></span> <span class='ocrx_word' id='word_1_5' title='bbox 635 590 697 677; x_wconf 72' lang='grc' dir='ltr'>μὲν</span> <span class='ocrx_word' id='word_1_6' title='bbox 711 576 788 678; x_wconf 54' lang='grc' dir='ltr'>’γὰρ</span> <span class='ocrx_word' id='word_1_7' title='bbox 812 589 946 678; x_wconf 80' lang='grc' dir='ltr'><em>ἀλόγων</em></span> <span class='ocrx_word' id='word_1_8' title='bbox 967 595 1025 679; x_wconf 82' lang='grc' dir='ltr'>τῆς</span> <span class='ocrx_word' id='word_1_9' title='bbox 1052 596 1158 680; x_wconf 74' lang='grc' dir='ltr'><strong><em>ψυχῆς</em></strong></span> <span class='ocrx_word' id='word_1_10' title='bbox 1180 597 1292 680; x_wconf 79' lang='grc' dir='ltr'><strong><em>μερῶν</em></strong></span> 
     </span>
     <span class='ocr_line' id='line_1_3' title="bbox 143 693 1358 785; baseline 0.009 -21"><span class='ocrx_word' id='word_1_11' title='bbox 143 693 287 783; x_wconf 80' lang='grc' dir='ltr'><strong><em>ἀλόγους</em></strong></span> <span class='ocrx_word' id='word_1_12' title='bbox 313 694 441 784; x_wconf 79' lang='grc' dir='ltr'><em>ἀνάγκη</em></span> <span class='ocrx_word' id='word_1_13' title='bbox 471 699 525 766; x_wconf 83' lang='grc' dir='ltr'>καλ</span> <span class='ocrx_word' id='word_1_14' title='bbox 553 696 611 776; x_wconf 87' lang='grc' dir='ltr'>τὰς</span> <span class='ocrx_word' id='word_1_15' title='bbox 638 693 757 785; x_wconf 79' lang='grc' dir='ltr'><strong><em>ἀρετὰς</em></strong></span> <span class='ocrx_word' id='word_1_16' title='bbox 784 705 789 782; x_wconf 92' lang='grc' dir='ltr'>Ι</span> <span class='ocrx_word' id='word_1_17' title='bbox 819 696 920 784; x_wconf 81' lang='grc' dir='ltr'><strong><em>εἶναι,</em></strong></span> <span class='ocrx_word' id='word_1_18' title='bbox 947 702 1010 768; x_wconf 85' lang='grc' dir='ltr'><strong><em>τοῦ</em></strong></span> <span class='ocrx_word' id='word_1_19' title='bbox 1036 703 1227 785; x_wconf 81' lang='grc' dir='ltr'><strong><em>λογιστικοῦ</em></strong></span> <span class='ocrx_word' id='word_1_20' title='bbox 1255 701 1358 774; x_wconf 70' lang='lat' dir='ltr'>dilus</span> 
     </span>
     <span class='ocr_line' id='line_1_4' title="bbox 143 801 1292 893; baseline 0.001 -21"><span class='ocrx_word' id='word_1_21' title='bbox 143 801 252 890; x_wconf 88' lang='grc' dir='ltr'><strong><em>μόνου</em></strong></span> <span class='ocrx_word' id='word_1_22' title='bbox 275 803 421 891; x_wconf 89' lang='grc' dir='ltr'><strong><em>λογικήν.</em></strong></span> <span class='ocrx_word' id='word_1_23' title='bbox 467 802 550 872; x_wconf 78' lang='grc' dir='ltr'><strong><em>ὥστε</em></strong></span> <span class='ocrx_word' id='word_1_24' title='bbox 573 801 719 891; x_wconf 79' lang='grc' dir='ltr'><strong><em>εὐλόγως</em></strong></span> <span class='ocrx_word' id='word_1_25' title='bbox 742 805 879 873; x_wconf 79' lang='grc' dir='ltr'><strong><em>ἐκείνων</em></strong></span> <span class='ocrx_word' id='word_1_26' title='bbox 907 803 968 893; x_wconf 74' lang='grc' dir='ltr'>μλν</span> <span class='ocrx_word' id='word_1_27' title='bbox 991 809 1029 873; x_wconf 85' lang='grc' dir='ltr'>αί</span> <span class='ocrx_word' id='word_1_28' title='bbox 1053 802 1166 893; x_wconf 79' lang='grc' dir='ltr'><strong><em>άρεταλ</em></strong></span> <span class='ocrx_word' id='word_1_29' title='bbox 1190 807 1292 874; x_wconf 81' lang='grc' dir='ltr'><strong><em>δυνά-</em></strong></span> 
     </span>
     <span class='ocr_line' id='line_1_5' title="bbox 143 909 1293 1000; baseline 0.003 -24"><span class='ocrx_word' id='word_1_30' title='bbox 143 935 214 996; x_wconf 85' lang='grc' dir='ltr'><strong><em>μεις</em></strong></span> <span class='ocrx_word' id='word_1_31' title='bbox 241 914 343 994; x_wconf 89' lang='grc' dir='ltr'><strong><em>είσίν,</em></strong></span> <span class='ocrx_word' id='word_1_32' title='bbox 371 909 530 1000; x_wconf 76' lang='grc' dir='ltr'><em>ἐπιστήμη</em></span> <span class='ocrx_word' id='word_1_33' title='bbox 559 911 595 979; x_wconf 78' lang='lat' dir='ltr'>dl</span> <span class='ocrx_word' id='word_1_34' title='bbox 625 909 735 998; x_wconf 89' lang='grc' dir='ltr'><strong><em>μόνον</em></strong></span> <span class='ocrx_word' id='word_1_35' title='bbox 760 914 822 979; x_wconf 83' lang='grc' dir='ltr'><strong><em>τοῦ</em></strong></span> <span class='ocrx_word' id='word_1_36' title='bbox 849 915 1048 1000; x_wconf 87' lang='grc' dir='ltr'><strong><em>λογιστικοῦ.</em></strong></span> <span class='ocrx_word' id='word_1_37' title='bbox 1099 910 1293 998; x_wconf 72' lang='grc' dir='ltr'><strong><em>Χρύσιππος</em></strong></span> 
     </span>
     <span class='ocr_line' id='line_1_6' title="bbox 144 1015 1319 1106; baseline 0.005 -24"><span class='ocrx_word' id='word_1_38' title='bbox 144 1015 181 1082; x_wconf 72' lang='lat' dir='ltr'>dl</span> <span class='ocrx_word' id='word_1_39' title='bbox 203 1015 328 1102; x_wconf 87' lang='grc' dir='ltr'><strong><em>μεγάλα</em></strong></span> <span class='ocrx_word' id='word_1_40' title='bbox 352 1015 531 1104; x_wconf 89' lang='grc' dir='ltr'><strong><em>σφάλλεται</em></strong></span> <span class='ocrx_word' id='word_1_41' title='bbox 551 1015 612 1105; x_wconf 82' lang='grc' dir='ltr'>οὐχ</span> <span class='ocrx_word' id='word_1_42' title='bbox 636 1015 686 1086; x_wconf 83' lang='grc' dir='ltr'><strong><em>ότι</em></strong></span> <span class='ocrx_word' id='word_1_43' title='bbox 709 1021 876 1104; x_wconf 71' lang='grc' dir='ltr'><strong><em>μηδεμίαν</em></strong></span> <span class='ocrx_word' id='word_1_44' title='bbox 893 1015 1015 1106; x_wconf 80' lang='grc' dir='ltr'><strong><em>ἀρετὴν</em></strong></span> <span class='ocrx_word' id='word_1_45' title='bbox 1034 1019 1166 1106; x_wconf 77' lang='grc' dir='ltr'><strong><em>ἐποίησε</em></strong></span> <span class='ocrx_word' id='word_1_46' title='bbox 1192 1019 1319 1088; x_wconf 71' lang='grc' dir='ltr'><strong><em>δόμα-ο</em></strong></span> 
     </span>
     <span class='ocr_line' id='line_1_7' title="bbox 143 1119 1291 1214; baseline 0.006 -26"><span class='ocrx_word' id='word_1_47' title='bbox 143 1148 218 1209; x_wconf 84' lang='grc' dir='ltr'><strong><em>μιν,</em></strong></span> <span class='ocrx_word' id='word_1_48' title='bbox 249 1119 290 1190; x_wconf 81' lang='grc' dir='ltr'>οὐ</span> <span class='ocrx_word' id='word_1_49' title='bbox 313 1122 377 1210; x_wconf 78' lang='grc' dir='ltr'>γὰρ</span> <span class='ocrx_word' id='word_1_50' title='bbox 400 1125 484 1211; x_wconf 75' lang='grc' dir='ltr'><strong><em>μέγα</em></strong></span> <span class='ocrx_word' id='word_1_51' title='bbox 506 1124 543 1192; x_wconf 87' lang='grc' dir='ltr'><strong><em>τὸ</em></strong></span> <span class='ocrx_word' id='word_1_52' title='bbox 567 1127 723 1192; x_wconf 85' lang='grc' dir='ltr'><strong><em>τοιοῦτον</em></strong></span> <span class='ocrx_word' id='word_1_53' title='bbox 746 1123 882 1211; x_wconf 79' lang='grc' dir='ltr'><strong><em>σφάλμα</em></strong></span> <span class='ocrx_word' id='word_1_54' title='bbox 909 1127 1000 1193; x_wconf 77' lang='grc' dir='ltr'><strong><em>ἐστὶν</em></strong></span> <span class='ocrx_word' id='word_1_55' title='bbox 1028 1123 1106 1194; x_wconf 73' lang='grc' dir='ltr'>οὐδὲ</span> <span class='ocrx_word' id='word_1_56' title='bbox 1135 1127 1291 1214; x_wconf 80' lang='grc' dir='ltr'><strong><em>διαφερό-</em></strong></span> 
     </span>
     <span class='ocr_line' id='line_1_8' title="bbox 143 1227 1291 1320; baseline 0.003 -23"><span class='ocrx_word' id='word_1_57' title='bbox 143 1237 232 1314; x_wconf 80' lang='grc' dir='ltr'><strong><em>μεθα</em></strong></span> <span class='ocrx_word' id='word_1_58' title='bbox 254 1229 337 1317; x_wconf 76' lang='grc' dir='ltr'><strong><em>πρὸς</em></strong></span> <span class='ocrx_word' id='word_1_59' title='bbox 364 1227 463 1316; x_wconf 82' lang='grc' dir='ltr'><strong><em>αὐτό,</em></strong></span> <span class='ocrx_word' id='word_1_60' title='bbox 491 1229 574 1299; x_wconf 82' lang='grc' dir='ltr'><strong><em>ἀλλὰ</em></strong></span> <span class='ocrx_word' id='word_1_61' title='bbox 603 1229 654 1299; x_wconf 85' lang='grc' dir='ltr'><strong><em>ὅτι</em></strong></span> <span class='ocrx_word' id='word_1_62' title='bbox 677 1229 801 1310; x_wconf 80' lang='grc' dir='ltr'><strong><em>πολλάς</em></strong></span> <span class='ocrx_word' id='word_1_63' title='bbox 824 1229 1003 1319; x_wconf 76' lang='grc' dir='ltr'><strong><em>ἐπιστήμας</em></strong></span> <span class='ocrx_word' id='word_1_64' title='bbox 1029 1258 1063 1299; x_wconf 86' lang='grc' dir='ltr'>τε</span> <span class='ocrx_word' id='word_1_65' title='bbox 1091 1233 1145 1300; x_wconf 82' lang='grc' dir='ltr'>καί</span> <span class='ocrx_word' id='word_1_66' title='bbox 1174 1230 1291 1320; x_wconf 82' lang='grc' dir='ltr'><strong><em>ἀρετὰς</em></strong></span> 
     </span>
     <span class='ocr_line' id='line_1_9' title="bbox 145 1331 1290 1426; baseline 0.004 -25"><span class='ocrx_word' id='word_1_67' title='bbox 145 1331 231 1402; x_wconf 84' lang='grc' dir='ltr'><strong><em>εἶναι</em></strong></span> <span class='ocrx_word' id='word_1_68' title='bbox 254 1335 365 1422; x_wconf 81' lang='grc' dir='ltr'><strong><em>φήσας</em></strong></span> <span class='ocrx_word' id='word_1_69' title='bbox 387 1343 468 1424; x_wconf 89' lang='grc' dir='ltr'><strong><em>μίαν</em></strong></span> <span class='ocrx_word' id='word_1_70' title='bbox 491 1342 615 1424; x_wconf 80' lang='grc' dir='ltr'><strong><em>ἔφησεν</em></strong></span> <span class='ocrx_word' id='word_1_71' title='bbox 638 1335 734 1406; x_wconf 76' lang='grc' dir='ltr'><strong><em>εἶναι’</em></strong></span> <span class='ocrx_word' id='word_1_72' title='bbox 748 1336 895 1426; x_wconf 78' lang='grc' dir='ltr'><strong><em>δύναμιν</em></strong></span> <span class='ocrx_word' id='word_1_73' title='bbox 921 1342 979 1426; x_wconf 80' lang='grc' dir='ltr'>τῆς</span> <span class='ocrx_word' id='word_1_74' title='bbox 1001 1342 1118 1426; x_wconf 74' lang='grc' dir='ltr'><strong><em>ψυχῆς.</em></strong></span> <span class='ocrx_word' id='word_1_75' title='bbox 1163 1335 1204 1406; x_wconf 83' lang='grc' dir='ltr'>οὐ</span> <span class='ocrx_word' id='word_1_76' title='bbox 1227 1339 1290 1426; x_wconf 81' lang='grc' dir='ltr'>γάρ</span> 
     </span>
     <span class='ocr_line' id='line_1_10' title="bbox 144 1441 1290 1532; baseline 0.003 -23"><span class='ocrx_word' id='word_1_77' title='bbox 144 1443 309 1530; x_wconf 76' lang='grc' dir='ltr'><strong><em>ἐνδέχεται</em></strong></span> <span class='ocrx_word' id='word_1_78' title='bbox 341 1447 418 1532; x_wconf 84' lang='grc' dir='ltr'><strong><em>μιᾶς</em></strong></span> <span class='ocrx_word' id='word_1_79' title='bbox 445 1443 619 1532; x_wconf 77' lang='grc' dir='ltr'><strong><em>δυνάμεως</em></strong></span> <span class='ocrx_word' id='word_1_80' title='bbox 646 1441 764 1531; x_wconf 80' lang='grc' dir='ltr'><strong><em>άρετίις</em></strong></span> <span class='ocrx_word' id='word_1_81' title='bbox 796 1443 881 1513; x_wconf 80' lang='grc' dir='ltr'><strong><em>εἶναι</em></strong></span> <span class='ocrx_word' id='word_1_82' title='bbox 911 1444 1048 1530; x_wconf 84' lang='grc' dir='ltr'><strong><em>πολλάς,</em></strong></span> <span class='ocrx_word' id='word_1_83' title='bbox 1087 1455 1120 1512; x_wconf 85' lang='grc' dir='ltr'><strong><em>εί</em></strong></span> <span class='ocrx_word' id='word_1_84' title='bbox 1143 1471 1178 1530; x_wconf 89' lang='grc' dir='ltr'><strong><em>γε</em></strong></span> <span class='ocrx_word' id='word_1_85' title='bbox 1206 1446 1290 1532; x_wconf 77' lang='grc' dir='ltr'><strong><em>μηδὲ</em></strong></span> 
     </span>
     <span class='ocr_line' id='line_1_11' title="bbox 143 1549 1330 1640; baseline 0.003 -24"><span class='ocrx_word' id='word_1_86' title='bbox 143 1549 346 1637; x_wconf 81' lang='grc' dir='ltr'><strong><em>τελειότητος</em></strong></span> <span class='ocrx_word' id='word_1_87' title='bbox 372 1549 496 1630; x_wconf 78' lang='grc' dir='ltr'><strong><em>πολλάς</em></strong></span> <span class='ocrx_word' id='word_1_88' title='bbox 530 1549 606 1631; x_wconf 77' lang='grc' dir='ltr'><strong><em>ε’νὸς</em></strong></span> <span class='ocrx_word' id='word_1_89' title='bbox 632 1549 831 1639; x_wconf 76' lang='grc' dir='ltr'><strong><em>πράγματος.</em></strong></span> <span class='ocrx_word' id='word_1_90' title='bbox 880 1557 939 1638; x_wconf 85' lang='grc' dir='ltr'>μία</span> <span class='ocrx_word' id='word_1_91' title='bbox 966 1551 1031 1639; x_wconf 80' lang='grc' dir='ltr'>γάρ</span> <span class='ocrx_word' id='word_1_92' title='bbox 1055 1551 1195 1620; x_wconf 77' lang='grc' dir='ltr'><strong><em>ἑκάστου</em></strong></span> <span class='ocrx_word' id='word_1_93' title='bbox 1221 1557 1296 1640; x_wconf 31' lang='grc' dir='ltr'><strong><em>τῶν,</em></strong></span> <span class='ocrx_word' id='word_1_94' title='bbox 1306 1577 1330 1615; x_wconf 83' lang='grc' dir='ltr'>ιο</span> 
     </span>
     <span class='ocr_line' id='line_1_12' title="bbox 143 1653 1290 1746; baseline 0.003 -22"><span class='ocrx_word' id='word_1_95' title='bbox 143 1653 253 1724; x_wconf 82' lang='grc' dir='ltr'><strong><em>ὄντων</em></strong></span> <span class='ocrx_word' id='word_1_96' title='bbox 280 1653 299 1744; x_wconf 84' lang='grc' dir='ltr'><em>ἡ</em></span> <span class='ocrx_word' id='word_1_97' title='bbox 328 1656 506 1744; x_wconf 85' lang='grc' dir='ltr'><strong><em>τελειότης,</em></strong></span> <span class='ocrx_word' id='word_1_98' title='bbox 533 1655 553 1745; x_wconf 84' lang='grc' dir='ltr'><em>ἡ</em></span> <span class='ocrx_word' id='word_1_99' title='bbox 582 1657 619 1726; x_wconf 75' lang='lat' dir='ltr'>dl</span> <span class='ocrx_word' id='word_1_100' title='bbox 647 1654 746 1744; x_wconf 80' lang='grc' dir='ltr'><strong><em>ἀρετὴ</em></strong></span> <span class='ocrx_word' id='word_1_101' title='bbox 774 1657 938 1745; x_wconf 85' lang='grc' dir='ltr'><strong><em>τελειότης</em></strong></span> <span class='ocrx_word' id='word_1_102' title='bbox 967 1659 1034 1726; x_wconf 78' lang='grc' dir='ltr'><strong><em>ἐστὶ</em></strong></span> <span class='ocrx_word' id='word_1_103' title='bbox 1063 1662 1121 1746; x_wconf 79' lang='grc' dir='ltr'>τῆς</span> <span class='ocrx_word' id='word_1_104' title='bbox 1151 1657 1290 1728; x_wconf 85' lang='grc' dir='ltr'><strong><em>ἑκάστου</em></strong></span> 
     </span>
     <span class='ocr_line' id='line_1_13' title="bbox 143 1757 1290 1851; baseline 0.003 -21"><span class='ocrx_word' id='word_1_105' title='bbox 143 1761 291 1848; x_wconf 83' lang='grc' dir='ltr'><strong><em>φύσεως,</em></strong></span> <span class='ocrx_word' id='word_1_106' title='bbox 319 1761 364 1842; x_wconf 80' lang='grc' dir='ltr'><strong><em>ὡς</em></strong></span> <span class='ocrx_word' id='word_1_107' title='bbox 391 1761 492 1844; x_wconf 85' lang='grc' dir='ltr'><strong><em>αὐτὸς</em></strong></span> <span class='ocrx_word' id='word_1_108' title='bbox 518 1761 683 1851; x_wconf 80' lang='grc' dir='ltr'><strong><em>ὁμολογεῖ.</em></strong></span> <span class='ocrx_word' id='word_1_109' title='bbox 732 1764 869 1832; x_wconf 89' lang='grc' dir='ltr'><strong><em>κάλλιον</em></strong></span> <span class='ocrx_word' id='word_1_110' title='bbox 897 1757 962 1832; x_wconf 84' lang='grc' dir='ltr'>οὖν</span> <span class='ocrx_word' id='word_1_111' title='bbox 981 1762 1139 1851; x_wconf 75' lang='grc' dir='ltr'><strong><em>Ἀρίστων</em></strong></span> <span class='ocrx_word' id='word_1_112' title='bbox 1167 1762 1184 1834; x_wconf 86' lang='grc' dir='ltr'><strong><em>ό</em></strong></span> <span class='ocrx_word' id='word_1_113' title='bbox 1209 1773 1290 1844; x_wconf 83' lang='grc' dir='ltr'><strong><em>Χῖος</em></strong></span> 
     </span>
     <span class='ocr_line' id='line_1_14' title="bbox 143 1867 1289 1959; baseline 0.003 -23"><span class='ocrx_word' id='word_1_114' title='bbox 143 1867 219 1938; x_wconf 81' lang='grc' dir='ltr'><strong><em>οὔτε</em></strong></span> <span class='ocrx_word' id='word_1_115' title='bbox 237 1869 361 1950; x_wconf 84' lang='grc' dir='ltr'><strong><em>τιολλὰς</em></strong></span> <span class='ocrx_word' id='word_1_116' title='bbox 380 1867 465 1938; x_wconf 74' lang='grc' dir='ltr'><strong><em>εἶναι</em></strong></span> <span class='ocrx_word' id='word_1_117' title='bbox 488 1869 546 1950; x_wconf 82' lang='grc' dir='ltr'>τὰς</span> <span class='ocrx_word' id='word_1_118' title='bbox 564 1867 681 1958; x_wconf 81' lang='grc' dir='ltr'><strong><em>ἀρετὰς</em></strong></span> <span class='ocrx_word' id='word_1_119' title='bbox 703 1874 761 1958; x_wconf 79' lang='grc' dir='ltr'>τῆς</span> <span class='ocrx_word' id='word_1_120' title='bbox 783 1875 891 1958; x_wconf 74' lang='grc' dir='ltr'><strong><em>ψυχῆς</em></strong></span> <span class='ocrx_word' id='word_1_121' title='bbox 913 1868 1183 1959; x_wconf 74' lang='grc' dir='ltr'><strong><em>ἀποφηνάμενος,</em></strong></span> <span class='ocrx_word' id='word_1_122' title='bbox 1206 1870 1289 1940; x_wconf 84' lang='grc' dir='ltr'><strong><em>ἀλλὰ</em></strong></span> 
     </span>
     <span class='ocr_line' id='line_1_15' title="bbox 143 1973 1288 2066; baseline 0.004 -23"><span class='ocrx_word' id='word_1_123' title='bbox 143 1981 235 2063; x_wconf 85' lang='grc' dir='ltr'><strong><em>μίαν,</em></strong></span> <span class='ocrx_word' id='word_1_124' title='bbox 258 1973 301 2063; x_wconf 80' lang='grc' dir='ltr'>ἣν</span> <span class='ocrx_word' id='word_1_125' title='bbox 324 1977 506 2065; x_wconf 78' lang='grc' dir='ltr'><strong><em>ἐπιστήμην</em></strong></span> <span class='ocrx_word' id='word_1_126' title='bbox 529 1975 669 2064; x_wconf 81' lang='grc' dir='ltr'><strong><em>άγαθῶν</em></strong></span> <span class='ocrx_word' id='word_1_127' title='bbox 691 2003 725 2045; x_wconf 87' lang='grc' dir='ltr'>τε</span> <span class='ocrx_word' id='word_1_128' title='bbox 749 1978 803 2044; x_wconf 79' lang='grc' dir='ltr'>καὶ</span> <span class='ocrx_word' id='word_1_129' title='bbox 826 1981 938 2046; x_wconf 75' lang='grc' dir='ltr'><strong><em>κακῶν</em></strong></span> <span class='ocrx_word' id='word_1_130' title='bbox 962 1976 1051 2046; x_wconf 79' lang='grc' dir='ltr'><strong><em>εἶναί</em></strong></span> <span class='ocrx_word' id='word_1_131' title='bbox 1070 2001 1190 2066; x_wconf 86' lang='grc' dir='ltr'><strong><em>φησιν,</em></strong></span> <span class='ocrx_word' id='word_1_132' title='bbox 1213 1978 1288 2048; x_wconf 81' lang='grc' dir='ltr'><strong><em>οὔτε</em></strong></span> 
     </span>
    </p>
   </div>
   <div class='ocr_carea' id='block_1_3' title="bbox 144 2161 355 2168">
    <p class='ocr_par' dir='ltr' id='par_1_3' title="bbox 144 2161 355 2168">
     <span class='ocr_line' id='line_1_16' title="bbox 144 2161 355 2168; baseline 0.011 -2.221"><span class='ocrx_word' id='word_1_133' title='bbox 144 2161 355 2168; x_wconf 77' lang='lat'>-...-.—.—-—-</span> 
     </span>
    </p>
   </div>
   <div class='ocr_carea' id='block_1_4' title="bbox 143 2277 1289 2744">
    <p class='ocr_par' dir='ltr' id='par_1_4' title="bbox 143 2277 1289 2744">
     <span class='ocr_line' id='line_1_17' title="bbox 181 2277 1289 2368; baseline 0.003 -34"><span class='ocrx_word' id='word_1_134' title='bbox 181 2289 192 2334; x_wconf 87' lang='lat'>1</span> <span class='ocrx_word' id='word_1_135' title='bbox 218 2282 242 2337; x_wconf 81' lang='grc' dir='ltr'><strong>Α</strong></span> <span class='ocrx_word' id='word_1_136' title='bbox 266 2281 358 2336; x_wconf 83' lang='lat' dir='ltr'>verbis</span> <span class='ocrx_word' id='word_1_137' title='bbox 382 2282 437 2336; x_wconf 81' lang='grc' dir='ltr'><strong><em>τῶν</em></strong></span> <span class='ocrx_word' id='word_1_138' title='bbox 460 2277 566 2368; x_wconf 69' lang='grc' dir='ltr'>μὲν</span> <span class='ocrx_word' id='word_1_139' title='bbox 523 2301 588 2366; x_wconf 75' lang='grc' dir='ltr'>γαρ</span> <span class='ocrx_word' id='word_1_140' title='bbox 609 2281 662 2336; x_wconf 89' lang='lat' dir='ltr'>inc.</span> <span class='ocrx_word' id='word_1_141' title='bbox 687 2298 744 2335; x_wconf 90' lang='lat' dir='ltr'>exc.</span> <span class='ocrx_word' id='word_1_142' title='bbox 765 2279 828 2335; x_wconf 81' lang='lat' dir='ltr'>xlx</span> <span class='ocrx_word' id='word_1_143' title='bbox 850 2281 929 2336; x_wconf 85' lang='lat' dir='ltr'>codd.</span> <span class='ocrx_word' id='word_1_144' title='bbox 953 2281 1068 2338; x_wconf 81' lang='lat' dir='ltr'>FP—</span> <span class='ocrx_word' id='word_1_145' title='bbox 1094 2278 1289 2368; x_wconf 72' lang='grc' dir='ltr'><strong><em>λλογιοτικην</em></strong></span> 
     </span>
     <span class='ocr_line' id='line_1_18' title="bbox 143 2347 1287 2436; baseline 0.002 -30"><span class='ocrx_word' id='word_1_146' title='bbox 143 2353 226 2406; x_wconf 94' lang='lat' dir='ltr'>L.-</span> <span class='ocrx_word' id='word_1_147' title='bbox 250 2347 392 2422; x_wconf 77' lang='grc' dir='ltr'><strong><em>Βάλόγιος</em></strong></span> <span class='ocrx_word' id='word_1_148' title='bbox 411 2353 447 2422; x_wconf 87' lang='lat' dir='ltr'>P¹</span> <span class='ocrx_word' id='word_1_149' title='bbox 465 2347 587 2436; x_wconf 73' lang='grc' dir='ltr'><strong><em>εὐλόγοις</em></strong></span> <span class='ocrx_word' id='word_1_150' title='bbox 606 2351 707 2406; x_wconf 80' lang='lat' dir='ltr'>P¹.-</span> <span class='ocrx_word' id='word_1_151' title='bbox 732 2347 1082 2436; x_wconf 39' lang='lat' dir='ltr'>fdrctpspdpevovLae</span> <span class='ocrx_word' id='word_1_152' title='bbox 1109 2361 1123 2407; x_wconf 84' lang='lat' dir='ltr'>&#39;l</span> <span class='ocrx_word' id='word_1_153' title='bbox 1148 2349 1287 2408; x_wconf 74' lang='lat' dir='ltr'>orriro&#39;vL.</span> 
     </span>
     <span class='ocr_line' id='line_1_19' title="bbox 205 2419 1288 2500; baseline 0.001 -22.033"><span class='ocrx_word' id='word_1_154' title='bbox 205 2425 326 2478; x_wconf 84' lang='lat' dir='ltr'>8verba</span> <span class='ocrx_word' id='word_1_155' title='bbox 348 2423 453 2478; x_wconf 86' lang='lat' dir='ltr'>iudea</span> <span class='ocrx_word' id='word_1_156' title='bbox 476 2419 570 2492; x_wconf 81' lang='grc' dir='ltr'><strong><em>φήσας</em></strong></span> <span class='ocrx_word' id='word_1_157' title='bbox 586 2439 681 2500; x_wconf 85' lang='lat' dir='ltr'>usque</span> <span class='ocrx_word' id='word_1_158' title='bbox 704 2422 740 2476; x_wconf 89' lang='lat' dir='ltr'>ad</span> <span class='ocrx_word' id='word_1_159' title='bbox 758 2423 852 2492; x_wconf 74' lang='grc' dir='ltr'><strong><em>ψυχῆς</em></strong></span> <span class='ocrx_word' id='word_1_160' title='bbox 871 2441 925 2478; x_wconf 90' lang='lat' dir='ltr'>om.</span> <span class='ocrx_word' id='word_1_161' title='bbox 945 2423 1034 2476; x_wconf 90' lang='lat' dir='ltr'>I.-</span> <span class='ocrx_word' id='word_1_162' title='bbox 1062 2430 1094 2477; x_wconf 82' lang='lat'>10</span> <span class='ocrx_word' id='word_1_163' title='bbox 1112 2421 1288 2488; x_wconf 83' lang='grc' dir='ltr'><strong><em>τελειοτάτας</em></strong></span> 
     </span>
     <span class='ocr_line' id='line_1_20' title="bbox 143 2432 1286 2581; baseline 0.002 -33"><span class='ocrx_word' id='word_1_164' title='bbox 143 2432 221 2549; x_wconf 70' lang='lat' dir='ltr'>codri¹</span> <span class='ocrx_word' id='word_1_165' title='bbox 245 2495 307 2548; x_wconf 89' lang='lat' dir='ltr'>edd.</span> <span class='ocrx_word' id='word_1_166' title='bbox 330 2489 506 2565; x_wconf 74' lang='grc' dir='ltr'><strong><em>τελειότητος</em></strong></span> <span class='ocrx_word' id='word_1_167' title='bbox 529 2489 622 2561; x_wconf 49' lang='lat' dir='ltr'>Cornu</span> <span class='ocrx_word' id='word_1_168' title='bbox 646 2494 680 2548; x_wconf 92' lang='lat' dir='ltr'>cf.</span> <span class='ocrx_word' id='word_1_169' title='bbox 705 2493 789 2550; x_wconf 90' lang='lat' dir='ltr'>Proll.</span> <span class='ocrx_word' id='word_1_170' title='bbox 813 2512 840 2564; x_wconf 88' lang='lat' dir='ltr'>p</span> <span class='ocrx_word' id='word_1_171' title='bbox 862 2501 979 2550; x_wconf 65' lang='lat' dir='ltr'>llo.—</span> <span class='ocrx_word' id='word_1_172' title='bbox 944 2490 1040 2564; x_wconf 72' lang='lat' dir='ltr'>-rpi</span> <span class='ocrx_word' id='word_1_173' title='bbox 1066 2513 1116 2564; x_wconf 92' lang='lat' dir='ltr'>pro</span> <span class='ocrx_word' id='word_1_174' title='bbox 1135 2496 1286 2581; x_wconf 68' lang='lat' dir='ltr'>pdnL—</span> 
     </span>
     <span class='ocr_line' id='line_1_21' title="bbox 145 2561 1288 2654; baseline 0.003 -36"><span class='ocrx_word' id='word_1_175' title='bbox 145 2573 175 2618; x_wconf 89' lang='lat' dir='ltr'>ll</span> <span class='ocrx_word' id='word_1_176' title='bbox 197 2561 303 2620; x_wconf 88' lang='grc' dir='ltr'><strong><em>τελειότ</em></strong></span> <span class='ocrx_word' id='word_1_177' title='bbox 305 2585 336 2633; x_wconf 90' lang='grc' dir='ltr'><strong><em>ης</em></strong></span> <span class='ocrx_word' id='word_1_178' title='bbox 355 2566 515 2654; x_wconf 58' lang='lat' dir='ltr'>onrsL.-</span> <span class='ocrx_word' id='word_1_179' title='bbox 483 2571 574 2619; x_wconf 73' lang='lat'>-12</span> <span class='ocrx_word' id='word_1_180' title='bbox 600 2567 718 2620; x_wconf 80' lang='grc' dir='ltr'><strong><em>καλλίων</em></strong></span> <span class='ocrx_word' id='word_1_181' title='bbox 738 2565 766 2618; x_wconf 85' lang='grc' dir='ltr'><strong>Μ</strong></span> <span class='ocrx_word' id='word_1_182' title='bbox 790 2566 951 2620; x_wconf 65' lang='lat' dir='ltr'>nazaraea</span> <span class='ocrx_word' id='word_1_183' title='bbox 976 2567 1109 2620; x_wconf 83' lang='grc' dir='ltr'><strong><em>καλλείοιν</em></strong></span> <span class='ocrx_word' id='word_1_184' title='bbox 1129 2567 1151 2620; x_wconf 90' lang='grc' dir='ltr'><strong>Β</strong></span> <span class='ocrx_word' id='word_1_185' title='bbox 1174 2563 1288 2622; x_wconf 86' lang='grc' dir='ltr'><strong><em>κάλλιον</em></strong></span> 
     </span>
     <span class='ocr_line' id='line_1_22' title="bbox 147 2585 1126 2744; baseline -0.002 -55"><span class='ocrx_word' id='word_1_186' title='bbox 147 2634 266 2691; x_wconf 86' lang='lat' dir='ltr'>LCorn.</span> <span class='ocrx_word' id='word_1_187' title='bbox 286 2585 698 2744; x_wconf 55' lang='lat' dir='ltr'>ciK.-1oenpplpss.-</span> <span class='ocrx_word' id='word_1_188' title='bbox 725 2643 756 2690; x_wconf 80' lang='lat' dir='ltr'>ll</span> <span class='ocrx_word' id='word_1_189' title='bbox 775 2631 1073 2708; x_wconf 74' lang='lat' dir='ltr'>pdopvproplch.</span> <span class='ocrx_word' id='word_1_190' title='bbox 1095 2667 1126 2677; x_wconf 92' lang='lat'>-</span> 
     </span>
    </p>
   </div>
   <div class='ocr_carea' id='block_1_5' title="bbox 143 2941 1287 4519">
    <p class='ocr_par' dir='ltr' id='par_1_5' title="bbox 143 2941 1287 4519">
     <span class='ocr_line' id='line_1_23' title="bbox 143 2941 1287 3028; baseline 0 -20"><span class='ocrx_word' id='word_1_191' title='bbox 143 2942 334 3026; x_wconf 82' lang='lat' dir='ltr'>virtutibus,</span> <span class='ocrx_word' id='word_1_192' title='bbox 356 2963 420 3027; x_wconf 91' lang='lat' dir='ltr'>qua</span> <span class='ocrx_word' id='word_1_193' title='bbox 442 2943 603 3028; x_wconf 82' lang='lat' dir='ltr'>duplicem</span> <span class='ocrx_word' id='word_1_194' title='bbox 627 2965 765 3010; x_wconf 89' lang='lat' dir='ltr'>errorem</span> <span class='ocrx_word' id='word_1_195' title='bbox 789 2941 926 3025; x_wconf 78' lang='lat' dir='ltr'><strong>refutat,</strong></span> <span class='ocrx_word' id='word_1_196' title='bbox 954 2942 1022 3008; x_wconf 84' lang='lat' dir='ltr'>sire</span> <span class='ocrx_word' id='word_1_197' title='bbox 1050 2943 1123 3027; x_wconf 91' lang='lat' dir='ltr'>quis</span> <span class='ocrx_word' id='word_1_198' title='bbox 1151 2944 1287 3008; x_wconf 86' lang='lat' dir='ltr'>virtutes</span> 
     </span>
     <span class='ocr_line' id='line_1_24' title="bbox 143 3049 1286 3133; baseline -0.001 -18"><span class='ocrx_word' id='word_1_199' title='bbox 143 3072 254 3116; x_wconf 89' lang='lat' dir='ltr'>omnes</span> <span class='ocrx_word' id='word_1_200' title='bbox 296 3049 449 3115; x_wconf 77' lang='lat' dir='ltr'><strong>scientias</strong></span> <span class='ocrx_word' id='word_1_201' title='bbox 487 3051 554 3114; x_wconf 85' lang='lat' dir='ltr'>sive</span> <span class='ocrx_word' id='word_1_202' title='bbox 587 3050 761 3114; x_wconf 75' lang='lat' dir='ltr'>facultates</span> <span class='ocrx_word' id='word_1_203' title='bbox 797 3051 955 3133; x_wconf 78' lang='lat' dir='ltr'>opinetur.</span> <span class='ocrx_word' id='word_1_204' title='bbox 1023 3049 1162 3114; x_wconf 81' lang='lat' dir='ltr'>Necesse</span> <span class='ocrx_word' id='word_1_205' title='bbox 1200 3051 1286 3114; x_wconf 89' lang='lat' dir='ltr'>enim</span> 
     </span>
     <span class='ocr_line' id='line_1_25' title="bbox 143 3154 1286 3241; baseline -0.001 -20"><span class='ocrx_word' id='word_1_206' title='bbox 143 3161 193 3222; x_wconf 87' lang='lat' dir='ltr'>est</span> <span class='ocrx_word' id='word_1_207' title='bbox 215 3155 454 3223; x_wconf 77' lang='lat' dir='ltr'>irrationalium</span> <span class='ocrx_word' id='word_1_208' title='bbox 479 3157 579 3222; x_wconf 90' lang='lat' dir='ltr'>animi</span> <span class='ocrx_word' id='word_1_209' title='bbox 602 3157 745 3240; x_wconf 88' lang='lat' dir='ltr'>partium</span> <span class='ocrx_word' id='word_1_210' title='bbox 768 3156 975 3221; x_wconf 78' lang='lat' dir='ltr'>irrationales</span> <span class='ocrx_word' id='word_1_211' title='bbox 999 3177 1126 3241; x_wconf 92' lang='lat' dir='ltr'>quoque</span> <span class='ocrx_word' id='word_1_212' title='bbox 1148 3154 1286 3221; x_wconf 82' lang='lat' dir='ltr'>virtutes</span> 
     </span>
     <span class='ocr_line' id='line_1_26' title="bbox 143 3261 1286 3346; baseline -0.001 -19"><span class='ocrx_word' id='word_1_213' title='bbox 143 3284 221 3346; x_wconf 86' lang='lat' dir='ltr'>asse,</span> <span class='ocrx_word' id='word_1_214' title='bbox 244 3262 415 3330; x_wconf 88' lang='lat' dir='ltr'>rationalis</span> <span class='ocrx_word' id='word_1_215' title='bbox 438 3285 514 3328; x_wconf 86' lang='lat' dir='ltr'>vero</span> <span class='ocrx_word' id='word_1_216' title='bbox 538 3263 638 3329; x_wconf 87' lang='lat' dir='ltr'>solius</span> <span class='ocrx_word' id='word_1_217' title='bbox 666 3263 850 3328; x_wconf 82' lang='lat' dir='ltr'>rationales.</span> <span class='ocrx_word' id='word_1_218' title='bbox 896 3261 988 3328; x_wconf 91' lang='lat' dir='ltr'>Unde</span> <span class='ocrx_word' id='word_1_219' title='bbox 1016 3262 1133 3327; x_wconf 90' lang='lat' dir='ltr'>merito</span> <span class='ocrx_word' id='word_1_220' title='bbox 1156 3263 1286 3327; x_wconf 88' lang='lat' dir='ltr'>illarum</span> 
     </span>
     <span class='ocr_line' id='line_1_27' title="bbox 143 3367 1285 3454; baseline 0 -21"><span class='ocrx_word' id='word_1_221' title='bbox 143 3371 280 3434; x_wconf 76' lang='lat' dir='ltr'>virtutes</span> <span class='ocrx_word' id='word_1_222' title='bbox 307 3369 481 3434; x_wconf 81' lang='lat' dir='ltr'>facultates</span> <span class='ocrx_word' id='word_1_223' title='bbox 509 3375 598 3454; x_wconf 90' lang='lat' dir='ltr'>sunt,</span> <span class='ocrx_word' id='word_1_224' title='bbox 625 3370 763 3436; x_wconf 88' lang='lat' dir='ltr'>rationis</span> <span class='ocrx_word' id='word_1_225' title='bbox 791 3370 892 3435; x_wconf 92' lang='lat' dir='ltr'>solius</span> <span class='ocrx_word' id='word_1_226' title='bbox 921 3369 1066 3434; x_wconf 83' lang='lat' dir='ltr'>scientia.</span> <span class='ocrx_word' id='word_1_227' title='bbox 1111 3369 1158 3433; x_wconf 85' lang='lat' dir='ltr'>At</span> <span class='ocrx_word' id='word_1_228' title='bbox 1185 3367 1285 3454; x_wconf 78' lang='lat' dir='ltr'>Chry·</span> 
     </span>
     <span class='ocr_line' id='line_1_28' title="bbox 144 3474 1285 3561; baseline 0.004 -25"><span class='ocrx_word' id='word_1_229' title='bbox 144 3476 257 3558; x_wconf 89' lang='lat' dir='ltr'>sippus</span> <span class='ocrx_word' id='word_1_230' title='bbox 280 3476 373 3540; x_wconf 86' lang='lat' dir='ltr'>valde</span> <span class='ocrx_word' id='word_1_231' title='bbox 400 3481 528 3561; x_wconf 85' lang='lat' dir='ltr'>peceat,</span> <span class='ocrx_word' id='word_1_232' title='bbox 554 3499 620 3542; x_wconf 90' lang='lat' dir='ltr'>non</span> <span class='ocrx_word' id='word_1_233' title='bbox 648 3477 734 3561; x_wconf 93' lang='lat' dir='ltr'>quod</span> <span class='ocrx_word' id='word_1_234' title='bbox 761 3477 885 3542; x_wconf 85' lang='lat' dir='ltr'>nullam</span> <span class='ocrx_word' id='word_1_235' title='bbox 909 3476 1067 3540; x_wconf 66' lang='lat' dir='ltr'>‘virtutem</span> <span class='ocrx_word' id='word_1_236' title='bbox 1096 3474 1285 3540; x_wconf 85' lang='lat' dir='ltr'>facultatem</span> 
     </span>
     <span class='ocr_line' id='line_1_29' title="bbox 144 3577 1286 3670; baseline 0.004 -28"><span class='ocrx_word' id='word_1_237' title='bbox 144 3579 222 3644; x_wconf 87' lang='lat' dir='ltr'>fecit</span> <span class='ocrx_word' id='word_1_238' title='bbox 245 3577 324 3668; x_wconf 90' lang='lat' dir='ltr'>(non</span> <span class='ocrx_word' id='word_1_239' title='bbox 348 3583 434 3649; x_wconf 93' lang='lat' dir='ltr'>enim</span> <span class='ocrx_word' id='word_1_240' title='bbox 457 3605 594 3670; x_wconf 84' lang='lat' dir='ltr'>magnus</span> <span class='ocrx_word' id='word_1_241' title='bbox 618 3589 668 3648; x_wconf 87' lang='lat' dir='ltr'>est</span> <span class='ocrx_word' id='word_1_242' title='bbox 691 3584 744 3648; x_wconf 94' lang='lat' dir='ltr'>hic</span> <span class='ocrx_word' id='word_1_243' title='bbox 763 3605 854 3649; x_wconf 88' lang='lat' dir='ltr'>error</span> <span class='ocrx_word' id='word_1_244' title='bbox 871 3605 974 3667; x_wconf 89' lang='lat' dir='ltr'>neque</span> <span class='ocrx_word' id='word_1_245' title='bbox 993 3581 1032 3646; x_wconf 90' lang='lat' dir='ltr'>de</span> <span class='ocrx_word' id='word_1_246' title='bbox 1051 3581 1113 3646; x_wconf 90' lang='lat' dir='ltr'>hoc</span> <span class='ocrx_word' id='word_1_247' title='bbox 1136 3582 1286 3648; x_wconf 88' lang='lat' dir='ltr'>dissenti-</span> 
     </span>
     <span class='ocr_line' id='line_1_30' title="bbox 143 3685 1285 3774; baseline 0.003 -23"><span class='ocrx_word' id='word_1_248' title='bbox 143 3685 246 3772; x_wconf 87' lang='lat' dir='ltr'>mus),</span> <span class='ocrx_word' id='word_1_249' title='bbox 278 3689 333 3752; x_wconf 89' lang='lat' dir='ltr'>sed</span> <span class='ocrx_word' id='word_1_250' title='bbox 366 3690 454 3774; x_wconf 84' lang='lat' dir='ltr'>quia,</span> <span class='ocrx_word' id='word_1_251' title='bbox 487 3712 559 3755; x_wconf 89' lang='lat' dir='ltr'>cum</span> <span class='ocrx_word' id='word_1_252' title='bbox 588 3691 708 3756; x_wconf 88' lang='lat' dir='ltr'>multas</span> <span class='ocrx_word' id='word_1_253' title='bbox 736 3693 769 3754; x_wconf 85' lang='lat' dir='ltr'>et</span> <span class='ocrx_word' id='word_1_254' title='bbox 801 3690 953 3754; x_wconf 87' lang='lat' dir='ltr'>scientias</span> <span class='ocrx_word' id='word_1_255' title='bbox 982 3693 1015 3752; x_wconf 91' lang='lat' dir='ltr'>et</span> <span class='ocrx_word' id='word_1_256' title='bbox 1046 3689 1183 3754; x_wconf 83' lang='lat' dir='ltr'>virtutes</span> <span class='ocrx_word' id='word_1_257' title='bbox 1215 3709 1285 3754; x_wconf 90' lang='lat' dir='ltr'>esse</span> 
     </span>
     <span class='ocr_line' id='line_1_31' title="bbox 143 3781 1284 3878; baseline 0 -20"><span class='ocrx_word' id='word_1_258' title='bbox 143 3789 277 3876; x_wconf 42' lang='lat' dir='ltr'>dixeriti</span> <span class='ocrx_word' id='word_1_259' title='bbox 305 3815 402 3860; x_wconf 89' lang='lat' dir='ltr'>unam</span> <span class='ocrx_word' id='word_1_260' title='bbox 426 3797 526 3860; x_wconf 86' lang='lat' dir='ltr'>animi</span> <span class='ocrx_word' id='word_1_261' title='bbox 554 3781 742 3862; x_wconf 77' lang='lat' dir='ltr'>facultatem</span> <span class='ocrx_word' id='word_1_262' title='bbox 771 3797 896 3860; x_wconf 85' lang='lat' dir='ltr'>statuit.</span> <span class='ocrx_word' id='word_1_263' title='bbox 942 3795 1034 3871; x_wconf 87' lang='lat' dir='ltr'>Quod</span> <span class='ocrx_word' id='word_1_264' title='bbox 1063 3794 1192 3878; x_wconf 89' lang='lat' dir='ltr'>quidem</span> <span class='ocrx_word' id='word_1_265' title='bbox 1216 3796 1284 3858; x_wconf 89' lang='lat' dir='ltr'>lieri</span> 
     </span>
     <span class='ocr_line' id='line_1_32' title="bbox 143 3889 1285 3985; baseline 0 -19"><span class='ocrx_word' id='word_1_266' title='bbox 143 3923 209 3967; x_wconf 89' lang='lat' dir='ltr'>non</span> <span class='ocrx_word' id='word_1_267' title='bbox 231 3905 353 3985; x_wconf 89' lang='lat' dir='ltr'>potest,</span> <span class='ocrx_word' id='word_1_268' title='bbox 381 3906 418 3966; x_wconf 88' lang='lat' dir='ltr'>ut</span> <span class='ocrx_word' id='word_1_269' title='bbox 440 3903 534 3967; x_wconf 89' lang='lat' dir='ltr'>unius</span> <span class='ocrx_word' id='word_1_270' title='bbox 558 3903 725 3969; x_wconf 87' lang='lat' dir='ltr'>facultatis</span> <span class='ocrx_word' id='word_1_271' title='bbox 749 3889 1034 3968; x_wconf 55' lang='lat' dir='ltr'>multae‘virtutes</span> <span class='ocrx_word' id='word_1_272' title='bbox 1058 3902 1229 3985; x_wconf 83' lang='lat' dir='ltr'>exsistant,</span> <span class='ocrx_word' id='word_1_273' title='bbox 1257 3904 1285 3966; x_wconf 89' lang='lat' dir='ltr'>si</span> 
     </span>
     <span class='ocr_line' id='line_1_33' title="bbox 143 4008 1285 4094; baseline -0.001 -21"><span class='ocrx_word' id='word_1_274' title='bbox 143 4008 273 4094; x_wconf 88' lang='lat' dir='ltr'>quidem</span> <span class='ocrx_word' id='word_1_275' title='bbox 291 4029 332 4072; x_wconf 85' lang='lat' dir='ltr'>nc</span> <span class='ocrx_word' id='word_1_276' title='bbox 352 4008 472 4072; x_wconf 88' lang='lat' dir='ltr'>multae</span> <span class='ocrx_word' id='word_1_277' title='bbox 491 4009 619 4093; x_wconf 89' lang='lat' dir='ltr'>quidem</span> <span class='ocrx_word' id='word_1_278' title='bbox 639 4009 853 4094; x_wconf 88' lang='lat' dir='ltr'>perfectiones</span> <span class='ocrx_word' id='word_1_279' title='bbox 872 4009 967 4073; x_wconf 89' lang='lat' dir='ltr'>unius</span> <span class='ocrx_word' id='word_1_280' title='bbox 985 4009 1031 4072; x_wconf 90' lang='lat' dir='ltr'>rei</span> <span class='ocrx_word' id='word_1_281' title='bbox 1051 4030 1121 4073; x_wconf 87' lang='lat' dir='ltr'>esse</span> <span class='ocrx_word' id='word_1_282' title='bbox 1141 4013 1285 4091; x_wconf 89' lang='lat' dir='ltr'>possunt.</span> 
     </span>
     <span class='ocr_line' id='line_1_34' title="bbox 145 4110 1284 4199; baseline 0.001 -20"><span class='ocrx_word' id='word_1_283' title='bbox 145 4114 217 4180; x_wconf 90' lang='lat' dir='ltr'>Una</span> <span class='ocrx_word' id='word_1_284' title='bbox 240 4115 326 4180; x_wconf 90' lang='lat' dir='ltr'>euim</span> <span class='ocrx_word' id='word_1_285' title='bbox 350 4115 503 4199; x_wconf 89' lang='lat' dir='ltr'>cuiusque</span> <span class='ocrx_word' id='word_1_286' title='bbox 526 4115 573 4180; x_wconf 91' lang='lat' dir='ltr'>rei</span> <span class='ocrx_word' id='word_1_287' title='bbox 597 4110 647 4179; x_wconf 75' lang='lat' dir='ltr'>e&#39;st</span> <span class='ocrx_word' id='word_1_288' title='bbox 673 4117 843 4199; x_wconf 82' lang='lat' dir='ltr'>perfectio,</span> <span class='ocrx_word' id='word_1_289' title='bbox 870 4116 973 4180; x_wconf 86' lang='lat' dir='ltr'>virtus</span> <span class='ocrx_word' id='word_1_290' title='bbox 997 4119 1105 4180; x_wconf 88' lang='lat' dir='ltr'>autern</span> <span class='ocrx_word' id='word_1_291' title='bbox 1128 4115 1284 4198; x_wconf 89' lang='lat' dir='ltr'>perfectio</span> 
     </span>
     <span class='ocr_line' id='line_1_35' title="bbox 143 4221 1285 4308; baseline 0.001 -23"><span class='ocrx_word' id='word_1_292' title='bbox 143 4225 201 4307; x_wconf 71' lang='lat' dir='ltr'>est,</span> <span class='ocrx_word' id='word_1_293' title='bbox 225 4222 257 4286; x_wconf 92' lang='lat' dir='ltr'>id</span> <span class='ocrx_word' id='word_1_294' title='bbox 281 4223 366 4307; x_wconf 86' lang='lat' dir='ltr'>quod</span> <span class='ocrx_word' id='word_1_295' title='bbox 385 4223 455 4306; x_wconf 90' lang='lat' dir='ltr'>ipse</span> <span class='ocrx_word' id='word_1_296' title='bbox 475 4221 604 4305; x_wconf 88' lang='lat' dir='ltr'>fatetur,</span> <span class='ocrx_word' id='word_1_297' title='bbox 627 4223 780 4308; x_wconf 88' lang='lat' dir='ltr'>cuiusque</span> <span class='ocrx_word' id='word_1_298' title='bbox 798 4224 845 4287; x_wconf 92' lang='lat' dir='ltr'>rei</span> <span class='ocrx_word' id='word_1_299' title='bbox 864 4226 1008 4287; x_wconf 81' lang='lat' dir='ltr'>naturae.</span> <span class='ocrx_word' id='word_1_300' title='bbox 1044 4221 1161 4286; x_wconf 91' lang='lat' dir='ltr'>Melius</span> <span class='ocrx_word' id='word_1_301' title='bbox 1185 4222 1285 4306; x_wconf 82' lang='lat' dir='ltr'>igitur</span> 
     </span>
     <span class='ocr_line' id='line_1_36' title="bbox 143 4327 1284 4413; baseline 0 -21"><span class='ocrx_word' id='word_1_302' title='bbox 143 4329 255 4394; x_wconf 82' lang='lat' dir='ltr'>Aristo</span> <span class='ocrx_word' id='word_1_303' title='bbox 284 4327 400 4412; x_wconf 79' lang='lat' dir='ltr'>Chius,</span> <span class='ocrx_word' id='word_1_304' title='bbox 431 4328 486 4412; x_wconf 92' lang='lat' dir='ltr'>qui</span> <span class='ocrx_word' id='word_1_305' title='bbox 519 4349 621 4412; x_wconf 88' lang='lat' dir='ltr'>neque</span> <span class='ocrx_word' id='word_1_306' title='bbox 650 4329 770 4394; x_wconf 88' lang='lat' dir='ltr'>multas</span> <span class='ocrx_word' id='word_1_307' title='bbox 799 4329 898 4394; x_wconf 87' lang='lat' dir='ltr'>animi</span> <span class='ocrx_word' id='word_1_308' title='bbox 926 4331 1072 4413; x_wconf 83' lang='lat' dir='ltr'>virtutes,</span> <span class='ocrx_word' id='word_1_309' title='bbox 1104 4329 1159 4392; x_wconf 85' lang='lat' dir='ltr'>sed</span> <span class='ocrx_word' id='word_1_310' title='bbox 1187 4351 1284 4393; x_wconf 87' lang='lat' dir='ltr'>uuam</span> 
     </span>
     <span class='ocr_line' id='line_1_37' title="bbox 143 4435 1285 4519; baseline 0 -21"><span class='ocrx_word' id='word_1_311' title='bbox 143 4438 399 4519; x_wconf 88' lang='lat' dir='ltr'>tantum,quan1</span> <span class='ocrx_word' id='word_1_312' title='bbox 423 4435 582 4499; x_wconf 88' lang='lat' dir='ltr'>bonorum</span> <span class='ocrx_word' id='word_1_313' title='bbox 607 4436 821 4500; x_wconf 87' lang='lat' dir='ltr'>etmalorum</span> <span class='ocrx_word' id='word_1_314' title='bbox 845 4435 1014 4500; x_wconf 88' lang='lat' dir='ltr'>scientiam</span> <span class='ocrx_word' id='word_1_315' title='bbox 1039 4435 1191 4518; x_wconf 82' lang='lat' dir='ltr'>appellat,</span> <span class='ocrx_word' id='word_1_316' title='bbox 1214 4457 1285 4498; x_wconf 87' lang='lat' dir='ltr'>esse</span> 
     </span>
    </p>
   </div>
   <div class='ocr_carea' id='block_1_6' title="bbox 0 0 1610 5148">
    <p class='ocr_par' dir='ltr' id='par_1_6' title="bbox 0 0 1610 5148">
     <span class='ocr_line' id='line_1_38' title="bbox 0 0 1610 5148; baseline 0 1"><span class='ocrx_word' id='word_1_317' title='bbox 0 0 1610 5148; x_wconf 95' lang='lat' dir='ltr'> </span> 
     </span>
    </p>
   </div>
  </div>
 </body>
</html>
