3298 5136
788 437 1032 503 -230-

267 617 322 674 282
334 595 452 666 αὐτίκα
486 594 524 664 τὸ
559 595 564 684 l
600 600 686 688 ζῷον
715 594 896 683 γινόμενον
923 593 1092 684 ἀρτηριῶν
1118 593 1156 662 τὸ
1184 592 1294 674 πάθος
1320 591 1483 686 φ’ήθησαν

335 703 496 792 ὑπάρχειν
518 704 573 772 καὶ
597 701 703 787 κάρον
726 698 923 789 ιόνόμασαν,
948 697 1010 769 οὐκ
1032 699 1160 788 ὀρθῶς,
1189 699 1296 789 οἶμαι,
1325 705 1356 768 εί
1381 699 1426 787 μή
1449 727 1481 766 τι

334 811 398 899 ἄρα
421 811 484 898 τὴν
507 808 663 897 ἀφωνίαν
687 809 864 877 ἐθέλουσιν
887 805 1063 894 ὀνομάζειν
1085 806 1203 894 κάρον·
1232 806 1319 875 οὕτω
1348 805 1412 894 γάρ
1440 801 1484 874 άν

234 933 240 946 “
335 915 473 1005 ὀνόματι
497 915 605 1003 μόνον
624 914 828 1002 σφάλλοιντο
846 913 928 984 κατά
953 941 988 1000 γε
1007 918 1117 998 τοῦτο,
1139 915 1213 1002 περὶ
1232 913 1269 982 δὲ
1287 913 1324 982 τὸ
1348 917 1484 1000 πρᾶγμα

302 1021 417 1090 Ι5αόπό
442 1020 682 1111 ἁμαρτάνοιεν,
710 1031 800 1108 είπερ
829 1023 881 1090 ἐπὶ
910 1036 983 1100 ταῖς
1012 1018 1184 1108 ἀρτηρίαις
1213 1017 1485 1107 ὑπολαμβάνοιεν

336 1128 476 1217 ἄφωνον
499 1135 654 1215 γίνεσθαι
677 1127 714 1196 τὸ
741 1133 832 1220 ζῷον.

423 1233 505 1323 ’byei
529 1235 591 1323 μὲν
615 1235 656 1322 δή
680 1262 737 1322 μοι
757 1239 844 1303 δοκῶ
868 1234 905 1302 τὸ
925 1235 1106 1303 κελευσθὲν
1124 1232 1188 1302 ὑπὸ
1208 1239 1270 1304 τοῦ
1288 1241 1487 1323 Χρυσίππου

337 1343 537 1430 πεπραχέναι
563 1342 716 1429 ζητήσας,
744 1352 807 1410 esre
831 1339 895 1410 άπὸ
918 1346 1057 1428 καρδίας
1080 1340 1249 1432 ἐγκεφάλῳ
1273 1342 1416 1429 δύναμίς
1437 1371 1488 1422 τις

338 1459 402 1517 εἴτε
434 1445 498 1517 άπὸ
531 1449 718 1535 ἐγκεφάλου
749 1453 788 1538 τῇ
820 1453 942 1537 καρδίᾳ
976 1463 1173 1536 χορηγεϊται.
1223 1449 1417 1536 Χρύσιππος
1450 1449 1488 1516 δὲ

301 1581 324 1618 ιο
339 1553 439 1636 αὐτὸς
462 1553 633 1642 ὀλιγιόρως
656 1557 827 1643 ἐσχηκέναι
852 1562 1005 1642 φαίνεται
1028 1556 1102 1642 περὶ
1129 1554 1192 1642 τὴν
1214 1560 1275 1623 τοῦ
1297 1554 1490 1644 πράγματος

340 1669 482 1750 ἔρευναν
510 1661 594 1730 ίὸὠν
622 1661 684 1749 μὲν
710 1660 773 1749 τήν
800 1660 899 1746 ὁόὀν,
927 1653 947 1750 ᾖ
975 1660 1037 1750 χρὴ
1061 1659 1098 1729 τὸ
1125 1661 1327 1749 ζητούμενον
1349 1660 1490 1738 ἁλῶναι,

339 1768 384 1858 μὴ
408 1767 615 1857 χρησάμενος
639 1767 675 1836 δὲ
699 1765 791 1858 αὐτη.
837 1769 1006 1856 μέμφομαι
1036 1767 1072 1836 δὲ
1101 1766 1189 1860 αὐτῷ
1217 1770 1272 1837 καί
1296 1769 1383 1839 διότι
1406 1767 1487 1838 καθ’

341 1879 378 1944 ἓν
400 1881 533 1962 βιβλίον
552 1877 685 1942 ἐναντία
709 1876 818 1962 λέγειν
842 1873 1019 1962 ὑπέμεινεν
1039 1872 1101 1943 οὐκ
1118 1873 1183 1944 άπὸ
1207 1882 1336 1966 μακροῦ
1355 1877 1491 1965 διαστή-

340 2007 442 2068 ματος
465 1977 618 2068 ἀλλήλων
642 1987 833 2070 ἔμπροσθεν
860 1982 921 2069 μὲν
943 1979 989 2061 ιός
1011 1979 1262 2052 άποόεικτικὸν“
1272 1983 1402 2071 γράψας
1428 1982 1492 2052 τὸν

301 2109 326 2150 ιι
340 2089 402 2155 τοῦ
434 2085 592 2174 Ζήνωνος
629 2087 747 2175 λόγον,
791 2089 842 2156 ἐπὶ
879 2087 1060 2175 προήκοντι
1099 2089 1134 2156 δὲ
1174 2093 1219 2180 τῷ
1257 2088 1491 2176 συγγράμματι

295 2267 298 2272 Δ
341 2191 474 2274 δεικνὺς
496 2190 601 2263 αὐτοῦ
624 2194 687 2284 τήν
709 2195 817 2263 λύσιν.
863 2192 1005 2283 εὑρίσκω
1030 2193 1066 2262 δὲ
1095 2192 1156 2282 οὐχ
1179 2194 1295 2282 ἥκιστα
1317 2194 1378 2264 τὸν
1400 2196 1492 2284 Χρύ-

377 2417 392 2464 2
413 2406 487 2464 εἶναι
507 2409 528 2463 L
553 2406 631 2481 οἶμαι
650 2410 717 2465 MA.
737 2440 770 2449 -
795 2416 810 2463 3
830 2402 867 2462 ἂν
890 2413 955 2478 poet
977 2404 1031 2476 γάρ
1056 2427 1109 2463 om.
1129 2408 1291 2464 LMABCh
1315 2409 1435 2465 inseruit
1453 2411 1491 2476 K,

341 2481 374 2534 cf.
391 2481 475 2534 Proll.
494 2497 521 2550 p.
537 2487 579 2536 66.
599 2513 631 2521 -
653 2488 669 2536 4
688 2477 777 2549 μένΙι
797 2476 886 2550 μόνον
905 2481 971 2533 MA.
993 2509 1023 2518 -
1046 2475 1199 2548 σφάλοιντο
1218 2481 1248 2534 L.
1272 2513 1301 2520 -
1322 2487 1337 2536 ὅ
1357 2475 1435 2536 sirei
1456 2481 1488 2535 L.

342 2581 374 2593 —
395 2545 478 2606 exsn’
499 2547 660 2620 ίγκεφάλον
679 2553 710 2606 L.
730 2583 765 2591 -
787 2560 815 2606 ll
838 2546 921 2613 eloris
939 2551 960 2604 L
982 2545 1051 2604 ίὸιόν
1071 2552 1136 2607 ΜΔ.
1159 2583 1190 2591 -

343 2733 454 2798 stetim
475 2733 700 2798 obmutescens
716 2733 837 2797 animal
857 2755 931 2796 cum
950 2731 1116 2816 vidissent,
1136 2733 1265 2797 arteriis
1285 2733 1492 2799 affectionem

342 2839 433 2905 illem
456 2839 660 2904 tribuendam
685 2842 877 2904 censuenmt
905 2861 1119 2923 soporemque
1143 2840 1402 2925 appellaverunt,
1424 2863 1493 2906 non

344 2951 439 3030 recte,
463 2946 588 3030 opinor,
610 2946 674 3010 nisi
698 2946 783 3010 forte
807 2946 896 3011 vocis
921 2945 1130 3010 amissionem
1150 2968 1301 3030 soporem
1325 2947 1492 3030 appellare

343 3053 473 3138 volunt,
494 3052 540 3116 sic
565 3052 705 3118 enimin
723 3052 853 3118 nomine
876 3055 1014 3134 tantum,
1037 3055 1195 3137 quantum
1215 3053 1255 3117 ad
1277 3053 1339 3118 hoc
1364 3053 1493 3136 attinet,

345 3161 460 3242 errent,
484 3158 540 3223 sed
564 3158 650 3222 inre
674 3159 747 3243 ipsa
770 3163 913 3243 peccent,
938 3158 965 3222 si
985 3159 1178 3224 arteriarum
1200 3159 1344 3224 laesione
1363 3163 1492 3224 mutum

343 3267 413 3330 fieri
436 3264 557 3330 animal
582 3266 762 3350 opinentur.

432 3371 555 3438 Videor
577 3373 644 3438 iam
667 3372 748 3438 mihi
771 3373 833 3436 hac
858 3372 1061 3455 quaestione,
1091 3374 1227 3437 acorde
1252 3375 1384 3439 cerebro
1409 3397 1451 3439 an
1476 3397 1493 3439 e

344 3479 476 3546 cerebro
500 3479 589 3546 cordi
619 3481 758 3544 facultas
790 3479 899 3562 aliqua
923 3483 1166 3563 suggereretur,
1194 3481 1355 3564 explicata
1379 3481 1411 3545 id
1436 3483 1493 3546 ab·

345 3586 496 3671 solvisse,
529 3587 615 3671 quod
642 3585 847 3670 Chrysippus
875 3585 1058 3650 faciendum
1091 3591 1268 3652 monuerat.
1317 3587 1392 3672 Ipse
1415 3611 1493 3654 vero

344 3693 569 3778 neglegentius
591 3693 624 3756 in
643 3694 690 3757 rei
709 3692 961 3776 investigatione
980 3698 1127 3757 versatus
1148 3717 1219 3758 esse
1238 3693 1374 3778 videtur,
1397 3694 1494 3778 quod,

345 3821 419 3864 cum
448 3801 548 3880 viam,
577 3822 640 3884 qua
668 3821 718 3863 res
742 3799 891 3882 quaesita
920 3800 1119 3882 assequenda
1147 3803 1246 3881 esset,
1276 3802 1494 3885 cognovisset,

345 3928 384 3970 ea
407 3906 455 3971 uti
478 3905 591 3971 noluit.
637 3905 727 3970 Idem
756 3905 1005 3990 reprehensione
1034 3905 1150 3990 dignus
1175 3909 1237 3988 est,
1266 3906 1351 3989 quod
1378 3907 1493 3972 eodem

345 4013 379 4078 in
402 4013 487 4078 libro
517 4035 576 4078 neo
603 4013 703 4098 longo
725 4013 899 4078 intervallo
927 4012 1143 4098 repugnantia
1172 4014 1256 4076 inter
1288 4036 1358 4077 sese
1386 4013 1493 4077 dicere

345 4142 411 4184 non
439 4119 561 4184 veritus
594 4123 656 4202 est,
689 4143 762 4184 eum
794 4123 890 4183 antea
917 4119 1055 4183 Zenonis
1087 4120 1263 4204 rationem,
1297 4119 1391 4203 qnasi
1424 4118 1492 4184 vim
1528 4133 1531 4136 ’

346 4226 589 4292 demonstrandi
627 4226 779 4310 haberet,
821 4225 945 4307 attulit,
982 4226 1149 4309 paululum
1188 4248 1379 4312 progressus
1422 4227 1491 4290 eius

345 4331 575 4397 refutationem
603 4333 755 4398 instituit.
813 4331 1015 4416 Quamquam
1047 4356 1112 4398 non
1142 4356 1217 4398 raro
1249 4332 1331 4397 alias
1364 4355 1491 4417 quoque

346 4438 526 4501 contrarias
546 4435 724 4521 Chrysippi
747 4439 923 4502 sententias
947 4438 1151 4522 deprehendo
1175 4441 1209 4502 in
1232 4439 1344 4504 eadem
1367 4437 1428 4502 hae
1450 4438 1491 4501 de
