3136 5136
797 405 1041 475 -174—

343 565 494 654 καθάπερ
517 559 570 635 ἐπί
594 564 715 653 ταύτης
738 564 964 654 ἐμνημόνευσε
987 567 1064 654 μέν,
1090 565 1152 634 ούκ
1174 572 1268 635 ἔλυσε
1292 565 1331 634 δὲ
1356 565 1392 635 τὸ
1415 561 1478 636 dru-

343 699 423 759 πον,
447 672 535 742 οὕτω
563 669 642 741 κάπὶ
669 677 727 760 τής
754 670 806 741 ἐπὶ
834 678 895 742 τοῦ
918 676 1060 761 στέρνου
1089 675 1218 755 δείξεως
1244 671 1477 761 ἐπιμνησθῆναι

343 780 405 866 μὲν
427 784 485 867 τῆς
508 777 560 848 ἐπὶ
588 779 650 867 τήν
674 782 751 865 ῥῖνα
774 785 881 868 φορᾶς
903 785 964 848 τοῦ
988 780 1171 865 δακτύλου,
1198 779 1244 868 μή
1272 781 1386 866 μέντοι
1407 781 1478 867 μηδὲ

343 884 492 954 ἐνταῦθα
520 893 651 954 οἴεσθαι
681 884 879 954 διαλύεσθαι
907 885 944 954 τὸ
975 889 1185 973 προβληθέν,
1218 891 1249 952 εί
1276 885 1323 974 μὴ
1351 885 1414 974 ἄρα
1440 914 1480 964 τις

271 1061 273 1068 ,
317 1002 446 1062 uocarat
477 991 541 1079 τήν
576 989 748 1078 ἀπόφασιν
783 997 844 1060 τοῦ
877 999 1076 1080 Χρυσίππου
1113 992 1216 1079 ψιλήν
1245 989 1354 1079 αὐτὴν
1384 992 1480 1078 μόνην

344 1101 508 1186 ῥηθεῖσαν
539 1095 711 1179 ἀπόδειξιν
737 1096 908 1184 ὑπάρχειν.
955 1105 992 1167 τί
1015 1095 1079 1186 γὰρ
1107 1097 1149 1186 δή
1173 1105 1233 1165 καί
1255 1118 1378 1185 φησιν;
1405 1095 1480 1166 εἀιιο

345 1205 491 1284 (λούθως
514 1205 551 1272 δέ
573 1208 613 1294 τῇ
636 1209 697 1273 τοῦ
715 1213 846 1291 γενείου
869 1203 997 1290 κινήσει
1020 1205 1076 1273 καὶ
1098 1201 1151 1272 ἐπὶ
1174 1203 1211 1272 τὸ
1232 1208 1360 1290 στῆθος
1383 1203 1478 1272 νεύσει

345 1312 410 1378 ’καὶ
434 1315 473 1400 τή
496 1310 632 1400 τοιαύτῃ
653 1313 751 1392 δείξει
770 1309 790 1399 ή
811 1311 884 1397 ἑξῆς
902 1310 1051 1397 συλλαβή
1071 1309 1264 1397 παράκειται
1290 1307 1392 1377 οὐδὲν
1413 1306 1480 1376 ἆτο-

278 1436 332 1492 alr
346 1416 558 1504 “στήματικὸν
587 1425 880 1504 παρεμφαίνουσα,
905 1421 910 1502 Ι
939 1415 1020 1503 ὅπερ
1048 1414 1101 1485 ἐπὶ
1133 1421 1195 1485 τοῦ
1225 1414 1355 1497 ἐκεῖνος
1381 1417 1480 1484 σαπέ-

306 1547 331 1585 1o
346 1525 491 1610 ‘revyea'
537 1520 699 1610 ἐννοήσας
721 1523 797 1611 γάρ,
819 1522 869 1592 ὅτι
893 1520 914 1610 ή
938 1520 1064 1604 ἐκεῖνος
1085 1523 1183 1610 φωνή
1207 1523 1270 1610 τήν
1294 1521 1401 1611 ἀρχὴν
1426 1520 1479 1588 ἀπὸ

344 1641 401 1716 τῆς
424 1627 526 1716 αὐτῆς
552 1631 693 1697 ποιεῖται
722 1633 903 1716 συλλαβῆς,
931 1627 1040 1717 ὥσπερ
1068 1630 1123 1697 καὶ
1147 1628 1167 1716 ή
1190 1627 1273 1716 ἐγώ,
1302 1631 1356 1698 καὶ
1384 1627 1478 1715 δεήσει

345 1737 400 1804 καί
422 1737 548 1822 ταύτην
574 1734 810 1804 ἐνδείκνυσθαι
833 1733 956 1804 ταύτὸν
979 1737 1241 1824 σημαινόμενον,
1269 1741 1318 1816 είς
1344 1734 1404 1823 τήν
1424 1739 1481 1801 τῶν

346 1840 595 1932 ἐπιφερομένων
618 1847 794 1928 συλλαβῶν
818 1840 987 1928 διαφορὰν
1017 1839 1176 1932 ἀναφέρει
1203 1843 1266 1930 τὴν
1293 1847 1356 1912 τοῦ
1383 1850 1480 1928 ζητου-

345 1951 450 2038 μένου
477 1949 584 2018 λύσιν.
634 1954 702 2016 ἕστι
731 1949 767 2016 δὲ
800 1946 928 2016 τοιάδε·
963 1947 1065 2017 είπών
1097 1954 1155 2037 τῆς
1186 1947 1251 2037 ἐγώ
1286 1953 1401 2038 φωνῆς
1428 1945 1480 2033 τήν

307 2079 332 2118 1⁵
347 2057 506 2143 δευτέραν
528 2054 590 2143 τήν
612 2067 661 2144 γΤώ
693 2055 799 2144 μηδὲν
830 2053 1098 2142 ἆποστήματικὸν
1127 2055 1305 2146 ἐμφαίνειν
1332 2052 1480 2142 ἐπήγαγεν

345 2160 397 2238 ἐπὶ
420 2168 478 2250 τῆς
499 2161 624 2244 ἐκεῖνος
646 2161 821 2252 ἐμφαίνειν
847 2162 909 2252 τήν
936 2175 998 2235 ffi.
1040 2169 1139 2232 τοῦτο
1169 2163 1206 2232 δέ
1233 2159 1401 2249 ἀπόφασίς
1423 2158 1480 2228 ἐστι

382 2367 399 2414 4
421 2362 487 2430 post
508 2354 639 2415 ἐνταῦθα
658 2359 826 2416 inseruimus
850 2362 972 2415 οἴεσθαι,
994 2393 1027 2402 -
1051 2354 1243 2444 adunivit
1267 2354 1358 2428 ψιλὴν
1381 2357 1434 2412 cl.
1451 2387 1478 2394 -

347 2433 414 2503 Βτή
434 2435 501 2486 ante
520 2426 638 2516 τοιαήτῃ
653 2448 706 2516 om.
722 2429 758 2516 93
778 2431 813 2486 cf.
832 2448 918 2502 supra
935 2449 962 2516 ρ.
984 2438 1048 2499 172,
1070 2439 1110 2485 lb.
1126 2463 1159 2472 -
1183 2437 1200 2485 9
1219 2447 1315 2498 ωσπερ
1331 2427 1478 2510 Massctli

346 2497 418 2570 ὅπερ
431 2502 461 2558 G.
479 2533 515 2543 —
535 2510 568 2558 10
587 2521 631 2589 οτμ
649 2523 701 2570 την
719 2523 736 2572 η
757 2497 905 2588 derivari}
923 2523 974 2571 την
989 2501 1140 2587 del'Corm
1158 2533 1192 2542 —
1213 2508 1245 2584 λλ
1265 2499 1327 2585 ἔστι
1345 2499 1375 2555 δὲ
1394 2501 1477 2554 taiadi

347 2572 504 2713 litorii&
522 2573 816 2714 tlaflttcbttf
839 2569 996 2713 ttulit?
1009 2593 1077 2698 sil'ss
1099 2592 1139 2684 ‚⁷1²⁰
1164 2572 1267 2699 iiiii
1289 2593 1332 2698 t'r'
1349 2570 1479 2697 ditmari.

347 2714 380 2769 δέ
399 2715 561 2771 delevimus.
584 2746 614 2756 -
634 2722 684 2770 κεῖ
698 2715 718 2770 C
737 2717 784 2769 κεί
799 2716 928 2770 ABChK
947 2721 991 2771 ιιΤι
1010 2716 1048 2770 Μ.
1069 2746 1101 2755 -

348 2917 470 2998 autem,
501 2914 629 2998 opinor,
666 2914 936 2998 quemadmodum
967 2915 1063 2980 huius
1096 2913 1296 2979 mentionem
1326 2913 1403 2978 fecit
1430 2929 1478 2974 ner

347 3023 456 3086 tamen
479 3021 639 3086 rationem
664 3020 837 3086 absurdam
860 3021 1019 3106 dissolvit,
1041 3023 1089 3087 ita
1112 3022 1147 3086 in
1170 3021 1313 3106 pectoris
1336 3023 1477 3085 monstra·

348 3129 435 3193 tione
459 3127 742 3194 commemoranda
764 3128 802 3192 de
826 3126 922 3212 digiti
945 3128 987 3192 ad
1008 3151 1124 3194 nasum
1147 3127 1336 3192 admotione
1359 3123 1477 3190 mentio·

347 3256 422 3299 nem
454 3233 588 3318 inicere,
617 3234 673 3298 sed
703 3255 744 3298 ne
772 3233 826 3298 hia
855 3235 984 3319 quidem
1012 3234 1234 3320 quaestionem
1263 3235 1347 3300 solvi
1370 3235 1478 3316 putare,

347 3340 411 3404 nisi
434 3339 519 3406 forte
547 3341 619 3424 quis
643 3341 796 3425 opinatur
820 3340 1000 3425 simplicem
1023 3363 1082 3425 per
1105 3363 1139 3406 se
1162 3339 1329 3425 prolatam
1351 3363 1370 3404 a
1392 3337 1478 3418 Chry·

349 3448 444 3532 sippo
473 3447 729 3513 enuntiationem
757 3447 1044 3514 demonstrationis
1074 3447 1146 3514 loeo
1171 3470 1249 3512 asse.
1296 3445 1380 3524 Quid
1406 3441 1477 3508 enim

349 3553 478 3618 tandem
507 3553 576 3618 ait?
622 3553 752 3618 ‘Altera
779 3556 888 3619 autem
916 3554 1045 3638 syllaba
1072 3553 1120 3616 ita
1147 3551 1297 3637 apposite
1327 3552 1366 3616 ad
1392 3546 1477 3614 menti

350 3665 473 3724 motum
504 3665 682 3745 nutumque
714 3661 749 3724 in
780 3663 894 3744 peetus
925 3661 1088 3744 talemque
1120 3658 1391 3726 monstrationem
1417 3653 1477 3718 sub

350 3767 503 3851 sequitur,
525 3771 562 3831 ut
584 3767 668 3832 nihil
691 3767 880 3832 remotionis
908 3789 945 3831 aa
970 3766 1199 3848 separationis,
1223 3760 1477 3850 quemadmodum

350 3873 383 3938 in
406 3895 484 3939 voce
508 3870 646 3956 ἐκεῖνος,
669 3873 718 3940 sit
737 3871 943 3938 adiunctum’.
990 3870 1072 3938 Cum
1100 3872 1186 3936 enim
1210 3867 1477 3936 animadvertisset

350 4003 462 4046 vocem
490 3977 617 4057 ἐκεῖνος
644 3979 685 4044 ab
718 3978 842 4062 eadem,
873 4001 936 4064 qua
963 3973 1043 4063 ἐγώ,
1070 3979 1198 4064 syllaba
1227 3979 1369 4064 incipere
1394 3982 1475 4056 atqu«¹

350 4089 433 4153 hauc
456 4109 585 4152 neeesse
609 4108 679 4150 esse
698 4085 832 4152 eandem
855 4085 975 4150 habere
999 4085 1280 4170 significationem,
1303 4085 1338 4149 in
1359 4099 1474 4166 sequeu-

349 4196 431 4259 tium
451 4194 653 4278 syllabarum
672 4193 894 4258 diversitatem
918 4193 1117 4276 quaestionis
1141 4189 1337 4257 solutionem
1359 4183 1474 4252 rerum

350 4323 432 4387 quae
465 4302 499 4365 in
531 4300 616 4368 huna
648 4298 780 4365 modum
810 4322 843 4363 se
875 4299 984 4364 habet.
1034 4297 1116 4364 (lum
1148 4297 1285 4364 dixisset
1316 4294 1400 4361 vocis
1420 4283 1473 4372 ἐγώ

351 4408 524 4476 secundam
556 4407 718 4496 syllabam
751 4403 799 4492 γῖι
830 4405 914 4471 nihil
945 4405 1062 4472 remoti
1093 4405 1293 4492 significare,
1319 4401 1350 4468 id
1372 4401 1403 4464 iu
1428 4395 1470 4460 ῐῐι
