3296 5150
634 440 676 448 —
722 403 875 468 369

181 559 263 632 ἀλλα
287 562 535 692 προσέργεσθαί
554 581 635 647 φησι
654 561 691 629 τὸ
712 561 764 630 aa
782 563 908 644 πλέ’,ον
932 562 967 628 έκ
989 565 1057 629 τῶν
1077 563 1326 690 ἐπιφερομένων

180 668 200 757 ἡ
229 669 344 757 γυοίμη
374 671 435 736 τοῦ
462 673 661 752 Χρυσίππου
688 667 955 804 καταφμῖνήσεται
979 666 1079 736 ὅθεν
1108 665 1170 736 οὐκ
1197 666 1326 757 ἀλόγως

179 789 436 863 γυναικομανεῖς
462 801 549 854 τινες
576 776 728 862 λεγονται
752 777 806 842 καὶ
835 773 1093 863 ὀρνιθομανεῖς]
1139 779 1174 843 εί
1196 775 1260 864 γὰρ
1284 781 1325 865 δὴ

179 883 223 971 μὴ
247 883 356 970 μάτην
380 883 556 968 ἐγκείσεται
584 880 621 950 τὸ
650 887 707 968 τῆς
729 888 849 969 μανίας
877 881 983 969 ὄνομα
1007 886 1051 974 τῶ
1074 887 1135 950 τοῦ
1158 881 1326 972 ἀρρωστή-

179 1017 281 1078 ματος
298 988 558 1078 προσαρτήματι,
581 995 684 1076 μανία
703 989 739 1056 δὲ
759 988 823 1058 ὑπὸ
843 993 900 1076 τῆς
923 987 1048 1076 ἀλόγου
1070 989 1152 1057 κατὰ
1175 988 1212 1058 τὸ
1232 995 1354 1079 σῶμαν

180 1103 305 1184 γίνεται
330 1095 520 1184 δυνάμεως,
551 1093 652 1164 οὐδέν
675 1089 772 1183 ἧπται
795 1097 832 1165 τὸ
862 1094 1061 1185 ἀρρῶστημα
1084 1100 1151 1164 τῶν
1173 1100 1327 1183 λογικῶν.

180 1202 263 1272 ἀλλὰ
287 1203 330 1291 νὴ
355 1210 422 1272 Διά
446 1211 525 1282 ἴσως
549 1200 592 1270 ἀν
613 1231 663 1283 τις
686 1203 800 1290 φήσειε
830 1203 836 1291 Ι
864 1203 901 1271 τὸ
930 1207 1095 1290 μανιῶδες
1118 1200 1159 1273 οὐ
1186 1202 1243 1271 διά
1265 1203 1392 1292 alprat?

181 1309 307 1398 ἄλογον
330 1317 485 1396 γίνεσθαι
510 1309 671 1398 δύναμιν,
698 1307 781 1379 ἀλλά
811 1308 867 1378 διὰ
895 1310 931 1379 τὸ
961 1311 1012 1379 ἐπὶ
1036 1311 1138 1378 πλέον
1161 1306 1180 1398 ἢ
1205 1316 1328 1400 προσῆ-

182 1445 239 1486 κεν
263 1419 399 1504 ἐξῆχθαι
423 1417 485 1504 τήν
513 1445 546 1486 τε
571 1423 682 1504 κρίσιν
711 1416 852 1506 καὶμὴν
875 1417 994 1500 δόξαν,
1024 1414 1069 1497 ῶς
1092 1422 1123 1485 εί
1144 1419 1198 1486 καὶ
1223 1417 1329 1499 οὕτως

183 1531 310 1610 ἔλεγεν,
337 1522 577 1612 ἀρρωστήματα
605 1529 760 1610 γίνεσθαι
788 1523 870 1592 κατὰ
898 1524 959 1610 τὴν
991 1522 1102 1612 ψυχὴν
1130 1520 1191 1612 οὐχ
1218 1522 1329 1606 ἁπλῶς
1344 1547 1369 1587 10

181 1635 226 1721 τῷ
260 1634 390 1710 ψευδῶς
422 1629 639 1720 ὑπειληφέναι
671 1637 749 1719 περί
777 1658 880 1700 τινων
912 1627 957 1710 ῶς
988 1627 1129 1717 ἀγαθῶν
1157 1627 1177 1720 ἢ
1205 1637 1328 1718 κακῶν,
1365 1719 1369 1728 Ι

182 1734 266 1806 ἀλλά
290 1741 334 1830 τῷ
359 1740 494 1826 μέγιστα
518 1745 664 1826 νομίζειν
683 1735 778 1808 αδτά·
802 1739 937 1826 μηδέπω
961 1736 1025 1824 γάρ
1044 1735 1243 1826 ἀρρώστημα
1267 1738 1329 1826 τὴν

182 1845 255 1932 περὶ
283 1848 352 1914 τῶν
378 1845 556 1934 χρημάτων
584 1843 670 1914 εἶναι
699 1843 802 1926 δόξαν
829 1841 874 1924 ῶς
901 1841 1054 1931 ἀγαθῶν,
1082 1841 1164 1914 ἀλλά
1193 1847 1328 1914 έπειδάν

181 1979 230 2032 τις
253 1949 337 2020 αὐτὰ
360 1955 518 2039 μέγιστον
541 1949 674 2040 ἀγαθὸν
702 1949 789 2020 εἶναι
817 1957 934 2040 νομίζῃ
962 1952 1016 2020 καὶ
1040 1952 1124 2039 μηδὲ
1153 1955 1211 2038 ζῆν
1233 1950 1329 2034 ἀξιον

181 2054 402 2148 ὑπολαμβάνη
429 2063 475 2151 τῶ
503 2061 696 2148 στερηθέντι
724 2057 920 2146 ’χρημάτωνΙ
949 2059 985 2126 έν
1011 2058 1117 2149 τούτῳ
1145 2057 1209 2144 γὰρ
1238 2067 1329 2128 συνί-
1344 2082 1369 2122 ιι

183 2173 326 2234 στασθαι
354 2163 416 2251 τήν
443 2192 477 2234 τε
504 2171 769 2254 φιλοχρηματίαν
796 2166 850 2232 καὶ
878 2165 940 2252 τὴν
967 2172 1193 2252 φιλαργυρίαν
1224 2163 1329 2254 ἀρρω-

218 2375 286 2450 4έγ
288 2381 410 2450 γείσεται
429 2379 516 2434 Μ.-
539 2369 658 2448 θηττον
676 2380 756 2436 codd.
775 2371 874 2434 edd.
860 2400 945 2448 ηπται
968 2397 1083 2436 noa-
1110 2389 1140 2435 ll
1166 2383 1233 2450 περί
1248 2401 1329 2467 τιμον

183 2452 333 2578 {wolff
346 2446 452 2566 troadi]
472 2445 527 2506 δᾶν
545 2471 586 2514 τις
605 2451 695 2506 M.-
722 2458 754 2506 14
772 2455 879 2522 νομίζει
898 2451 1055 2506 ABCh.—
1083 2459 1115 2506 l)
1134 2447 1328 2526 ὑπολαμβανει

184 2649 189 2654 v
207 2647 394 2654 ------..—.—--

183 2711 291 2772 ortum
315 2707 501 2788 collocasse,
525 2703 580 2770 sed
600 2705 750 2770 accedere
773 2705 854 2772 illud
878 2705 975 2790 ‘plus'
998 2706 1128 2790 dixisse,
1151 2706 1327 2796 Chrysippi

184 2814 346 2880 sententia
376 2836 413 2878 ex
441 2811 494 2876 hia
521 2813 729 2897 sequentibus
762 2813 880 2878 clarius
913 2815 1053 2899 patebit:
1104 2815 1227 2880 ‘Unde
1255 2841 1329 2884 non

184 2922 266 2988 siue
294 2921 449 2986 ratione
473 2919 629 3005 quidam
657 2921 859 2986 mulierum
883 2921 945 2986 rel
969 2923 1098 2988 avium
1122 2923 1249 2990 studio
1273 2926 1329 2990 in·

184 3029 269 3094 sani
297 3027 498 3094 dicuntur?
550 3025 584 3092 Si
616 3027 701 3092 enim
730 3027 876 3092 insaniae
902 3051 1022 3094 nomeu
1044 3051 1110 3094 non
1141 3029 1264 3094 frustra
1290 3033 1330 3116 ei,
1406 3109 1410 3115 Ι

183 3137 268 3221 quod
292 3134 510 3222 aegrotationi
534 3139 583 3200 est
611 3135 782 3218 adnexum,
808 3134 948 3199 inditum
976 3141 1039 3218 est,
1065 3136 1194 3202 insania
1221 3141 1329 3202 autem

184 3245 225 3308 ab
245 3243 428 3310 irrationali
448 3243 634 3328 incorpore
654 3243 810 3307 facultate
834 3242 971 3326 exsistit,
995 3243 1177 3325 aegrotatio
1197 3245 1330 3310 minime

185 3351 319 3435 attingit
348 3373 398 3434 ea,
428 3373 510 3434 quae
540 3350 715 3416 rationalia
748 3353 831 3414 sunt
882 3349 927 3414 At
959 3371 1016 3434 per
1047 3349 1163 3414 lovem
1191 3351 1332 3416 forsitan

185 3455 303 3520 dixerit
334 3456 495 3540 quispiam
525 3478 589 3522 non
619 3479 657 3520 ex
685 3456 869 3522 irrationali
895 3455 1053 3520 facultate
1082 3455 1225 3522 furorem
1252 3459 1332 3541 fieri,

186 3561 241 3624 sed
269 3585 308 3626 ex
336 3585 387 3646 eo,
415 3563 500 3646 quod
530 3563 619 3646 ultra
650 3585 748 3647 quam
772 3565 884 3628 deceat
920 3565 953 3626 et
981 3561 1136 3627 iudicium
1160 3567 1193 3627 et
1220 3565 1331 3649 opinio

186 3667 351 3752 efferatur,
378 3670 471 3752 quasi
494 3671 541 3734 ita
564 3669 664 3754 dieat,
691 3671 933 3755 aegrotationes
961 3669 996 3734 in
1024 3670 1132 3736 animo
1156 3671 1239 3754 fieri,
1267 3695 1332 3738 uon

185 3797 258 3838 cum
291 3775 439 3840 absolute
467 3775 576 3860 aliqua
605 3777 644 3841 de
677 3800 711 3842 re
745 3783 912 3862 tamquam
940 3777 1025 3840 bona
1052 3777 1103 3841 vel
1132 3777 1220 3842 mala
1246 3777 1330 3843 falso

185 3883 368 3966 opinemur,
397 3881 547 3948 aeduum
577 3907 738 3950 summum
762 3886 813 3949 vel
841 3885 961 3950 bouum
990 3883 1041 3948 vel
1064 3883 1185 3948 malum
1210 3885 1331 3970 aliquid

185 4011 254 4054 esse
275 3989 504 4073 existimemus
527 3991 703 4076 siquidem
723 3991 832 4076 opinio
851 3991 890 4056 de
909 3991 1031 4054 divitiis
1050 3995 1217 4075 tamquam
1237 3991 1331 4055 bonis

185 4097 328 4164 noudum
348 4098 531 4182 aegrotatio
551 4098 607 4181 sit,
626 4099 681 4164 sed
702 4098 755 4162 ubi
776 4099 848 4182 quis
868 4121 922 4162 eas
942 4119 1103 4162 summum
1122 4097 1242 4162 bonum
1262 4119 1331 4162 esse

186 4205 362 4271 arbitretur
381 4208 477 4289 atque
500 4205 540 4270 iis
564 4205 592 4268 si
615 4205 769 4290 privetur,
792 4228 858 4271 uon
877 4205 1017 4288 amplius
1036 4205 1138 4268 vitam
1157 4226 1227 4268 esse
1251 4205 1331 4270 vita·

185 4313 250 4377 lem
279 4312 341 4378 sibi
371 4315 476 4398 putet,
506 4311 541 4378 iu
568 4312 630 4378 hoo
662 4312 746 4376 enim
775 4313 947 4377 avaritiam
975 4315 1008 4376 et
1035 4311 1162 4395 argenti
1191 4311 1331 4376 studium

186 4419 283 4502 cerni,
306 4441 389 4504 quae
412 4419 479 4484 sint
501 4419 751 4506 aegrotationes.
789 4417 851 4484 Sed
874 4421 921 4483 ita
940 4418 1058 4484 dicenti
1083 4417 1224 4483 occurrit
1242 4418 1331 4485 Posi·

240 4534 320 4576 (lalenl
333 4535 361 4574 de
375 4535 436 4574 Plae-
449 4534 507 4574 Plau
522 4537 544 4574 et
558 4534 668 4583 Hippoer.
682 4532 743 4572 libr'a
1085 4527 1120 4576 24
