3228 5148
618 426 856 490 -157-

250 583 497 663 Καταλιπόντες
533 576 597 652 οὖν
637 582 700 670 ἤδη
742 581 803 650 τόν
840 581 1065 671 Πραξαγόραν
1105 579 1310 671 ἀναίσχυντα

159 691 385 780 σοφιζόμενον
411 681 513 770 αὖθις
540 691 593 758 ἐπὶ
619 688 680 758 τὸν
704 686 933 776 Ἀριστοτέλην
959 692 1168 777 μεταβῶμεν,
1197 692 1309 779 ἐπειδὴ

158 800 214 866 καί
240 796 341 877 αὐτὸς
364 800 399 868 ἐκ
421 802 480 886 τῆς
501 801 641 885 καρδίας
658 796 811 883 φύεσθαί
830 816 913 882 φησι
936 796 976 863 τδι
999 799 1111 884 νεῦρα.
1152 818 1310 886 συγκεχυ-

158 906 270 993 μένως
297 905 334 972 δὲ
361 913 488 993 είρηται
515 904 570 972 καὶ
602 900 801 992 ἀδιορίστως
830 904 882 982 δὶς
908 900 992 992 πρὸς
1019 900 1124 970 αύτού
1150 905 1225 992 περὶ
1252 909 1311 991 τῆς

159 1017 229 1081 τεόν
262 1011 394 1100 νεύρων
427 1009 537 1100 ἀρχῆς.
587 1011 687 1098 ἐχρῆν
723 1009 802 1098 γάρ,
835 1007 944 1096 οἶμαι,
975 1020 1037 1077 τὸν
1074 1007 1138 1078 ἀπό
1171 1015 1343 1097 καρδίαςῠ

159 1117 246 1188 αύτά
275 1119 423 1206 φύεσθαι
450 1117 623 1205 φάσκοντα
650 1118 770 1201 δεῖξαι,
799 1119 868 1195 πῶς
895 1121 943 1195 εἰς
968 1117 1109 1185 ἕκαστον
1135 1120 1196 1185 τοῦ
1226 1118 1311 1209 ζῴον

157 1225 283 1314 μόριον
311 1223 375 1294 ἀπὸ
404 1222 506 1311 αὐτῆς
534 1229 660 1312 ἔρχεται
690 1222 727 1291 τὸ
761 1226 901 1310 νεῦρον,
934 1221 1043 1311 ὥσπερ
1071 1221 1166 1311 ἡμεῖς
1194 1221 1311 1310 ὀλίγον

159 1337 354 1420 ἔμπροσθεν
376 1332 588 1417 ἐπεδείξαμεν
610 1328 672 1417 τὴν
694 1327 868 1418 ἀρτηρίαν,
892 1326 934 1396 ού
955 1329 993 1397 τὸ
1022 1327 1133 1410 ἁπλοῖς
1155 1357 1191 1417 γε
1209 1335 1308 1399 τοῦτο

159 1443 267 1506 εἰπεῖν
288 1437 397 1527 μόνον
420 1435 581 1523 αύταρκες
597 1434 789 1521 ὑπολαβεῖν.
826 1435 921 1521 ὅθεν,
945 1433 962 1504 ὃ
987 1437 1025 1504 ἐν
1046 1441 1091 1528 τῷ
1113 1444 1212 1529 τρίτῳ
1235 1439 1308 1524 περὶ

161 1545 257 1638 ζῴων
293 1550 422 1633 μορίων
458 1548 618 1632 ἔγραψεν,
655 1540 811 1629 οὐδαμῶς
844 1535 887 1630 ἦν
919 1543 1046 1628 πρέπον
1080 1539 1350 1632 moratorem-10·

160 1650 370 1740 παραγράψω
395 1650 431 1718 δὲ
458 1649 521 1736 τὴν
548 1651 647 1737 ῥῆσιν
674 1646 793 1736 αύτύν·
823 1651 904 1736 ’ἔχει
935 1649 972 1716 δὲ
999 1650 1054 1717 καὶ
1077 1650 1210 1737 νεύρων
1231 1655 1311 1738 πλῆ-

160 1769 228 1838 θος
249 1755 270 1846 ἡ
294 1763 426 1846 καρδία,
448 1758 503 1825 καὶ
526 1761 624 1825 τοῦτο
644 1753 802 1842 εὐλόγως·
825 1752 890 1824 ἀπὸ
911 1756 916 1845 Ι
935 1755 1058 1843 ταύτης
1079 1756 1143 1845 γάρ
1162 1761 1201 1824 αἱ
1220 1758 1311 1844 κινή-
1321 1773 1376 1828 201

161 1885 248 1950 σεις,
279 1871 494 1952 περαίνονται
518 1864 556 1931 δὲ
580 1862 635 1932 διὰ
658 1867 719 1931 τού
737 1859 773 1929 o’
799 1864 907 1930 ἕλκειν
929 1864 985 1932 καὶ
1007 1860 1150 1932 ἀνιέναι·
1174 1868 1228 1932 δεῖ
1248 1857 1312 1932 οὖν

201 2105 217 2152 2
235 2091 402 2168 Ἀριστοτέλη
421 2096 442 2150 O
461 2099 527 2152 cett.
549 2090 743 2164 Ἀριστοτέλην
761 2111 820 2150 nos.
840 2126 873 2136 -
898 2103 913 2148 3
933 2091 1062 2164 φύεσθαι
1081 2097 1149 2166 φησί
1169 2097 1190 2151 C
1209 2119 1238 2168 φ.
1259 2119 1310 2166 φη-

163 2169 208 2224 σὶν
231 2169 289 2224 cri.
314 2165 445 2238 φύεσθαί
467 2186 554 2240 φησιν
578 2167 617 2222 Ch
641 2187 672 2235 φ.
696 2185 766 2236 φησι
789 2183 847 2222 nor.
868 2197 899 2206 -
925 2175 941 2220 8
965 2165 1128 2238 ἔμπροσθεν
1151 2167 1184 2222 C'
1208 2170 1311 2224 adiecit

164 2239 210 2308 (cf.
230 2239 314 2295 Proll.
360 2243 438 2310 ‚43).
458 2271 491 2280 —
516 2235 568 2308 τὴν
591 2239 657 2292 ante
681 2231 817 2306 ἀρτηρίαν
836 2237 1017 2305 inseruimus3
1040 2239 1074 2296 cf.
1094 2239 1179 2296 Proll.
1202 2259 1230 2310 p.
1252 2247 1310 2295 106.

164 2343 197 2350 -
218 2305 255 2374 ὦς
273 2307 305 2366 τό
364 2307 398 2366 ού
421 2307 453 2365 τὸ
474 2310 531 2365 Oai.
556 2309 601 2374 (cf.
620 2307 704 2363 Proll.
724 2327 751 2378 p.
771 2311 823 2376 44).
845 2339 876 2347 -
902 2315 917 2364 9
942 2303 1014 2362 ὅθεν
1038 2305 1070 2363 ἐν
1090 2309 1110 2362 C
1128 2303 1214 2380 ὅθεν,
1238 2304 1254 2365 ὃ
1280 2307 1311 2365 ἐν

164 2381 223 2438 Oai.
247 2382 292 2452 (cf.
316 2382 400 2437 Proll.
419 2401 447 2454 p.
471 2385 516 2451 44)
540 2379 588 2436 Oh.
609 2411 642 2420 -
670 2379 735 2448 περὶ
759 2379 815 2432 τῶν
838 2375 870 2434 ἐν
892 2386 951 2442 τοῖς
976 2375 1056 2446 cotors
1080 2379 1205 2450 ἔγραψεν
1224 2385 1254 2438 et
1282 2383 1310 2435 in

164 2469 253 2540 marg.
271 2454 333 2509 aad.
346 2471 420 2510 man.
436 2453 584 2524 scriptum:
613 2445 647 2504 ού
666 2450 731 2518 περὶ
750 2443 828 2516 ξύων
846 2445 971 2519 ίστορίας
984 2445 1052 2506 aridi
1072 2453 1135 2520 περὶ
1155 2447 1312 2522 γεννήσεως

163 2519 233 2578 ἀλλα
254 2525 318 2593 περὶ
338 2521 416 2592 ξύων
435 2525 539 2594 μορίων
558 2522 578 2576 C
597 2522 661 2591 περὶ
680 2543 703 2576 τ.
723 2516 756 2575 ίν
773 2542 797 2576 τ.
817 2523 837 2588 ζ.
857 2523 962 2590 μορίων
986 2517 1043 2592 ἔγρ,
1063 2521 1120 2577 Cai.
1140 2521 1180 2576 Ch
1200 2523 1224 2577 K
1247 2527 1311 2592 περὶ

165 2591 243 2669 ζῴων
262 2598 366 2666 μορίων
385 2613 448 2660 nos;
468 2595 502 2650 of.
521 2593 605 2650 Proll.
625 2611 671 2663 pp.
687 2599 729 2647 44.
747 2599 804 2646 114.
825 2624 856 2631 —
877 2592 991 2648 Aristot.
1010 2611 1037 2662 p.
1054 2597 1131 2660 666⁵,
1148 2603 1180 2648 15
1200 2595 1252 2663 (ed.
1269 2595 1311 2654 Β.)

165 2698 198 2706 -
221 2675 253 2721 12
267 2667 351 2721 τοότο
366 2665 386 2721 C
401 2669 466 2721 cett.
482 2660 559 2720 τοῦτ’
580 2665 625 2719 Ar.
641 2664 684 2718 ed.
699 2665 729 2718 B.
746 2694 778 2703 -
804 2669 836 2717 13
856 2665 1038 2731 περαίνονται
1057 2666 1105 2720 καί
1119 2661 1168 2719 dmi
1188 2666 1247 2734 (red
1262 2667 1308 2720 καί

165 2741 314 2828 exponet)
334 2737 354 2793 C
372 2758 433 2822 περ.
453 2735 485 2792 ot
505 2739 530 2791 δ.
550 2735 607 2790 Cui.
628 2735 667 2788 Ch
686 2735 711 2788 Κ
730 2735 845 2789 Aristot.
866 2731 913 2788 διὰ
934 2735 984 2789 τοῦ
1012 2734 1104 2791 ἕλκειν
1122 2737 1238 2791 Aristot.
1261 2734 1310 2791 διὰ
1423 2775 1426 2780 -

164 2813 257 2864 roo&
289 2807 593 2864 scemenu—

254 3047 384 3112 Ornisso
419 3045 522 3131 igitur
557 3042 623 3107 iam
658 3041 863 3128 Praxagora,
895 3044 950 3129 qui
985 3043 1070 3109 falsa
1106 3043 1311 3129 impudenter

165 3157 368 3220 commentus
391 3152 455 3234 est,
478 3172 590 3215 rursus
615 3150 656 3214 ad
679 3150 891 3216 Aristotelem
914 3154 1134 3234 transeamus,
1162 3151 1217 3236 qui
1241 3153 1312 3236 ipso

165 3283 294 3345 quoque
312 3281 330 3324 e
345 3259 440 3324 eorde
458 3279 574 3324 nervos
590 3257 669 3322 oriri
693 3258 748 3322 ait.
789 3255 931 3322 Confusa
946 3262 1056 3323 eutem
1070 3261 1103 3322 et
1125 3257 1312 3322 indistinete

165 3366 204 3430 de
232 3387 405 3430 nervorum
433 3365 559 3451 origine
596 3363 784 3448 disputavit.
840 3363 1022 3449 Oportebat
1053 3364 1156 3447 enim,
1187 3365 1312 3448 opinor,

166 3495 251 3557 eum,
273 3472 328 3557 qui
352 3494 369 3535 e
393 3471 487 3537 corde
507 3493 562 3536 eos
584 3471 676 3536 nasei
699 3471 791 3554 dixit,
814 3492 878 3556 quo
897 3475 993 3556 paeto
1017 3471 1052 3535 in
1075 3471 1222 3556 singulas
1246 3471 1312 3535 oui-

153 3569 263 3643 'malis
287 3582 398 3663 partes
422 3579 544 3664 singuli
567 3600 584 3641 e
608 3577 702 3644 eorde
723 3577 816 3642 nervi
839 3579 995 3662 venirent,
1018 3578 1254 3661 demonstrare,
1276 3581 1314 3640 ut

164 3709 226 3751 nos
253 3685 293 3750 de
317 3685 446 3750 arteriis
473 3685 571 3769 paulo
595 3687 669 3748 ante
697 3683 1005 3769 demonstravimus,
1026 3671 1093 3750 non
1120 3683 1314 3769 simpliciter

166 3815 234 3858 rem
277 3791 505 3878 pronuntiasse
549 3791 630 3856 satis
668 3793 796 3855 tentum
837 3791 1031 3856 existimare.
1099 3791 1313 3876 Quapropter,

166 3900 252 3984 quod
293 3900 329 3964 in
372 3899 469 3964 tertio
506 3899 545 3963 de
581 3897 731 3983 partibus
774 3898 963 3964 animalium
1006 3899 1151 3983 scripsit,
1195 3921 1314 3982 nequa-

165 4029 265 4091 quam
284 4005 498 4071 Aristotelem
520 4006 664 4072 decebat.
700 4005 811 4070 Verba
831 4005 906 4090 ipsa
928 4006 1125 4071 adscribam:
1172 4003 1313 4068 ‘Habet

167 4111 304 4177 etiam'
341 4113 447 4197 inquit
481 4112 700 4178 ‘nervorum
737 4113 887 4198 copiam
929 4135 994 4178 eor
1030 4113 1150 4197 idque·
1177 4131 1313 4175 eonve-

167 4220 325 4284 nienter
346 4220 509 4304 rationi,
533 4219 622 4284 hino
646 4219 744 4284 enim
772 4220 953 4286 oriuntur·
974 4221 1114 4302 motus,
1143 4217 1208 4302 qui
1236 4220 1313 4280 tra-

167 4327 294 4392 hendo
318 4330 355 4390 et
377 4326 613 4390 remitte-ndo
642 4327 921 4412 perficiuntur,
945 4324 1165 4390 huiusmodi
1188 4323 1313 4409 igitur

168 4434 391 4499 ministerio
430 4439 468 4498 et
508 4435 648 4498 robore
684 4456 778 4518 opus
816 4432 894 4498 est?
926 4469 970 4478 -—
1007 4431 1202 4496 Huiusmodi
1236 4453 1312 4496 sane
