3444 5140
552 1260 771 1338 BIBAION
797 1258 1052 1337 ENNATON.

310 1594 443 1683 Ἐπειδὴ
467 1593 541 1681 περὶ
569 1593 705 1662 πάντων
732 1585 780 1661 ὧν
812 1589 994 1680 ἀμφότεροι
1026 1592 1182 1678 λέγουσιν
1216 1587 1234 1659 ὁ
1262 1588 1439 1658 ‘Iuno-720

226 1701 349 1794 κρότης
371 1703 427 1771 καὶ
450 1699 468 1770 ὁ
493 1700 653 1786 Πλάτων,
681 1701 922 1782 ἐπισκέψασθαι
945 1696 1138 1786 προύκειτο,
1165 1699 1312 1766 λέλεκται
1336 1698 1372 1765 δὲ

228 1810 293 1899 ἤδη
316 1809 391 1898 περὶ
413 1813 482 1877 τῶν
503 1814 662 1895 μεγίστην
685 1806 831 1893 δύναμιν
851 1804 997 1893 ἐχόντων
1017 1809 1063 1884 είς
1086 1803 1238 1892 ἰατρικήν
1260 1830 1295 1872 τε
1317 1805 1373 1871 καὶ

228 1921 449 2003 φιλοσοφίαν,
472 1912 588 2000 καιρὸς
611 1909 654 1980 ἂν
677 1923 727 2000 εἴη
750 1914 936 2004 τραπέσθαι
959 1909 1043 2001 πρὸς
1063 1903 1176 1980 τᾶλλα.
1220 1916 1373 1997 φαίνεται

226 2023 262 2092 δὲ
286 2024 324 2090 έν
346 2018 462 2101 αύτοϊς
484 2017 526 2089 ού
549 2019 692 2108 σμικρὰν
716 2018 863 2107 δύναμιν
878 2024 956 2107 ἔχον
970 2019 1169 2087 ἐπίστασθαι
1189 2021 1400 2104 διακρίνεινο

226 2127 290 2199 ἀπὸ
330 2126 483 2216 ίιλλήλων
515 2125 555 2194 ric
586 2125 774 2214 rinocorura.
820 2123 862 2193 ού
889 2125 997 2214 μόνον
1032 2125 1115 2212 γάρ,
1143 2124 1229 2194 ὅπου
1253 2151 1373 2214 ,κοινω-

227 2239 363 2320 νούσιν,
388 2237 585 2303 ἐπίστασθαι
608 2233 787 2322 χρήσιμον,
811 2228 971 2300 ἀλλὰκαὶ
1000 2242 1005 2319 Ι
1033 2235 1144 2324 πολλῷ
1167 2235 1306 2319 μᾶλλον,
1334 2233 1372 2300 ἐν
1383 2251 1437 2308 721

229 2340 279 2424 οἷς
309 2343 534 2430 διαφέρονται.
583 2339 645 2427 τὴν
672 2336 780 2427 ίιρχήν
807 2331 869 2407 οὖν
902 2335 965 2407 ἀπὸ
993 2338 1122 2407 τούτων
1149 2338 1371 2425 ποιησόμεθα,

226 2449 431 2533 δεικνύντες,
455 2446 506 2516 ότι
528 2473 562 2515 τε
581 2446 733 2515 καθόλου
755 2447 829 2535 περὶ
853 2441 1134 2525 antecessurus
1157 2443 1371 2533 ἀπεφήναντο

227 2556 283 2626 διό
319 2582 353 2623 τε
384 2559 453 2624 τῶν
488 2556 525 2621 έν
562 2558 663 2621 είδεσι
695 2550 973 2641 παραδειγμάτων
1005 2548 1108 2639 ὁμὲν
1138 2555 1195 2638 τῆς
1225 2555 1372 2640 ἰατρικῆς
1387 2576 1412 2614 ιο

227 2666 359 2751 τέχνης,
392 2658 409 2730 ὁ
435 2659 472 2730 δὲ
499 2663 557 2749 τῆς
583 2666 786 2748 φιλοσοφίας
813 2658 1006 2746 ἐγύμνασαν
1034 2654 1134 2746 ἡμᾶς,
1162 2657 1217 2726 καὶ
1248 2664 1372 2747 τρίτον,

264 2859 449 2914 ΓΑΛΗΝΟΤ
465 2859 558 2911 ΠΕΡΙ
578 2858 659 2910 ΤΩΝ
675 2856 954 2910 ΙΠΠΟΚΡΑΤΟΤΣ
970 2859 1037 2910 ΚΑΙ
1050 2857 1266 2911 ΠΛΑΤΩΝΟΣ
1282 2858 1373 2910 ΛΟΓ-

227 2932 368 2986 ΜΑΤΩΝ
386 2951 410 2983 :2
429 2923 501 2998 όρχὴ
520 2927 570 2982 τοῦ
590 2921 711 2982 έννύτοο
730 2921 823 2994 λόγον.
842 2927 879 2980 M.
900 2955 932 2965 -

262 3008 278 3056 3
298 3000 326 3056 εί
342 3017 393 3072 pro
413 2997 453 3062 είς
471 2999 508 3055 M.
532 3029 568 3042 -
592 3005 607 3053 7
626 2997 676 3052 καλ
695 3015 747 3052 om.
767 2995 904 3053 ABchK.
929 3027 965 3037 -
988 3002 1003 3051 9
1023 2993 1170 3052 δεικνύναι
1194 2992 1249 3065 γὰρ
1272 2989 1315 3054 ὅτι
1340 2993 1372 3051 τό

227 3068 355 3128 καθόλου
373 3071 411 3126 M.
430 3101 466 3112 -

228 3211 440 3222 -ι-ι-ι--υ-

684 3249 783 3316 Liber
804 3273 917 3317 nonus.

318 3359 479 3437 Quoniam
502 3361 540 3424 de
564 3359 726 3442 omnibus,
748 3380 830 3443 quoe
852 3361 988 3444 uterque
1011 3359 1132 3444 dicuni,
1154 3359 1373 3444 Hippocrates

230 3469 364 3554 inquam
387 3471 420 3532 ei
442 3467 552 3551 Plato,
576 3465 744 3551 anquirere
771 3465 1003 3550 proposuimus
1025 3467 1212 3552 dictumque
1235 3467 1301 3531 ism
1325 3470 1375 3532 est

230 3575 269 3640 de
291 3574 342 3659 iis,
365 3595 447 3659 quac
470 3573 646 3638 maximam
669 3577 739 3638 ium
763 3573 798 3637 in
821 3572 990 3657 medicina,
1012 3577 1083 3640 tum
1106 3573 1142 3638 in
1164 3573 1376 3659 philosophie

228 3680 295 3746 rim
326 3679 463 3765 habent,
495 3684 623 3766 bempus
657 3684 720 3765 est,
752 3683 788 3743 ui
818 3680 858 3744 ad
890 3679 1017 3764 reliquo
1045 3703 1105 3745 nos
1139 3685 1374 3747 convertamus.

228 3787 266 3853 In
298 3787 415 3873 quibus
447 3809 514 3854 non
547 3809 684 3873 parvum
717 3791 917 3852 momentum
944 3786 977 3850 id
1007 3786 1128 3852 habere
1161 3791 1306 3872 constat,
1337 3791 1375 3852 ui

229 3893 398 3960 simillima
420 3916 565 3980 quaeque
588 3895 674 3959 inter
697 3917 731 3958 se
754 3894 953 3980 discinguere
977 3895 1127 3960 sciamus
1167 3894 1245 3960 Non
1268 3895 1374 3961 solum

230 4001 326 4086 enim,
348 4001 405 4066 ubi
430 4001 635 4086 conveniens,
659 4023 853 4088 cognoscere
876 4002 957 4066 utile
982 4006 1045 4087 esi,
1068 4002 1124 4067 sed
1148 4001 1251 4067 multo
1275 4002 1373 4066 eiiam

230 4107 346 4193 magis,
371 4108 428 4174 ubi
451 4107 654 4174 dissentiunt.
699 4108 900 4193 Principium
923 4109 1026 4194 igitur
1048 4109 1122 4174 inde
1145 4108 1316 4193 faciemus,
1338 4113 1375 4173 ui

229 4218 447 4280 monstremus
470 4214 531 4281 hos
554 4217 695 4300 primum
718 4217 753 4282 in
781 4216 968 4280 universnm
992 4216 1031 4280 de
1053 4217 1095 4280 iis
1119 4217 1215 4280 rebus
1239 4215 1373 4280 eundem

229 4320 426 4386 senientiam
456 4323 732 4408 pronuntiavisse‚
767 4323 880 4388 deinde
916 4345 978 4408 per
1014 4323 1161 4408 exempla
1193 4322 1378 4409 singularia·

230 4427 408 4494 medicinae
426 4427 574 4513 uterum,
593 4430 730 4495 alierum
748 4429 977 4515 philosophiae
995 4452 1055 4496 nos
1074 4428 1264 4514 exercuisse,
1286 4430 1373 4494 deni·
