3298 5136
636 416 879 481 -193-

183 571 319 640 ἐπειδάν
346 567 549 658 ἀκούσωσιν,
573 569 617 651 ὡς
640 577 679 640 αί
702 571 1004 661 κατὰπροαίρεσιν
1032 572 1155 642 ἅπασαι
1183 571 1329 663 κινήσεις

182 677 247 746 ὑπὸ
271 681 368 766 μυῶν
392 679 632 765 ἐπιτελοῦνται,
656 677 870 767 θαυμάζουσί
893 705 928 748 τε
956 681 1009 748 καί
1038 681 1328 769 παρμδοξολόγους

182 782 268 872 η’μάς
290 781 507 870 ἀποκαλοῦσι,
529 790 637 853 καίτοι
656 811 693 871 γε
711 782 815 872 ἡμεῖς,
838 784 921 874 άπερ
940 787 1209 876 ἐπαγγελλόμεθα
1228 788 1327 880 λόγῳ,

179 894 284 959 ταῦτα
307 893 345 958 ἐν
371 905 443 969 ταῖς
466 891 517 958 ἐπί
540 895 608 960 τῶν
636 890 729 982 ζῴων
752 889 934 980 ἀνατομαῖς
957 893 1202 981 ἐπιδείκνυμεν,
1231 898 1267 963 οί
1291 894 1328 962 δὲ

182 994 283 1064 οῦδὲν
310 995 391 1065 ἄλλο
422 1002 534 1084 ἔχουσι
562 998 670 1084 λέγειν
698 993 718 1085 ἢ
752 999 837 1067 διότι
865 1006 1008 1086 πλησίον
1038 1001 1129 1069 ἐστίν
1155 999 1175 1088 ἡ
1208 1001 1355 1088 καρδίαῡ

181 1106 239 1190 τῆς
265 1102 453 1190 φάρυγγος,
486 1101 543 1171 διά
570 1108 669 1172 τοῦτο
699 1105 750 1186 dt*
768 1106 895 1192 ἐκείνης
921 1105 1083 1195 ἄρχεσθαι
1110 1105 1173 1194 τὴν
1200 1107 1329 1195 φωνήν.

182 1213 356 1297 αίροῦνται
384 1207 464 1296 γάρ,
493 1208 600 1298 οἶμαι,
626 1209 689 1298 τὴν
717 1210 888 1299 σύντομόν
913 1239 948 1282 τε
975 1215 1029 1282 καί
1060 1221 1154 1283 λείαν
1181 1212 1265 1283 όδδν
1293 1217 1330 1283 ἐν

181 1331 251 1396 τοῖς
274 1317 387 1402 λόγοις
409 1312 483 1383 άντί
511 1320 569 1402 τῆς
591 1324 743 1405 τραχείας
765 1344 800 1386 τε
822 1319 877 1386 καί
900 1324 1042 1408 μακρᾶς,
1069 1317 1134 1388 κᾶν
1161 1319 1244 1408 αῦτη
1268 1320 1330 1409 μὲν

181 1420 291 1511 άπάγη
315 1421 399 1511 πρὸς
419 1421 456 1490 τὸ
481 1421 694 1511 ζητούμενον,
717 1422 737 1511 ἡ
757 1424 794 1492 δὲ
813 1431 885 1492 λειά
902 1453 937 1494 τε
955 1427 1010 1494 καί
1033 1432 1171 1516 βραχεῖα
1190 1427 1327 1518 σφάλληλ
1340 1442 1396 1498 284

182 1526 360 1615 τάληθοῦς.
410 1525 489 1596 οῦδὲ
517 1535 608 1598 ἔστιν
638 1529 729 1610 ὅστις
757 1533 833 1619 ἐμοί
857 1529 938 1600 ποθ’
973 1530 1126 1620 ὑπέμεινε
1160 1532 1328 1602 δεικνύντι
1345 1555 1370 1592 10

182 1635 261 1715 τοῦς
283 1639 347 1722 μῦς
370 1633 532 1720 ἅπαντας,
555 1633 615 1722 ὑφ’
640 1629 690 1705 τόν
712 1635 732 1724 ἡ
757 1634 911 1726 άναιινοή
937 1666 972 1706 τε
996 1646 1121 1726 γίνεται
1145 1641 1200 1707 καί
1223 1639 1330 1727 φωνή.

183 1749 289 1810 καίτοι
313 1767 349 1828 γε
374 1743 411 1809 ἐν
429 1741 561 1822 τούτοις
584 1740 625 1811 ού
643 1743 752 1830 μόνον
775 1745 842 1812 ἐστὶ
866 1743 903 1813 τὸ
927 1749 1029 1832 κῦρος
1045 1749 1104 1833 τῆς
1122 1743 1330 1830 άποδείξεως,

183 1845 266 1916 άλλὰ
294 1845 315 1934 ἡ
341 1855 435 1936 τρίτη
463 1863 565 1936 μοῖρα
592 1853 654 1918 τοῦ
680 1850 784 1935 λόγου
817 1851 949 1932 παντός.
1004 1855 1038 1921 οί
1062 1851 1125 1939 μὲν
1154 1850 1217 1939 γὰρ
1251 1851 1332 1939 μύες

184 1953 311 2042 ὄργανά
334 1981 409 2024 τινα
432 1959 598 2041 κινοῦσιν,
621 1953 681 2042 ὑφ’
707 1948 756 2025 όν
774 1954 926 2046 άναπνοή
949 1985 983 2026 τε
1002 1959 1057 2026 καί
1077 1956 1174 2046 φωνὴ
1193 1965 1331 2045 γίνεται,

185 2063 318 2130 δέονται
342 2062 378 2130 δὲ
401 2059 496 2131 αὐτοὶ
520 2061 631 2148 πάλιν,
655 2061 743 2143 ὅπως
766 2068 943 2151 κινηθιῦσι,
965 2068 1033 2132 τῶν
1056 2061 1121 2132 άπὸ
1146 2065 1331 2153 ἐγκεφάλου
1346 2083 1371 2122 1⁵

185 2168 330 2257 νεύρων,
358 2159 407 2237 τόν
430 2178 493 2237 είτε
520 2197 552 2237 τι
574 2169 709 2257 βρόχοις
732 2170 905 2258 διαλάβοις
932 2181 996 2239 είτε
1022 2172 1144 2258 τέμοις,
1172 2169 1332 2259 άκίνητον

221 2401 236 2448 2
262 2395 323 2446 {tuo
356 2387 445 2446 ὀνσι
470 2389 501 2446 δὲ
530 2391 662 2447 Massch
690 2395 721 2448 θ.
749 2411 778 2447 τε
807 2393 866 2448 CK.
896 2424 929 2434 -
959 2399 976 2447 4
1002 2387 1049 2448 lul
1075 2399 1137 2455 ταῖς
1165 2393 1221 2448 τῦν
1254 2389 1331 2460 ζόαν

185 2461 318 2518 MABch
383 2483 400 2515 ν
418 2468 479 2525 ταῖς
499 2457 620 2549 ἕηληῶν
644 2467 665 2528 ζ.
685 2463 714 2518 C.
734 2495 766 2504 -
796 2464 881 2534 6τῆς
904 2459 1049 2552 φάρυγγος
1072 2463 1185 2519 cMAB
1208 2465 1259 2518 τοῦ
1282 2459 1331 2518 λά·

185 2555 286 2605 ρυγγος
310 2532 389 2588 chK.
413 2565 446 2576 -κ
477 2539 494 2587 9
513 2552 619 2602 απαγει
642 2533 805 2589 MABchK
828 2529 965 2604 άπάγηθ
989 2531 1087 2606 απάγη
1106 2551 1169 2600 nos;
1193 2535 1228 2590 of.
1247 2535 1332 2590 Proll.

184 2601 1331 2676 pffi-dMM-mmmM-wfflmmMffiwfflwm—

188 2683 219 2731 12
248 2671 301 2732 οῦκ
330 2670 361 2730 ἐν
385 2670 496 2738 τούτοις
523 2671 620 2746 μόνοις
648 2676 728 2731 codd.
754 2677 815 2731 edd.
843 2672 875 2732 ἐν
902 2671 1013 2738 τούτοις
1040 2671 1074 2732 ού
1131 2671 1192 2732 ’νον
1215 2694 1274 2732 nos.
1298 2708 1333 2717 —

188 2755 220 2802 15
238 2744 324 2802 πάλιν
343 2763 397 2801 om.
417 2745 446 2802 C.
467 2779 499 2787 —
530 2754 562 2802 16
582 2749 637 2800 εἴτε
658 2741 770 2816 βρόχοις
789 2746 809 2802 C
830 2749 861 2802 εί
877 2769 904 2802 τι
924 2750 965 2819 βρ.
985 2746 1098 2802 ΜΑΒΟ
1125 2749 1225 2804 Kalos
1245 2767 1271 2802 τι
1291 2750 1332 2820 β.

186 2835 244 2874 nos.
264 2849 297 2858 -
317 2811 451 2886 άτίνητον
469 2816 522 2888 μὲν
541 2817 561 2872 C
581 2815 634 2887 plu
653 2835 705 2872 om.
727 2817 899 2873 MABChK.
922 2851 953 2858 -

185 3027 267 3091 lium
285 3025 472 3091 fabularum
491 3027 639 3090 auctores
657 3047 718 3090 nos
737 3024 916 3110 increpant,
942 3047 1138 3111 quamquam
1157 3048 1226 3108 nos,
1250 3046 1332 3110 qnae

187 3133 334 3199 oratione
344 3131 544 3217 pollicemur,
559 3153 597 3195 ea
610 3131 646 3195 in
660 3131 855 3198 animalibus
866 3132 1015 3198 dissectis
1026 3135 1208 3198 monstrare
1220 3153 1333 3216 possu-

186 3263 269 3324 mus,
291 3238 349 3304 isti
371 3237 455 3302 nihil
479 3237 619 3320 amplius
644 3236 775 3322 habent,
798 3237 884 3323 quod
907 3239 1026 3322 disant,
1049 3260 1156 3323 qnam,
1179 3237 1255 3322 quia
1279 3259 1334 3302 oor

186 3347 278 3410 iuxta
296 3367 444 3430 asperam
468 3343 622 3408 arteriam
641 3343 836 3409 collocatum
860 3345 912 3428 sit,
934 3345 1055 3409 ideireo
1079 3366 1117 3408 ex
1140 3343 1198 3408 illa
1222 3365 1334 3408 vooem

188 3453 275 3518 oriri.
324 3451 488 3517 Nimirum
515 3450 603 3516 viam
635 3449 909 3534 compendiariam
937 3450 1132 3534 planamque
1165 3469 1333 3534 argumen-

186 3559 278 3624 tandi
305 3579 438 3642 asperae
463 3560 496 3621 et
526 3557 658 3642 longae,
685 3557 817 3621 tametsi
841 3555 882 3620 ad
909 3577 993 3638 rem,
1021 3578 1117 3640 quam
1141 3555 1335 3640 quaerimus,

187 3665 325 3750 deducit,
349 3665 566 3746 anteponunt,
594 3684 668 3727 oum
695 3663 754 3728 illa
782 3663 922 3728 abducat
946 3685 965 3726 a
988 3663 1135 3726 veritate.
1179 3659 1249 3726 Nee
1271 3659 1336 3726 fuit

187 3793 339 3856 unquam,
357 3769 413 3855 qui
432 3789 534 3853 aequo
554 3769 665 3834 animo
683 3769 765 3834 mihi
785 3768 922 3853 adesset,
940 3791 1013 3832 oum
1032 3768 1195 3833 musculos
1214 3789 1335 3852 omnes,

187 3877 305 3962 quibus
320 3880 389 3940 turn
404 3875 588 3959 respiratio,
606 3878 678 3940 tum
692 3899 754 3942 vox
769 3875 962 3958 efficeretur,
980 3874 1192 3941 ostenderem.
1216 3873 1335 3950 Quam·

188 4005 286 4069 quam
309 3983 344 4047 in
366 3982 418 4047 his
446 4004 512 4048 non
534 3982 640 4048 solum
667 3982 843 4066 praecipua
870 3982 920 4046 vis
948 3981 1237 4046 demonstrationis
1262 4003 1336 4046 oon·

188 4090 291 4173 sistit,
319 4087 376 4154 sed
401 4089 500 4153 tertia
527 4089 630 4155 totius
656 4088 754 4153 huius
781 4087 919 4152 rationis
947 4109 1032 4172 pars.
1082 4085 1221 4152 Museuli
1250 4087 1336 4150 enirn

187 4197 405 4261 instrumenta
428 4195 600 4279 quaedam,
630 4195 747 4279 quibus
774 4193 948 4278 respiratio
976 4197 1010 4258 et
1031 4215 1094 4259 vox
1117 4194 1168 4277 fit,
1195 4195 1336 4276 movent,

187 4302 254 4386 ipsi
280 4323 407 4384 rursus,
438 4305 476 4364 ut
506 4305 711 4386 moveantur,
742 4300 850 4366 nervis
880 4299 1041 4384 indigent,
1073 4299 1128 4384 qui
1156 4321 1175 4364 a
1203 4299 1335 4364 oerebro

188 4407 428 4493 diffunduntur,
460 4429 599 4492 quorum
629 4407 697 4472 sive
729 4430 825 4492 quem
856 4406 982 4490 laqueis
1013 4404 1235 4470 intercluseris
1268 4405 1336 4470 sive

243 4521 323 4562 orrens
338 4521 365 4560 ss
380 4521 440 4560 erac.
454 4521 511 4562 erse.
526 4527 547 4560 α
563 4522 670 4569 Ηιρροοτ.
686 4521 747 4562 lisa.
1089 4513 1121 4562 18
