3376 5144
177 595 292 680 μενον
314 589 432 660 καὶτὰ
455 588 569 677 ἄρθρα
591 588 631 656 τὰ
656 589 894 675 ἐνηλλαγμένα,
918 586 937 655 ‘0'
959 613 990 654 τε
1012 579 1056 654 αὖ
1085 599 1242 664 νωτιαίος
1264 609 1322 654 πο-

176 702 265 785 ’νοιή
297 696 352 780 ῶν,
387 702 417 764 εί
448 698 480 778 ἐξ
513 694 630 783 ὀλίγον
652 700 778 783 χωρίου
800 693 863 782 τὴν
885 691 1094 782 περικαμπὴν
1121 696 1189 778 ἔχοι
1208 690 1322 759 τοιαύ-

177 808 249 892 (την
272 807 404 886 ἔξαλσιν
428 805 649 890 ἐξαλλομένου
672 801 882 887 σπονδύλου,
909 799 928 868 ὅ
950 827 985 868 τε
1008 797 1194 886 ἐκπηδήσας
1220 797 1320 864 σπόν·

177 915 291 990 ‘dulos
313 911 415 992 πιέζοι
440 905 483 976 ἂν
505 908 566 978 τὸν
593 924 769 994 νωτιαίου,
797 913 828 976 εί
857 907 903 995 μὴ
931 907 986 974 καὶ
1013 903 1224 997 ἀπορρήξειε,
1252 930 1320 972 πιε-

177 1019 283 1106 “χθείς
319 1017 355 1086 δὲ
379 1013 422 1085 ἂν
444 1017 499 1084 καὶ
522 1013 790 1104 ιἰπολελαμμίνος
826 1017 958 1084 πολλῶν
994 1013 1048 1080 καὶ
1085 1011 1238 1098 μεγάλων
1265 1011 1346 1077 nats

177 1127 369 1212 ’ἐπικαίρων
401 1121 637 1211 ἄπονοίρκωσιν
673 1123 836 1209 ποιήσειε,
870 1120 953 1191 ῶστε
985 1116 1047 1189 οὐκ
1077 1115 1120 1187 ἂν
1149 1119 1242 1205 μίλοι
1274 1119 1320 1207 τῶ

178 1235 290 1322 ‘insoni
329 1229 418 1309 ὅπως
454 1229 515 1317 χρὴ
552 1229 613 1298 τὸν
649 1230 842 1298 σπόνδνλον
869 1229 1082 1315 κατορθῶσαι
1110 1228 1244 1294 πολλῶν
1266 1224 1320 1292 καὶ

178 1341 311 1424 ’βιαίων
334 1335 445 1404 ἄλλων
467 1341 578 1404 κακῶν
614 1336 816 1422 παρεόντων.
862 1334 944 1404 ῶστε
982 1333 1024 1421 δὴ
1049 1330 1129 1402 οὐδὲ
1166 1333 1322 1419 ἐμβαλεῖν

178 1441 265 1513 ‘oio'v
286 1471 320 1512 τε
344 1442 420 1512 οὔτε
443 1449 628 1511 κατασείσει
652 1441 728 1512 οὔτε
750 1441 839 1532 ἄλλω
869 1439 984 1510 οὐθενὶ
1011 1439 1123 1530 τρόπω
1150 1437 1322 1525 πρόδηλον

177 1549 248 1619 ’τὸν
271 1555 442 1636 τοιοῦτον,
475 1555 506 1618 εί
541 1549 586 1637 μή
609 1577 658 1629 τις
694 1549 859 1637 θιατεμῶν
884 1548 946 1617 τὸν
982 1546 1182 1633 ἄνθρωπον,
1211 1551 1320 1612 ἔπειτα
1336 1567 1362 1606 ιο

177 1655 417 1743 (ίσμασιίμενος
445 1658 477 1737 ἐς
499 1656 561 1744 τὴν
583 1663 715 1744 κοιλίην
743 1658 779 1724 ἐκ
805 1659 867 1724 τοῦ
897 1661 1026 1722 ἔσωθεν
1050 1656 1088 1742 τῇ
1112 1653 1196 1740 χειρὶ
1228 1653 1260 1730 ἐς
1281 1649 1319 1718 τὸ

177 1765 249 1844 ‘tlon
274 1759 456 1839 ρἰντωθέοι·
480 1764 534 1830 καὶ
558 1766 661 1830 ταῦτα
684 1766 788 1854 νεκρῷ
812 1761 875 1849 μὲν
898 1757 973 1831 οἶόν
994 1787 1028 1828 τε
1043 1763 1180 1844 ποιέειν,
1205 1757 1318 1845 ζῶντιλ

177 1869 225 1936 ‘dl
254 1867 295 1938 οὐ
326 1869 424 1938 πάνυ.
471 1868 526 1938 διὰ
556 1875 591 1937 τί
620 1869 657 1938 δὲ
688 1874 790 1937 ταῦτα
823 1869 957 1957 γράφεις
991 1867 1042 1937 ὄτι
1075 1872 1207 1934 οἴονταί
1235 1891 1322 1944 τινες
1333 1881 1388 1938 lto

177 1977 395 2064 Ὕητρενκίναι
429 1975 532 2062 [τοὺς]
557 1973 758 2065 ἀνθρώπους
765 2031 773 2064 ,
806 1972 873 2045 οἷσι
906 1981 1038 2044 ἔσωθεν
1069 1981 1189 2043 ἔπεσον
1222 1972 1321 2042 σπίν-

213 2197 228 2244 2
249 2189 306 2260 ἔχει
320 2191 406 2247 Μ.-
426 2197 442 2244 3
463 2187 590 2256 ἐξέλασιν
604 2189 684 2245 codd.
699 2190 760 2244 edd.
776 2187 887 2255 ἔξαλσιν
901 2189 983 2245 Corn.
1004 2221 1038 2230 -
1057 2186 1219 2257 λπιεχθελς
1232 2186 1321 2240 ΜΔΒ

176 2262 306 2323 πιεσθεὶς
322 2261 455 2318 chK.-
474 2257 713 2332 οῶπολελαμίνος
731 2261 817 2345 Mn-
838 2259 957 2333 λίατρῴ
972 2260 1052 2316 codd.
1067 2260 1179 2315 edd-
1199 2266 1321 2314 9αατα

177 2335 281 2388 σείσειν
300 2333 378 2387 codd.
399 2332 520 2387 edd-
540 2340 579 2393 10
597 2333 653 2386 τῶν
676 2327 812 2386 τοιούτων
835 2331 913 2387 codd
933 2317 995 2386 cdd
1018 2326 1069 2385 τὸν
1092 2329 1221 2385 τοιοῦτον
1241 2327 1320 2382 Corn

177 2435 211 2444 -
240 2411 271 2457 ll
297 2399 621 2528 ἔρραλλόμενοςμ
527 2404 555 2457 Μ
587 2397 691 2474 ἐμβαλῶ
714 2423 777 2464 ενος
804 2403 934 2457 ABChK
962 2397 1157 2473 ίαμαοάμενος
1182 2398 1262 2454 Corn.
1284 2429 1321 2439 --

177 2477 286 2528 κοιλίαν
430 2477 551 2530 είοωθεν
570 2475 650 2530 codd.
669 2475 788 2528 ed—
814 2470 845 2528 ἐν
869 2492 920 2544 pro
944 2470 973 2536 ἐς
991 2475 1084 2528 Μ.-
1111 2479 1143 2527 12
1167 2465 1320 2525 κανεαῦθα

177 2546 256 2600 codd
276 2546 337 2600 edd.
357 2546 406 2600 καὶ
425 2547 514 2600 ταῦτα
533 2547 666 2603 Corn.-
686 2492 916 2600 ποιένειυΜρν-
938 2553 972 2600 14
990 2539 1057 2607 toric
1075 2544 1153 2600 codd.
1173 2542 1236 2598 edd
1255 2536 1322 2604 τούς

178 2618 256 2672 uncis
275 2617 500 2673 inclusimus.—

177 2857 288 2919 quam
325 2856 502 2920 magnam
543 2823 756 2900 introrsum
793 2836 1093 2902 inclinationem
1135 2833 1325 2900 admittat

177 2942 406 3027 ligamentis
435 2943 694 3028 articulisque
725 2944 830 3009 inter
862 2965 900 3008 se
933 2943 1161 3008 cedentibus
1195 2941 1231 3005 vi
1260 2940 1323 3005 ad-

177 3049 320 3135 ductis;
344 3049 450 3114 dorsi
473 3049 566 3113 item
590 3051 758 3114 medulla
780 3050 945 3133 laboret,
969 3049 1000 3113 si
1025 3071 1068 3112 ex
1092 3071 1210 3132 parvo
1235 3069 1321 3131 spa·

178 3156 234 3222 tio
257 3155 513 3221 inflexionem
536 3157 692 3240 habeat,
716 3157 781 3223 ubi
804 3157 986 3221 vertebra
1008 3156 1078 3222 hoc
1101 3157 1211 3222 modo
1233 3155 1321 3220 loco

178 3263 246 3326 su'o
271 3261 471 3347 exiluerit,
499 3267 577 3328 tum
601 3265 685 3328 loco
710 3267 813 3329 mota
837 3265 1019 3328 vertebra
1042 3263 1261 3344 medullam,
1289 3261 1321 3325 si

178 3392 252 3434 non
284 3369 498 3454 dirumpat,
535 3374 574 3435 at
606 3371 849 3456 comprimat3
887 3373 927 3436 at
956 3393 999 3435 ea
1031 3391 1252 3454 compressa
1284 3371 1323 3432 et

179 3477 394 3541 interclusa
417 3478 551 3542 multis
575 3479 725 3563 magnis
745 3479 781 3543 vi
788 3479 1014 3563 talibusque
1037 3477 1218 3561 partibus
1241 3481 1322 3541 tor·

179 3605 309 3666 ponem
344 3583 502 3667 afferat,
536 3588 667 3650 uttot
702 3589 857 3670 tamque
896 3584 1196 3650 vehementibus
1229 3582 1322 3648 aliis

179 3690 292 3754 malis
317 3691 549 3776 urgentibus
573 3692 618 3756 ad
641 3692 884 3777 dirigendam
907 3694 1129 3757 vertebram
1154 3691 1321 3756 animum

179 3796 381 3862 intendere
415 3798 562 3863 medico
595 3821 670 3863 non
707 3799 837 3864 liceat.
891 3801 1015 3875 Quare
1051 3799 1169 3863 talem
1202 3820 1321 3882 nequo

180 3904 437 3970 concutiendo
457 3927 576 3992 neque
596 3906 776 3990 quapiam
796 3906 1039 3971 aliarationc
1054 3907 1189 3990 reponi
1209 3927 1321 3988 posse

180 4011 431 4075 manifestum
451 4015 523 4095 est,
546 4012 622 4076 nisi
647 4013 680 4076 si
699 4013 783 4096 quis
802 4012 956 4078 homine
975 4011 1161 4095 dissecto,
1185 4011 1321 4075 deinde

180 4137 291 4182 manu
315 4119 352 4182 in
375 4121 548 4210 ventrem
571 4120 746 4185 immissa
769 4120 815 4184 ab
842 4120 1034 4185 interiore
1062 4119 1236 4203 partein
1260 4140 1321 4182 ex·

180 4225 363 4290 teriorem
397 4227 612 4309 protrudat.
672 4226 776 4303 Quod
807 4231 955 4293 mortuo
986 4227 1137 4311 quidem
1170 4225 1322 4291 homine

180 4330 270 4396 fieri
303 4335 450 4417 potest,
486 4333 575 4398 vivo
607 4356 682 4399 non
716 4337 854 4418 potest
906 4331 977 4398 Sed
1015 4355 1196 4418 quorsum
1228 4331 1322 4397 haec

181 4439 333 4504 scribo?
389 4439 576 4518 Quoniam
613 4440 791 4508 nonnulli
829 4440 1057 4506 existimant
1092 4461 1250 4505 curasse
1283 4463 1322 4507 se
