3300 5146
785 411 1026 475 -306-

330 576 459 658 μορίων
481 566 664 656 ἀρχόμενος
687 566 803 654 ἥκιστα
827 571 942 655 χρῆται
966 571 1122 657 λογισμῷ.
1164 566 1218 634 καὶ
1242 569 1300 653 τῆς
1323 570 1478 652 Μηδείας

331 677 368 744 δὲ
391 674 621 764 ἀναμνηστέον
650 677 686 743 ἐν
709 674 815 764 τούτῳ
842 677 901 760 τῆς
925 671 1112 760 Εὐριπίδου
1141 674 1195 741 καὶ
1219 677 1281 742 τοῦ
1297 671 1477 760 Ὁμηρικοῦ

327 779 524 866 Ὀδυσσέως,
552 784 589 850 ἐν
617 778 667 862 οἷς
700 784 872 849 ἐστασίασε
895 781 961 869 μὲν
989 779 1125 867 ἕκάτερα
1152 779 1235 869 πρὸς
1266 779 1392 867 ἀλληλα
1419 784 1477 867 τῆς

330 894 437 978 ψυχῆς
458 887 498 958 τά
522 889 624 978 μόρια
647 891 814 975 δηλοῦντα
838 893 970 976 σαφοῦς,
998 886 1044 967 ὦς
1066 884 1127 975 ούχ
1151 888 1187 955 ἓν
1211 888 1316 970 ἐστιν,
1345 889 1475 974 ἐνίκησε

303 997 367 1064 sot
392 999 443 1064 ἐπὶ
466 1000 528 1064 τοῦ
551 997 747 1083 σοφωτέρου
769 995 806 1063 τὸ
830 998 976 1082 βέλτιον,
1000 995 1051 1062 ἐπὶ
1076 996 1113 1063 δὲ
1135 999 1193 1082 τῆς
1215 992 1419 1063 ἀπαιδεύτου
1440 1021 1475 1062 τε

328 1106 383 1172 καὶ
407 1103 581 1192 βαρβάρου
603 1102 640 1172 τὸ
665 1118 787 1191 χεῖρον.
822 1105 877 1170 καὶ
902 1105 953 1171 ἐπὶ
977 1106 1110 1172 πολλῶν
1127 1100 1321 1190 ἀνθρώπων
1338 1101 1475 1170 τοιαῦτά

329 1213 397 1279 ἐστι
428 1210 589 1298 γινόμενα
617 1208 698 1278 κατὰ
725 1209 787 1296 τὴν
821 1209 931 1298 ψυχὴν
957 1213 1017 1278 τοῦ
1045 1212 1209 1297 λογισμοῦ
1235 1209 1314 1278 ποτὲ
1340 1209 1403 1296 μὲν
1430 1211 1474 1300 τῷ

328 1322 506 1406 θυμοειδεῖ
529 1319 736 1405 μαχομένου,
763 1318 841 1386 ποτὲ
869 1317 906 1385 δὲ
928 1321 973 1408 τῷ
1005 1319 1240 1406 ἐπιθυμητικῷ.
1285 1314 1303 1384 ό
1328 1317 1365 1384 δὲ
1388 1314 1476 1403 Χρύ-

329 1445 449 1504 σιππος
471 1423 538 1512 ἅμα
561 1439 631 1503 τοῖς
653 1423 766 1504 ἀλλοις
789 1431 952 1503 Στωϊκοῖς
975 1425 1027 1492 ἐπὶ
1050 1423 1112 1514 μὲν
1135 1427 1203 1492 τῶν
1225 1420 1359 1510 ἀλόγων
1383 1423 1475 1515 ζῴων

291 1555 315 1591 1⁰
329 1529 432 1619 ὁμόσε
465 1545 567 1618 χωρεῖ
590 1531 673 1619 πρὸς
701 1531 738 1600 τὸ
772 1529 880 1618 δόγμα
913 1531 996 1618 μηδὲ
1029 1532 1207 1616 ἐπιθυμεῖν
1236 1529 1387 1616 φάσκων·
1419 1537 1479 1598 καί

262 1657 318 1712 2139
328 1666 384 1725 μοι
408 1639 483 1725 περὶ
505 1641 563 1724 τῆς
581 1635 818 1725 ἀναισχυντίας
843 1637 1030 1724 τοῦλόγου
1052 1636 1203 1724 πρόσθεν
1227 1639 1232 1724 Ι
1260 1646 1398 1725 εἴρηται·
1422 1639 1474 1706 ἐπὶ

329 1745 365 1812 δὲ
388 1749 457 1813 τῶν
479 1749 611 1813 παίδων
638 1743 709 1813 ἀνω
737 1747 791 1814 καὶ
819 1744 907 1813 κάτω
930 1745 1200 1831 περιπλέκουσιν,
1227 1741 1289 1831 οὐχ
1317 1742 1476 1825 ὡσαύτως

328 1852 389 1940 μὲν
421 1849 577 1937 ἅπαντες,
610 1849 910 1941 ἀναισχυντοῦντες
937 1851 973 1919 δὲ
1000 1851 1055 1918 καὶ
1083 1850 1173 1936 παρὰ
1200 1850 1238 1918 τὸ
1266 1850 1474 1939 φαινόμενον

328 1955 592 2046 ἀποφαινόμενοι
621 1959 749 2038 πάντες.
803 1957 967 2046 εἰρήσεται
1001 1959 1040 2024 δι’
1065 1985 1121 2044 μοι
1153 1958 1208 2025 καὶ
1241 1959 1315 2044 περὶ
1345 1958 1475 2026 τούτων

289 2087 314 2125 1⁵
329 2067 380 2134 ἐπὶ
405 2067 507 2134 πλέον
531 2068 567 2134 ἐν
590 2081 659 2147 τοῖς
686 2067 810 2153 ἐφεξῆς.
861 2062 1019 2142 ὡσαύτως
1048 2063 1084 2130 δὲ
1113 2065 1168 2131 καὶ
1196 2065 1270 2150 περὶ
1298 2067 1366 2132 των
1391 2062 1475 2131 κατὰ

327 2173 389 2261 τὴν
412 2173 524 2262 ψυχὴν
551 2178 672 2242 παθῶν
701 2178 758 2260 τῆς
782 2176 946 2261 διαφοράς
973 2168 1076 2239 οὐδὲν
1098 2167 1371 2257 ὁμολογούμενον
1398 2169 1475 2239 οὔτε

326 2295 397 2360 τοῖς
420 2282 596 2367 ἐναργέσιν
624 2279 701 2349 οὔτε
728 2277 884 2367 ἀλλήλοις
906 2281 1063 2365 λέγουσιν
1092 2275 1171 2346 οὔθ’
1201 2279 1337 2358 ἕκαστος
1360 2279 1476 2369 ἑαυτῷ.

363 2521 379 2568 8
394 2509 434 2638 χά
465 2508 661 2586 ἐπιθυμητικῷ
690 2513 727 2566 Μ.
757 2545 788 2552 -
822 2517 854 2566 14
881 2506 1025 2580 εἰρήσεταί
1050 2531 1097 2582 μοι
1129 2508 1160 2566 δὲ
1192 2511 1324 2566 MABOh
1357 2508 1408 2580 είρ.
1441 2508 1474 2564 δι’

328 2605 372 2654 μοι
421 2617 480 2638 .-·

329 2818 519 2903 succumbit,
541 2818 569 2884 is
593 2819 727 2884 minime
750 2819 854 2884 utitur
876 2819 1012 2884 ratione.
1057 2817 1120 2882 Hie
1143 2817 1275 2884 Medeae
1298 2817 1476 2901 Euripidis,

328 2927 381 2991 hie
409 2926 515 2991 Ulixis
542 2925 678 2990 Homeri
707 2927 889 3010 exemplum
918 2928 969 2988 est
998 2925 1157 2989 memorio
1184 2924 1409 3009 repetendum,
1440 2925 1476 2988 iu

327 3034 445 3118 quibus
469 3033 550 3097 duae
574 3032 651 3097 illse
671 3033 771 3096 enimi
795 3037 904 3115 partes
924 3033 1010 3097 inter
1029 3055 1062 3096 se
1082 3032 1274 3096 dissidentes
1290 3055 1358 3096 nou
1374 3053 1474 3096 unum

327 3164 397 3205 osse
411 3141 603 3205 fucultatem
617 3139 792 3202 manifesto
807 3139 982 3221 declarant,
996 3139 1132 3223 pervicit
1146 3143 1255 3202 sutem
1273 3139 1308 3202 in
1326 3139 1475 3222 sapiente

326 3247 446 3332 potior,
469 3247 503 3310 in
527 3245 658 3312 indocta
680 3246 885 3329 barbaraque
908 3245 1049 3310 deterior
1067 3267 1150 3329 pers.
1188 3244 1280 3321 Quod
1303 3245 1339 3310 in
1361 3246 1475 3310 multis

327 3354 515 3419 horninibus
539 3353 647 3416 videre
670 3351 756 3435 lieet,
779 3352 814 3418 in
837 3373 974 3435 quorum
995 3353 1103 3417 animo
1126 3352 1159 3416 id
1180 3352 1306 3436 assidit,
1329 3356 1366 3416 ut
1387 3352 1474 3416 ratio

328 3461 424 3525 modo
449 3483 521 3524 eum
550 3460 611 3542 iro,
642 3459 737 3524 modo
762 3481 835 3522 oum
859 3459 1037 3541 eupiditate
1066 3463 1168 3523 certet
1191 3481 1228 3523 ee
1252 3463 1383 3543 pugnet.
1428 3459 1476 3522 At

327 3591 403 3632 vero
429 3565 631 3650 Chrysippus
656 3590 720 3630 una
744 3589 817 3630 eum
841 3567 956 3630 ceteris
980 3564 1098 3630 Stoicis
1122 3567 1161 3629 de
1184 3567 1322 3630 rationis
1345 3566 1474 3650 quidem

327 3673 513 3758 expertibus
543 3673 738 3737 animalibus
765 3673 936 3737 nobiseum
965 3673 1079 3756 pedem
1103 3673 1228 3738 confert
1252 3695 1287 3736 ιιο
1313 3675 1476 3756 repugnet

327 3780 457 3844 decreto
485 3801 525 3843 ue
549 3779 775 3863 concupiscere
798 3778 927 3863 quidem
956 3779 1053 3842 bruto
1080 3780 1289 3862 contendens
1317 3779 1355 3843 de.
1383 3781 1473 3844 euius

327 3887 485 3952 orationis
511 3885 712 3969 impudentia
740 3908 839 3970 supro
866 3886 931 3949 ium
955 3885 1033 3970 dixi3
1061 3885 1231 3969 (tepueris
1255 3889 1364 3950 autom
1387 3886 1473 3950 ultro

327 3995 473 4078 citroque
497 3993 767 4077 tergiversantur,
794 4015 860 4057 nou
884 4015 995 4057 omnes
1019 4015 1084 4056 uuo
1107 3991 1217 4075 modo,
1246 4014 1346 4076 aeque
1368 3992 1473 4075 impu-

327 4101 440 4165 denter
461 4105 571 4164 tsmeu
591 4123 702 4164 omues
722 4103 755 4162 et
773 4103 887 4164 eontra
906 4122 953 4181 ea,
977 4121 1058 4184 quae
1076 4099 1246 4183 perspicus
1265 4102 1350 4182 sunt,
1372 4099 1473 4162 reela·

327 4213 463 4272 errantes.
510 4212 581 4283 Quo
607 4209 646 4271 de
677 4228 710 4270 re
737 4210 852 4290 postea
879 4206 974 4290 pluro
997 4206 1199 4270 disseremus.
1244 4205 1320 4270 Pari
1347 4206 1473 4270 ratione

327 4316 426 4379 etiem
451 4316 489 4378 de
519 4315 619 4378 suimi
648 4314 820 4377 effeetuum
849 4312 1030 4376 differentia
1056 4313 1140 4377 nihil
1169 4315 1320 4396 sffemnt‚
1347 4313 1381 4378 iu
1408 4335 1472 4397 quo

328 4421 378 4485 vel
404 4443 475 4484 eum
509 4421 712 4484 evidentibus
741 4421 836 4484 rebus
870 4419 920 4483 vel
949 4419 1091 4484 intereo
1120 4421 1170 4486 vet
1199 4442 1308 4484 seeum
1335 4419 1472 4504 quisque
