3376 5144
804 332 1046 395 -806-

356 495 440 570 στῶς
467 487 485 558 ὁ
508 487 724 577 Ἱπποκράτης
752 493 815 574 ε”φη
845 491 959 556 ‘rorico
985 489 1062 574 μίν,
1091 485 1203 572 ἐπειδὴ
1233 490 1364 554 δίκαιον
1392 490 1504 572 ἔχουσι

356 597 393 665 τὸ
417 601 510 684 σῶμα
535 600 570 665 οί
595 595 793 682 ἅνθρωποι]
839 597 996 683 μέγιστον
1023 593 1087 680 γάρ
1121 595 1187 661 ἐστι
1216 607 1354 678 σημεῖον
1384 596 1441 678 τῆς
1469 593 1506 658 ἐν

356 717 426 782 τοῖς
448 709 579 790 μορίοις
603 701 818 788 (δικαιοσύνης
841 701 894 767 καί
924 699 943 788 ἡ
967 704 1029 768 τοῦ
1057 699 1222 787 σχήματος
1244 696 1400 786 ὁμοιότης
1424 697 1445 785 ἥ
1471 725 1506 766 τε

356 815 414 896 τῆς
443 809 567 895 χῶρος,
600 806 681 876 καθ’
709 805 750 875 i'o
783 806 940 894 ἐμφύεται
972 806 1010 874 τὰ
1040 813 1114 892 τριά
1137 809 1239 872 ταῦτα
1268 803 1411 891 ὄργανα,
1444 803 1506 894 την

331 919 464 1004 οφλίβα
488 918 572 1002 λε’γω
592 916 646 983 καὶ
670 913 731 1000 τὴν
751 912 913 1000 ἀρτηρίαν
935 914 989 980 καὶ
1012 911 1050 980 τὸ
1070 916 1205 997 νεῦρον,
1230 913 1266 978 ἐν
1290 911 1415 1002 ἑκάστῳ
1438 916 1507 979 τῶν

358 1027 469 1110 μυῶν,
498 1021 517 1109 ἡ
547 1023 583 1090 ot
607 1026 664 1106 τῆς
688 1023 724 1088 ἐν
748 1017 861 1100 αὐτοῖς
884 1021 1025 1108 σχέσεως
1050 1015 1241 1104 ἐναντιότης
1271 1015 1312 1085 οὐ
1337 1018 1506 1086 δικαιοσύ-

294 1148 347 1204 787
360 1157 424 1215 νην
445 1133 448 1216 Ι
469 1128 577 1215 μόνον
597 1130 633 1195 ἐν
651 1131 690 1216 τῇ
710 1131 892 1216 κατασκευῇ
913 1124 1139 1212 τοῦσώματος
1158 1127 1364 1193 ἐνδείκνυται
1380 1129 1507 1211 σαφῶς,

337 1233 444 1302 alat
467 1235 521 1303 καὶ
541 1235 685 1321 δύναμιν
705 1232 811 1321 όκραν
833 1239 894 1302 τοῦ
917 1232 1223 1311 κατασκευάσαντος
1243 1228 1322 1300 αὐτὸ
1346 1230 1383 1300 τὸ
1404 1236 1508 1319 σῶμα.

359 1341 439 1421 τοὺς
470 1341 534 1430 γάρ
563 1369 613 1411 τοι
638 1341 783 1420 σκοποὺς
809 1345 866 1427 τῆς
894 1343 1095 1424 κατασκευης
1123 1335 1182 1405 ἐὰν
1205 1334 1409 1428 όριθμησης,
1438 1335 1505 1406 εἷθ’

322 1475 347 1511 10
362 1451 501 1517 ἕκαστον
525 1447 637 1516 αὐτῶν
665 1447 762 1536 εόρης
790 1448 1073 1533 κατωρθωμένον,
1102 1447 1249 1531 ἐναργῶς
1277 1465 1330 1513 σοι
1354 1461 1507 1532 φανεῖται

360 1553 397 1622 τὸ
431 1556 574 1641 μέγεθος
606 1553 725 1635 αὐτοῦ,
758 1555 842 1641 φημὶ
875 1556 936 1620 τοῦ
969 1555 1186 1638 δημιουργοῦ.
1236 1548 1278 1618 οὐ
1306 1552 1369 1638 γὰρ
1397 1551 1509 1632 ἆττλῶς

362 1659 483 1742 οὕτως,
516 1658 561 1740 ῶς
592 1657 635 1727 civ
673 1658 799 1747 ἀμελῶς
830 1687 879 1737 τις
913 1659 1118 1745 ἐννοήσειεν,
1152 1657 1336 1745 ίσιὲριθμόυ
1368 1660 1435 1726 ἐστι
1469 1658 1508 1728 τὸ

360 1771 490 1852 πλῆθος
513 1771 580 1833 τῶν
603 1764 711 1834 ὀστῶν
735 1768 789 1834 καὶ
812 1770 879 1834 τῶν
909 1769 1004 1852 μυῶν
1027 1780 1097 1844 τοῖς
1126 1762 1236 1844 ὀστοῖς
1258 1792 1292 1832 τε
1315 1764 1368 1832 καὶ
1394 1772 1509 1852 μυσίν,

362 1870 444 1940 ἀλλὰ
468 1873 522 1940 καί
542 1876 608 1939 τῶν
627 1870 846 1958 ὑπαρχόντων
865 1869 990 1954 αὐτοῖς,
1013 1874 1178 1958 μεγέθους
1201 1873 1285 1958 λέγω
1310 1872 1364 1940 καὶ
1384 1876 1512 1953 θέσεως

325 1981 418 2047 τεκαὶ
443 1979 633 2058 συνθέσεως
655 1980 709 2046 καὶ
738 1976 886 2064 ἀριθμοῦ
914 1979 968 2046 καί
997 1980 1160 2064 σχήματος
1187 1975 1266 2064 ὅλης
1292 2005 1326 2045 τε
1353 1983 1411 2064 τῆς
1439 1983 1511 2047 δια·

363 2085 527 2170 κλίσεως,
556 2083 638 2172 ἅπερ
666 2086 721 2153 καὶ
749 2084 831 2153 κατὰ
859 2084 917 2163 τὰς
945 2081 1103 2172 ἀρτηρίας
1134 2085 1187 2151 καὶ
1219 2085 1277 2164 τὰς
1305 2087 1428 2172 φλέβας
1454 2088 1510 2154 καὶ

406 2307 418 2353 1
438 2299 571 2368 Hippoor.
591 2300 625 2352 de
645 2299 722 2352 artic.
742 2298 797 2352 vol.
817 2299 869 2364 IV,
889 2317 915 2366 p.
938 2304 986 2350 102
1006 2297 1041 2363 L3
1065 2296 1098 2350 cf.
1119 2313 1202 2366 supra
1220 2315 1247 2366 p.
1267 2303 1331 2366 755,
1351 2305 1373 2352 6.
1396 2331 1426 2338 -
1448 2295 1512 2352 luel

366 2371 446 2424 codd.
466 2371 528 2424 edd.
554 2403 585 2410 -
614 2365 721 2424 4καθ’
741 2368 774 2423 ’ὲν
794 2369 932 2423 MABCh
952 2364 1022 2421 καθ’
1045 2362 1079 2436 ἣν
1099 2367 1178 2421 Corn.
1201 2369 1232 2421 Κ.
1253 2401 1283 2408 -
1309 2377 1324 2425 6
1345 2363 1362 2437 ἦ
1381 2389 1409 2423 τε
1430 2371 1511 2424 codd.

366 2435 525 2528 &tripli
557 2459 613 2495 noe.
642 2471 673 2480 —
708 2447 738 2494 lo
767 2434 861 2508 εὕροις
887 2440 1025 2493 MABCh.
1052 2471 1082 2478 —
1113 2436 1331 2508 κατορθῶμενον
1359 2440 1452 2496 ΜΑΒ.
1477 2473 1511 2481 -

368 2519 400 2568 12
421 2533 458 2574 ως
478 2533 514 2566 αν
534 2533 574 2574 τις
593 2531 619 2582 p.
642 2543 671 2550 -

367 2728 460 2794 Unde
500 2727 737 2792 admirabiliter
768 2727 891 2791 dictum
929 2727 969 2791 ab
1003 2727 1204 2812 Hippocrate
1242 2732 1305 2793 est:
1351 2727 1513 2794 ‘Partim

367 2857 451 2899 cum
491 2836 637 2900 iustum
676 2832 846 2898 habeant
887 2856 1025 2916 corpus
1074 2833 1269 2899 homines?
1333 2834 1512 2902 Maximum

366 2941 451 3006 enim
480 2942 623 3006 iustitiae
652 2940 872 3005 membrorum
901 2939 1054 3004 indicium
1078 2944 1127 3004 est
1150 2943 1220 3005 tum
1248 2943 1370 3025 figurae
1400 2944 1514 3010 simili-

366 3047 458 3130 tudo‚
487 3052 556 3111 tum
583 3048 662 3132 loci,
689 3047 745 3112 ubi
774 3046 837 3111 tria
866 3046 945 3112 haec
974 3047 1207 3132 instrumenta,
1235 3071 1351 3113 venam
1380 3050 1452 3115 dico
1482 3057 1516 3115 et

367 3154 520 3217 arteriam
550 3157 582 3218 et
610 3177 758 3237 nervum,
786 3155 820 3218 in
849 3154 986 3238 singulis
1021 3153 1177 3220 musculis
1210 3154 1407 3242 inseruntu13
1439 3181 1513 3223 oon·

368 3260 470 3324 traria
500 3282 577 3325 vero
605 3258 737 3323 habitus
763 3259 847 3324 inter
874 3261 946 3344 ipsa
978 3261 1061 3356 ratio
1093 3282 1158 3323 non
1192 3262 1319 3326 tantum
1353 3263 1514 3328 iustitiam

367 3367 400 3432 in
425 3367 570 3450 corporis
594 3365 732 3448 fabrica,
765 3388 875 3430 verum
909 3368 1008 3433 etiam
1042 3390 1202 3432 summam
1225 3369 1408 3453 potentiam
1436 3370 1515 3452 eius,

367 3475 423 3558 qui
447 3495 564 3557 corpus
593 3473 698 3556 ipsum
727 3471 905 3537 fabricatus
935 3479 997 3557 est,
1027 3473 1202 3540 manifesto
1230 3474 1382 3540 declarat.
1427 3475 1512 3542 Nam

368 3581 396 3645 si
420 3603 467 3662 ea,
491 3603 572 3665 quae
596 3583 721 3663 spectat
745 3579 877 3661 fabrica,
901 3581 1078 3666 collegeris,
1109 3581 1222 3645 deinde
1253 3581 1382 3666 singula
1405 3582 1514 3648 omnia

368 3687 513 3772 perfecta
549 3691 582 3750 et
614 3687 765 3752 absoluta
802 3686 976 3770 inveneris,
1014 3688 1177 3752 evidenter
1214 3688 1402 3774 magnitudo
1437 3688 1515 3771 eiua,

367 3794 495 3879 opificis
533 3794 620 3876 dico,
658 3793 718 3857 tibi
757 3794 935 3877 apparebit.
981 3793 1093 3879 Neque
1126 3796 1211 3860 enim
1240 3795 1287 3860 sia
1314 3794 1515 3879 simpliciter,

368 3905 406 3965 ut
448 3901 565 3984 aliquis
598 3901 740 3964 animum
779 3923 842 3964 non
876 3905 1024 3965 accurate
1053 3901 1223 3965 advertens
1247 3905 1361 3983 putare
1401 3903 1515 3985 possit,

371 4008 515 4091 aequalis
543 4028 677 4072 numero
707 4011 756 4070 est
784 4007 905 4071 ossium
934 4012 967 4071 et
993 4007 1213 4072 musculorum
1236 4007 1411 4072 multitudo
1435 4008 1514 4073 ossi·

368 4115 429 4178 bus
453 4118 486 4178 et
508 4115 676 4196 mascalia,
710 4114 765 4178 sed
789 4115 887 4177 etiam
911 4116 1042 4198 omnia,·
1066 4137 1147 4199 quae
1173 4113 1212 4178 iis
1236 4114 1361 4199 insunt,
1390 4115 1513 4199 magni·

370 4220 457 4305 tudo,
481 4220 572 4303 sitae,
596 4221 799 4305 compositio,
822 4244 982 4304 numerua
1006 4221 1119 4306 figura,
1143 4225 1213 4286 tota
1236 4222 1371 4307 deniquo
1391 4220 1515 4286 confor-

372 4328 471 4392 matio
496 4329 612 4392 similis
637 4329 733 4414 plane
757 4328 912 4412 cernitur,
941 4329 972 4392 id
1002 4328 1087 4412 quod
1116 4329 1149 4391 in
1178 4328 1306 4392 arteriis
1330 4350 1456 4415 quoque
1483 4333 1514 4391 et
