3210 5148
591 439 834 502 -481-

139 593 203 661 ‘soi
227 595 389 681 ξυμμαχεῖ
407 597 452 684 τῷ
477 597 633 662 δοκοῦντι
653 597 771 684 δικαίῳ
789 595 844 662 καὶ
864 595 920 663 διὰ
941 594 979 664 τό
1003 601 1122 684 πεινῆν
1143 599 1199 666 καί
1225 603 1282 667 δια

139 699 185 769 ’τὸ
221 700 342 787 ῥιγοῦν
373 701 428 768 καί
465 697 573 769 πάντα
604 699 645 768 τά
676 705 813 770 τοιαῦτα
848 701 986 790 πάσχειν
1018 699 1196 791 ὑπομένων
1226 707 1280 774 καί

138 806 224 894 ενικᾷ
246 807 301 873 καί
325 802 367 873 οὐ
390 806 482 894 λήγει
510 809 578 875 των
600 812 781 893 γενναίων,
808 808 888 894 πρὶν
911 804 954 877 ἀν
976 805 997 896 ῆ
1021 809 1238 897 διαπράξηται
1261 808 1281 898 ῆ

138 909 322 1000 ετελευτῆση
346 908 367 998 ῆ
394 911 504 1002 ὥσπερ
532 912 625 982 κύων
651 910 716 982 ὑπὸ
742 915 747 1002 1
772 915 900 1002 νομέως
922 911 987 983 ῦπδ
1011 919 1072 983 τοῦ
1095 916 1199 1003 λόγον
1220 921 1282 985 τοῦ
1290 936 1346 991 461

138 1014 224 1105 ‘nup'
250 1014 340 1109 αὐτῷ
368 1015 570 1106 ἀνακληθεὶς
591 1022 777 1108 upriustri?
805 1021 843 1087 ἐν
871 1019 973 1108 ταύτῃ
997 1025 1035 1110 τῆ
1066 1021 1159 1108 ῥήσει
1182 1022 1315 1092 πάλινσ

138 1121 154 1190 ὁ
179 1123 324 1192 Πλάτων
347 1124 573 1213 ἐμνημόνευσε
597 1127 696 1194 δυοῖν
718 1122 922 1214 ἀνθρώπων,
945 1123 1073 1214 ἀμφοῖν
1095 1127 1157 1216 μὲν
1179 1127 1282 1197 ταῦτά

137 1229 330 1317 πασχόντων
362 1229 429 1300 ῦπό
456 1259 548 1314 τινος
575 1230 736 1320 ἄρχοντός
763 1258 798 1300 τε
825 1231 879 1300 καί
911 1237 1128 1321 κρατοῦντος,
1160 1233 1206 1315 ὡς
1227 1237 1281 1304 καί

136 1341 254 1424 πεινῆν
277 1337 332 1404 καί
355 1341 459 1427 διψῆν
481 1339 536 1408 καί
564 1340 699 1427 ῥιγοῦν,
727 1336 810 1407 ἀλλά
833 1338 978 1426 τοῦμὲν
1004 1340 1119 1428 ἑτέρου
1147 1345 1283 1423 δικαίως

136 1443 356 1530 πεπεισμένου
373 1444 512 1532 πάσχειν
531 1441 627 1530 αῦτά,
649 1449 710 1514 τοῦ
729 1446 765 1514 δὲ
785 1445 898 1533 ἑτέρου
920 1441 1055 1526 ἀδίκως·
1079 1445 1148 1515 εἶτά
1166 1470 1282 1537 φησιν,

137 1546 181 1629 ὡς
204 1547 222 1616 ό
245 1549 308 1636 μέν
331 1552 451 1640 ἔτερος,
475 1549 565 1631 ὅστις
588 1547 632 1619 ἀν
655 1561 762 1639 οίηται
782 1557 919 1632 δικαίως
935 1551 1074 1640 πάσχειν
1096 1557 1200 1634 ταῦτα
1223 1555 1279 1623 διὰ
1296 1581 1321 1618 ιο

135 1653 172 1722 τὸ
201 1654 365 1745 πρότερον
392 1655 493 1739 αὐτὸς
520 1655 649 1728 ἀδικεῖν
680 1686 728 1742 τι,
760 1659 854 1746 φέρει
881 1657 995 1749 πρᾴως
1021 1656 1104 1727 αὐτὰ
1131 1661 1187 1728 καλ
1219 1658 1280 1730 οῦκ
1364 1691 1366 1696 ·

135 1757 295 1850 ὀργίζεται
327 1767 372 1854 τῷ
410 1769 547 1844 δικαίως
581 1765 769 1851 κολάζοντι,
807 1765 862 1834 καὶ
893 1765 1041 1858 τοσοῦτμ
1074 1793 1110 1852 γε
1141 1771 1280 1854 μᾶλλον,

134 1877 254 1956 φησίν,
278 1867 407 1962 ὅσῳπερ
430 1867 473 1939 ἀν
496 1871 551 1940 καί
575 1871 805 1962 γενναιότερος
827 1865 848 1962 ῆ
876 1874 1000 1960 (εἴρηκε
1024 1872 1060 1940 δὲ
1083 1877 1182 1942 τοῦτο
1205 1877 1279 1963 περὶ

134 1973 239 2046 αῦτοῦ
260 1981 321 2045 τοῦ
343 1979 579 2064 κολαζομένου·
603 1971 701 2059 οὗτος
722 1979 803 2066 γάρ,
826 1977 956 2070 ὅσῳπερ
984 1976 1027 2048 ἀν
1050 1976 1280 2068 εὐγενέστερος

135 2233 184 2349 ΙΔΙ
205 2229 361 2334 συμμαχεῖν
379 2225 655 2350 ΙιΜΑὶΒισομραχεῖ
668 2225 901 2352 CoranhKcfio
923 2235 1084 2354 μαηεῖΡαοῗί
1104 2263 1136 2270 -
1160 2233 1278 2356 imiimi

135 2313 641 2436 -i-{itui'toioiiwtrii‘irvvliiuffmri
655 2315 858 2437 :iiastipoiir‘p
879 2315 993 2438 τεάευοτῆ
1014 2317 1065 2423 Arg
1088 2309 1278 2442 Ιῆωτελεθοτιῆσῃῆ

135 2439 155 2492 L
180 2437 261 2493 Corn.
286 2469 318 2476 —
349 2443 365 2493 6
388 2433 563 2506 άνακληδελς
581 2438 639 2492 LM
661 2433 828 2502 ἀνακλιθεὶς
851 2437 982 2494 ABchK
1007 2435 1209 2506 *άνακλινδελς
1234 2445 1279 2498 vel

133 2506 318 2578 άνακληδελς’
339 2507 433 2574 Gorn.;
457 2509 704 2579 cf.Pr011.p.2o.
728 2539 762 2550 -
785 2517 802 2564 6
825 2511 915 2564 ταῦτα
934 2511 964 2566 L.
989 2543 1022 2552 -
1046 2519 1062 2566 9
1086 2508 1159 2568 καθ’
1180 2509 1294 2582 ἑτέρον

133 2597 184 2650 pro
202 2581 253 2636 τοῦ
272 2577 304 2635 δέ
326 2576 364 2638 ἕτ.
382 2581 412 2635 L.
433 2611 466 2620 -
493 2587 525 2636 10
544 2573 619 2643 ὅστις
637 2598 691 2637 om.
709 2580 741 2635 1..
761 2611 796 2622 -
818 2575 856 2636 ἀν
875 2599 929 2638 om.
948 2582 1119 2650 Lnsschlo
1138 2584 1173 2639 cf.
1192 2585 1277 2640 Proll.

133 2669 179 2721 pp.
198 2657 234 2706 36
252 2653 282 2706 ct
300 2657 342 2707 66.
362 2683 393 2691 -
420 2653 508 2706 οἴεται
528 2651 560 2706 K.
581 2683 613 2690 —
640 2659 670 2706 11
696 2653 726 2705 τί
741 2653 772 2706 δε
792 2652 853 2721 (sic)
877 2652 959 2721 φέρει
979 2653 1008 2706 Μ
1030 2657 1060 2708 τί
1075 2653 1176 2723 φέρειν
1194 2656 1225 2712 L.
1245 2689 1279 2698 -

136 2731 168 2776 12
188 2717 351 2790 ὀργίζεσθαι
369 2723 400 2776 L.
420 2753 453 2762 -
475 2729 507 2776 16
526 2717 563 2777 ἀν
582 2721 630 2778 καί
648 2718 845 2792 γενναιότερος
864 2724 885 2778 L
904 2717 941 2778 ἂν
960 2743 1035 2794 γενν.
1055 2725 1185 2781 MABCh
1204 2720 1277 2800 ἀνῆ

133 2812 209 2861 γενν.
229 2793 253 2846 Κ
271 2785 308 2846 ἀν
327 2793 375 2846 καί
393 2813 468 2862 γενν.
487 2785 505 2866 ᾖ
525 2811 584 2848 nos.
604 2825 636 2834 -
658 2801 691 2850 14
709 2793 759 2849 τοῦ
779 2811 833 2848 om.
852 2794 883 2848 L.
902 2826 937 2834 —

133 3044 281 3112 iustum
319 3044 486 3130 videtur,
523 3045 747 3130 opitulatur
780 3049 892 3130 atquc
925 3068 993 3130 per
1026 3047 1177 3133 famem,
1213 3073 1278 3134 per

132 3151 259 3238 frigus
284 3151 439 3237 aliaque
461 3151 499 3218 id
527 3173 659 3238 genus,
687 3153 781 3218 dum
803 3156 1042 3236 perseverat,
1069 3156 1193 3220 vincit
1215 3179 1278 3222 ns·

83 3285 87 3292 ·
132 3281 202 3344 quc
225 3259 334 3344 prius
359 3282 379 3323 s
405 3280 595 3345 generoso
625 3281 738 3343 opero
762 3259 940 3344 desistit,
967 3283 1078 3345 quam
1105 3263 1277 3347 celper-

131 3365 274 3430 fecerit
300 3366 360 3430 vel
388 3365 506 3430 finem
535 3365 734 3432 invenerit
762 3365 824 3430 vel
856 3369 898 3430 ut
929 3367 1036 3432 canis
1069 3390 1089 3433 a
1120 3372 1278 3452 pastore
1364 3434 1368 3442 ,

131 3473 556 3556 remurmuratione,
576 3495 670 3557 quac
687 3473 728 3538 in
742 3495 784 3538 co
804 3477 876 3557 cst,
893 3473 1098 3559 mitigatus
1116 3473 1277 3539 fucrit?'

131 3574 205 3641 Hoc
233 3576 305 3642 loco
335 3577 430 3644 Pluto
458 3601 569 3644 rursus
599 3579 679 3645 duos
700 3578 850 3645 homines
874 3578 1065 3664 introducit,
1093 3581 1148 3666 qui
1180 3583 1277 3648 ambo

131 3682 263 3767 quidem
290 3683 406 3750 iisdem
434 3685 529 3751 malis
557 3708 577 3749 s
604 3686 751 3770 principe
779 3685 918 3770 quodam
947 3689 981 3752 ct
1007 3689 1140 3771 potentc
1169 3689 1277 3753 affecti

131 3789 279 3854 esuriant
301 3793 334 3853 et
361 3791 477 3857 sitiant
499 3796 533 3858 et
559 3793 716 3878 frigeant,
749 3793 831 3858 alter
860 3797 971 3858 tamen
998 3814 1190 3877 persuasum
1213 3794 1276 3860 sibi

130 3895 253 3961 habeat
280 3895 380 3980 iuste,
407 3897 489 3963 alter
516 3899 636 3964 iniuste
668 3896 703 3964 id
738 3898 1005 3984 pati;‚dcinccps
1033 3900 1081 3964 cit
1108 3922 1194 3985 eum,
1221 3901 1276 3985 qui

130 4003 203 4066 iure
239 4001 320 4068 hacc
358 4024 392 4067 sc
428 4005 498 4089 pati
536 4005 713 4089 existimet,
749 4009 923 4089 propterca
958 4007 1043 4091 quod
1078 4005 1171 4090 prior
1206 4007 1276 4090 ipsc

131 4109 287 4175 iniuriam
328 4109 490 4195 intulerit,
533 4133 636 4196 aequo
676 4111 785 4176 animo
832 4135 871 4176 ss.
910 4110 994 4176 ferre
1034 4133 1137 4196 nequo
1178 4113 1276 4180 irasci

130 4216 179 4299 ci,
216 4216 272 4300 qui
304 4237 425 4300 poenas
458 4221 601 4303 expetat,
634 4240 735 4303 coque
767 4218 886 4304 magis,
918 4239 981 4302 quo
1013 4219 1201 4303 generosior
1232 4223 1277 4286 sit

129 4359 175 4369 -
194 4323 279 4406 quod
302 4322 493 4388 dictumest
514 4324 553 4389 de
572 4324 654 4409 ipso,
677 4325 732 4408 qui
751 4346 873 4408 poenas
896 4325 965 4408 δον
988 4324 1017 4388 is
1036 4324 1131 4408 enim,
1154 4331 1275 4409 quanto

128 4429 299 4495 honestior
324 4434 442 4496 notura
466 4434 528 4514 cst,
555 4434 648 4496 tanto
675 4430 852 4516 patientius
881 4451 1001 4513 poenos
1023 4431 1089 4496 fert
1112 4467 1168 4515 —,
1196 4433 1276 4498 ulte·

185 4543 265 4582 Galsnt
279 4545 306 4582 dc
321 4544 381 4584 Ploc.
395 4545 452 4585 Pras
466 4547 488 4582 ct
503 4545 611 4592 Hippocr.
625 4545 687 4584 libri.
788 4587 794 4598 ,
1028 4541 1061 4588 31
