3298 5136
611 453 855 516 -161-

248 611 332 692 Τρία
360 605 425 694 γάρ
452 609 543 675 ἐστιν
571 605 699 695 ὄργανα
726 607 940 696 παραπλήσια
967 611 1028 697 μὲν
1060 605 1216 699 ἀλλήλοις
1242 607 1304 699 τὴν

152 710 293 800 μορφὴν
309 716 371 780 τοῦ
393 713 555 802 σώματος,
578 711 640 782 ούιι
660 710 777 800 ὀλίγον
799 715 834 782 δὲ
855 717 1034 803 ἐνεργείαις
1052 744 1085 785 τε
1104 721 1158 786 καὶ
1183 725 1306 807 χρείαις

153 817 407 888 διαλλάττοντα·
430 819 711 909 προσαγορεύεται
735 821 772 888 δὲ
796 818 908 890 αὐτῶν
932 821 937 910 Ι
961 822 998 891 τὸ
1022 823 1085 910 μὲν
1108 829 1242 911 νεῦρον,
1264 825 1371 898 vom

153 923 190 992 ol
214 923 413 1014 σύνδεσμος,
436 925 473 996 τὸ
498 927 534 996 δὲ
557 929 673 996 τίνων.
709 925 745 994 τὸ
769 927 833 1014 μὲν
856 927 898 1015 δὴ
917 934 1041 1016 νεῦρον
1064 932 1097 1012 ἐξ
1121 931 1305 1018 ἐγκεφάλου

151 1029 287 1112 πάντας
304 1028 325 1119 ἢ
344 1039 505 1101 νωτιαίου
527 1035 674 1120 πέφυκεν
693 1043 855 1120 αίσθησιν
877 1030 897 1122 ἢ
921 1042 1056 1124 κίνησιν
1078 1031 1099 1123 ἢ
1122 1035 1159 1106 τὸ
1179 1057 1337 1124 συναμσ

152 1136 301 1226 φύτερον
324 1133 375 1218 οἷς
396 1133 441 1207 ἂν
459 1138 623 1226 ἐμφύηται
642 1139 808 1228 παράγον·
832 1138 850 1208 ὀ
875 1140 1062 1230 σύνδεσμος
1085 1143 1122 1210 δὲ
1141 1141 1304 1230 ἀναίσθη-

151 1270 209 1324 τος
236 1245 300 1333 μέν
326 1247 430 1333 ἐστιν,
457 1243 478 1332 ἡ
506 1252 599 1333 χρεία
628 1245 664 1313 δὲ
692 1243 797 1314 αὐτοῦ
823 1245 906 1316 κατὰ
934 1247 1096 1337 τοῦνομα·
1124 1248 1240 1330 λοιπὸς
1267 1251 1303 1318 δὲ

152 1347 171 1418 δ
195 1352 304 1420 τίνων
326 1353 428 1440 τέρας
451 1353 519 1420 ἐστὶ
542 1355 708 1439 νευρῶδες
729 1352 814 1440 μυὸς
837 1353 873 1420 in
891 1356 1083 1442 συνδέσμου
1105 1356 1160 1424 καὶ
1179 1355 1303 1445 νεύρου

152 1457 380 1545 γεννώμενος,
407 1455 452 1538 ὡς
474 1465 512 1527 ἔν
533 1485 567 1527 τε
591 1459 757 1545 τοῖςπερὶ
784 1463 881 1546 μυῶν
903 1461 1064 1548 κινήσεως
1090 1460 1172 1550 ἡμῖν
1199 1464 1303 1530 ἐπιδέ-

152 1567 280 1632 δεικται
308 1562 373 1633 κᾶν
402 1580 474 1645 ταῖς
506 1562 721 1652 ἆνατομιιιαῑς
754 1564 964 1654 ἐγγειρήσεσι.
1021 1571 1145 1652 νεύρου
1170 1569 1233 1656 μὲν
1261 1569 1303 1658 δὴ
1319 1594 1343 1632 ιο

151 1673 222 1737 πᾶν
244 1667 389 1759 ἆιιριβῶς
416 1674 484 1741 ἐστι
513 1673 737 1761 στρογγύλον,
765 1675 802 1740 σί
820 1673 972 1753 τίνοντες
999 1673 1035 1741 δὲ
1063 1670 1125 1760 σύχ
1152 1672 1303 1758 ἅπαντες,

152 1781 201 1844 ἔτι
235 1776 272 1844 δὲ
303 1781 432 1866 μᾶλλον
464 1783 500 1847 oi
528 1777 724 1867 σύνδεσμοι·
756 1777 981 1848 πλατύνονται
1009 1777 1073 1868 γὰρ
1105 1785 1142 1848 oi
1170 1788 1304 1862 πλείους

151 1879 266 1952 αὐτῶν
289 1887 336 1964 εἰς
358 1881 481 1973 ὑμένος
503 1887 608 1954 ίδέαν.
653 1882 735 1954 ἀλλὰ
760 1882 850 1973 ὑμὴν
876 1885 939 1973 μὲν
960 1884 1046 1966 ἅπας
1068 1883 1212 1973 ἀκριβῶς
1234 1890 1303 1956 ἐστι

151 1989 270 2070 λεπτὸς
291 1992 347 2060 καί
374 1991 535 2079 μαλακός,
563 1991 751 2080 σύνδεσμος
778 1992 814 2060 δὲ
843 1991 985 2080 σκληρὸς
1012 1993 1067 2060 καὶ
1094 1991 1201 2080 παχὺς
1227 1991 1302 2062 τού-

150 2102 268 2165 τιίιιαν.
322 2103 406 2166 ἔνιοι
439 2098 501 2187 μὲν
533 2095 646 2166 αὐτῶν
674 2098 981 2187 νευροχονδρύδεις
1012 2096 1236 2186 ὀνομάζονταί
1266 2127 1301 2172 τε
1316 2123 1341 2163 σ

151 2208 212 2270 καί
231 2207 330 2272 εἰσιν·
354 2202 430 2272 οὔτε
454 2205 492 2273 δὲ
513 2203 605 2294 ὑμὴν
628 2203 705 2274 οὔτε
733 2209 857 2293 νεῦρον
879 2203 956 2272 οὔτε
979 2204 1085 2273 τίνων
1113 2210 1160 2286 είς
1182 2205 1302 2274 τοσαύ-

188 2433 205 2480 3
224 2421 411 2482 διαλείποντα
438 2426 458 2482 C
483 2425 685 2483 διαλλάττοντα
705 2427 762 2483 Cui.
787 2459 820 2467 -
844 2434 861 2482 6
880 2421 1023 2496 ἐκφύηται
1041 2427 1076 2482 0¹
1099 2423 1244 2499 ἐμφύηται
1267 2429 1301 2484 0²

153 2495 212 2552 Cei.
231 2529 264 2538 -
287 2504 301 2552 'l
321 2495 418 2561 λοιπὸς
436 2496 468 2554 δὲ
487 2497 576 2554 τίνων
596 2498 616 2554 C
637 2501 716 2565 celt.;
735 2515 785 2554 noe
809 2503 832 2553 λ.
851 2500 877 2553 δ.
896 2493 912 2552 ὁ
930 2497 1028 2554 τίνων.
1049 2530 1081 2538 -
1105 2505 1121 2554 8
1140 2495 1301 2568 νευρώδους

152 2567 173 2622 C
193 2569 334 2638 νευρῶδες
352 2567 412 2625 Gai.
436 2569 481 2638 (cl.
501 2571 586 2625 Proll.
609 2588 638 2641 p.
657 2573 709 2640 44).
729 2601 764 2610 —
789 2577 822 2624 14
845 2567 877 2624 <ll
898 2565 1016 2639 σκληρὸς
1034 2569 1068 2624 0¹
1096 2567 1129 2625 dl
1152 2572 1202 2625 καὶ
1220 2575 1299 2639 σκλη-

152 2635 202 2708 ρὸς
221 2638 256 2696 0¹
275 2639 334 2696 Oai.
354 2641 403 2710 (el.
422 2641 507 2698 Proll.
527 2659 554 2711 p.
574 2643 619 2710 43)
639 2672 672 2681 -

244 2845 321 2912 'Pria
339 2847 423 2914 enim
447 2850 523 2914 sunl
545 2849 772 2932 instrumenta,
795 2870 876 2934 quae
896 2848 981 2913 inter
1004 2871 1038 2913 se
1061 2848 1167 2914 forma
1186 2871 1299 2934 eorpo-

154 2953 200 3018 ris
220 2953 341 3019 similia
358 2976 432 3020 oum
451 2954 526 3039 sini,
545 2954 728 3020 actionibus
742 2957 776 3019 el
793 2955 906 3020 usibus
924 2977 991 3020 non
1009 2955 1143 3039 paulum
1162 2955 1298 3039 distent3

152 3083 252 3126 unum
276 3083 314 3126 ex
338 3060 390 3125 hie
414 3082 545 3144 nervae,
569 3061 707 3125 alierum
727 3061 853 3145 copula,
876 3063 1010 3128 tertium
1031 3060 1138 3126 τέναν
1162 3060 1298 3126 aGree·

152 3169 213 3250 eie,
237 3169 374 3234 anobis
397 3167 495 3233 leudo
519 3167 710 3251 appellatur.
757 3167 805 3232 Αο
832 3189 950 3232 nervus
973 3168 1103 3254 quidem
1126 3190 1144 3232 e
1167 3167 1298 3234 cerebro

154 3274 285 3340 omnino
314 3278 372 3338 aut
395 3273 537 3339 medulla
564 3274 683 3358 epineli
711 3273 856 3338 exoritur
878 3296 1070 3359 sensumque
1094 3278 1151 3339 aut
1173 3277 1298 3339 motum

153 3385 210 3446 aul
242 3379 413 3466 uirumque
454 3381 570 3466 quibus
602 3380 757 3444 inseritur
795 3381 950 3444 membris
986 3380 1118 3445 inducit
1173 3379 1299 3463 Copula

153 3491 261 3554 aulem
290 3509 403 3552 sensus
431 3486 560 3573 quidem
589 3509 701 3572 expers
731 3490 796 3568 eet,
827 3509 923 3551 usum
953 3489 1062 3551 autem
1089 3485 1191 3550 habet
1217 3507 1300 3568 eum,

152 3615 248 3677 quem
272 3594 343 3678 ipso
366 3593 497 3658 nomine
524 3593 655 3660 indicat.
700 3591 816 3658 Restat
844 3593 956 3676 tendo,
986 3593 1041 3678 qui
1064 3592 1138 3656 finis
1161 3591 1299 3656 musculi

150 3721 309 3766 nervosus
340 3705 391 3765 eet
422 3723 439 3764 e
471 3701 589 3784 copula
616 3704 649 3765 el
678 3721 778 3765 nervo
809 3701 996 3784 generatus,
1028 3698 1298 3785 quemadmodum

151 3809 186 3870 el
213 3807 248 3872 in
274 3806 368 3872 libris
396 3807 435 3872 de
457 3808 679 3873 musculorum
707 3809 798 3871 motu
827 3809 860 3870 el
887 3805 922 3870 in
945 3805 1138 3898 anatomieie
1162 3805 1298 3870 admini-

151 3913 366 3979 strationibus
391 3937 410 3978 a
433 3935 483 3978 me
507 3914 764 3979 demonstratum
789 3916 846 3977 eet.
887 3911 1015 3976 Nervus
1039 3915 1208 3996 praeterea
1231 3934 1297 3977 om·

150 4020 202 4084 uie
240 4024 326 4084 teres
359 4020 533 4085 admodum
565 4024 628 4104 σοὺς
667 4019 814 4084 lendines
847 4040 913 4083 non
946 4041 1071 4102 omnes,
1105 4018 1157 4082 hie
1190 4017 1297 4082 minus

151 4127 297 4211 copulae,
319 4149 455 4212 quarum
474 4126 645 4212 pleraeque
664 4125 699 4190 in
717 4125 925 4190 membranae
949 4125 1091 4209 speeiem
1110 4123 1298 4188 dilatantur.

151 4231 215 4297 Sed
244 4233 433 4298 membrana
462 4233 567 4298 omnis
594 4232 701 4298 lenuis
729 4231 825 4315 plane
854 4253 891 4295 ao
921 4231 1045 4313 mollis,
1072 4229 1190 4313 copula
1217 4227 1298 4292 dure

151 4343 184 4404 et
206 4361 317 4404 crassa
343 4341 473 4425 penitus
497 4344 548 4404 est
575 4361 612 4404 ae
634 4338 809 4404 nonnullae
836 4337 967 4422 quidem
989 4357 1146 4402 nervosae
1169 4335 1298 4400 cartila-

151 4446 328 4532 gineaeque
365 4450 398 4510 el
431 4447 641 4512 nominantur
673 4449 706 4509 el·
736 4447 823 4529 eunt3
861 4447 896 4507 ai
926 4463 986 4506 nec
1016 4442 1207 4506 membrana
1236 4463 1296 4505 nee

204 4559 286 4601 Geloni
299 4560 326 4602 tl·
340 4561 399 4601 l’lao
413 4560 471 4600 eut.
485 4563 508 4600 el
521 4560 629 4609 Hippoor.
643 4559 706 4599 libri.
937 4558 943 4573 “
1051 4551 1080 4600 ll
1124 4607 1145 4646 ·
