3246 5148
785 403 1004 465 ..ρη-

321 585 392 624 cnm
417 565 581 625 corrector
609 562 657 624 vel
687 562 840 626 librarius
869 563 1003 625 verbum
1031 561 1160 644 aliquod
1189 561 1247 624 tali
1276 560 1372 623 modo
1403 582 1480 623 cor-

322 676 451 752 ruptum
472 669 641 731 emendare
657 677 792 732 conatus
807 675 869 751 est,
889 669 1077 752 plerumque
1093 669 1179 732 malo
1195 690 1358 748 successu,
1376 689 1480 750 prae·

320 775 432 838 sertim
457 799 529 838 cum
554 798 611 838 τινα
632 777 899 839 conformationis
925 777 1096 839 verborum
1120 799 1176 838 nec
1201 774 1380 838 sententiae
1408 773 1479 837 loci

321 883 480 947 rationem
505 881 603 944 ullam
629 881 771 945 haberet.
816 882 975 966 Exempla
1000 883 1134 965 praehet
1153 881 1287 962 Aldina,
1310 904 1327 943 e
1350 881 1479 964 quibus

321 1013 371 1070 ca,
394 989 526 1072 quaein
546 993 670 1052 ceteras
689 989 846 1052 editiones
864 990 1038 1072 fluremnt,
1061 989 1231 1072 elegimus:
1255 1010 1285 1070 p.
1302 988 1368 1050 250
1385 986 1479 1050 med.

322 1091 442 1177 Ζήνων
466 1091 501 1158 δὲ
526 1092 578 1158 καί
605 1090 797 1178 Χρύσιππος
819 1093 872 1158 καί
894 1094 1060 1178 Διογένης
1083 1088 1166 1158 οἵτ’
1192 1090 1284 1157 ἄλλοι
1311 1096 1479 1164 Στωϊκοί,

321 1195 384 1264 κάν
406 1195 561 1285 μυριάκις
589 1199 640 1264 ἐπὶ
663 1202 708 1288 τῷ
732 1197 819 1287 λόγῳ
844 1203 1032 1284 θαρρῶσιν,
1061 1195 1121 1284 οὐχ
1150 1196 1321 1282 εὕρωσιν
1348 1193 1479 1262 ἀπολο-

322 1307 491 1391 γήσασθαι
518 1306 591 1391 περὶ
620 1308 687 1372 τ’ῶν
714 1302 959 1391 ἁμαρτημάτων
986 1302 1106 1384 αὐτοῦς
1136 1331 1195 1390 pro
1226 1302 1370 1388 εὕρωσιν
1400 1306 1477 1369 cod.

322 1415 355 1478 M
380 1417 515 1498 praehet
541 1414 720 1492 ἕξουσιν,
747 1437 810 1497 qno
839 1415 921 1478 nihil
950 1417 1057 1478 verius
1085 1437 1155 1476 esse
1183 1416 1300 1496 potest
1344 1412 1379 1476 P.
1404 1413 1478 1476 215

323 1523 402 1584 med.
427 1522 583 1603 Galenus,
611 1525 646 1584 ut
669 1521 785 1584 doceat
808 1529 932 1585 veteres
955 1521 1126 1585 ventriculi
1154 1519 1312 1584 oritieium
1336 1513 1387 1603 (τὸ
1411 1518 1477 1600 τῆς

322 1624 463 1708 γαστρὸς
490 1624 609 1712 στόμα)
638 1649 693 1690 cor
720 1624 890 1712 (καρδίαν)
919 1628 1116 1711 appellasse,
1143 1628 1250 1690 locum
1280 1647 1319 1689 er
1342 1624 1474 1709 Hippo-

322 1734 421 1796 cratis
450 1733 596 1816 Epidem.
625 1741 700 1796 sect.
729 1735 749 1797 2
779 1734 872 1817 citat,
903 1736 958 1818 qui
987 1756 1028 1797 ne
1056 1735 1089 1798 in
1120 1734 1307 1798 novissimis
1340 1732 1475 1814 quidem

322 1837 439 1901 Littrei
464 1845 495 1902 et
519 1839 657 1903 Ermerii
682 1840 879 1904 editionibus
904 1850 1096 1924 persanatus
1121 1845 1183 1923 est,
1206 1839 1322 1902 nedum
1345 1840 1379 1902 in
1403 1838 1474 1901 edi·

323 1944 466 2008 tionibus
491 1945 614 2010 ltaleni.
661 1945 722 2009 Sed
746 1947 897 2030 qnoniam
923 1949 1028 2012 loemn
1052 1955 1251 2031 pertractare
1280 1969 1298 2008 a
1325 1945 1473 2028 disputa·

323 2051 421 2114 tionis
444 2057 574 2114 nostrae
602 2053 728 2116 ratione
755 2076 839 2117 mmc
864 2055 1005 2118 alienum
1030 2061 1092 2138 est,
1120 2055 1152 2117 id
1182 2057 1308 2116 tantum
1332 2073 1473 2116 comme-

323 2157 471 2240 morabo,
495 2159 579 2241 qnod
599 2159 667 2222 edd.
683 2159 754 2224 Ald.
770 2167 802 2224 et
816 2160 916 2224 Basil.
931 2161 1088 2243 scriptum
1107 2161 1228 2224 habent
1246 2156 1301 2222 καὶ
1326 2152 1472 2241 ἀνήλκε

324 2254 377 2328 οἷα
400 2258 440 2328 τὰ
458 2268 636 2347 κηρίωνας,
660 2263 805 2341 l'harter.
826 2273 858 2330 et
876 2267 1002 2330 Knehn.
1020 2263 1075 2330 καὶ
1095 2260 1259 2346 ἀνεῖλκεν,
1283 2265 1472 2348 corruptius

323 2393 419 2454 quam
449 2371 535 2454 quod
564 2373 599 2436 in
628 2372 662 2435 M
692 2373 812 2457 legitur
841 2367 990 2457 ἀνήνηεν
1018 2373 1039 2437 i.
1070 2394 1096 2435 e.
1125 2365 1303 2454 ἀνήμεεν.
1356 2367 1472 2454 (Codd.

323 2477 493 2561 Hippocr.:
524 2473 585 2542 οὐκ
612 2473 734 2562 ἀνήμεε
763 2471 817 2542 οἷα
845 2475 885 2543 ric
913 2477 1109 2565 Χαρίωνος.)
1153 2478 1188 2542 P.
1216 2478 1281 2542 :365
1309 2482 1387 2561 post
1413 2477 1473 2541 in:

323 2585 354 2646 εί
374 2579 437 2666 τήν
459 2584 517 2665 τῆς
539 2581 670 2668 πρώτης
691 2585 849 2669 γενέσεως
872 2580 979 2669 ἀρχὴν
1005 2587 1073 2650 τῶν
1100 2585 1235 2667 φλεβῶν
1259 2587 1361 2666 ζητεῖς
1384 2581 1471 2667 (lege

325 2685 460 2774 ζητοίς),
485 2679 570 2773 ήπάρ
594 2690 695 2755 ἐστιν·
719 2694 750 2755 εί
766 2694 823 2775 τῆς
845 2689 927 2758 κατά
945 2687 1008 2776 τήν
1027 2688 1111 2775 ὕλην
1130 2687 1338 2774 διοικήσεως,
1363 2677 1471 2775 pirei-

324 2817 420 2877 φεται
442 2791 479 2859 τὸ
504 2792 638 2880 σύμπαν
661 2799 770 2882 σῶμα,
796 2796 850 2862 καὶ
879 2796 1068 2882 δυνάμεως,
1097 2792 1170 2863 οὐδ’
1197 2793 1302 2872 οὕτως
1329 2792 1411 2860 ἄλλο
1438 2819 1470 2859 τι

325 2899 515 2984 σπλάγχνον
538 2897 688 2987 εὑρήσεις
711 2903 976 2989 ἐπιτηδειότατον
1004 2903 1088 2990 (lege
1113 2900 1389 2989 ἐπιτηδειότερον)
1413 2897 1471 2984 ἀρ-

324 3003 387 3092 χὴν
411 3011 669 3094 νομισθήναις
693 3013 807 3076 melius
826 3013 860 3076 M
885 3007 1116 3096 ὁρισθῆναι,
1140 3034 1203 3095 quo
1227 3010 1379 3074 restituto
1399 3031 1469 3072 sen-

324 3115 427 3179 tentia
450 3117 524 3180 erit:
558 3116 608 3181 ‘Si
632 3120 756 3201 primae
776 3120 994 3203 generationis
1014 3141 1169 3183 venarum
1189 3116 1346 3201 originem
1366 3115 1469 3198 requi-

325 3243 392 3305 ras,
415 3221 503 3285 iecur
527 3229 588 3308 est3
613 3227 640 3288 ai
664 3226 915 3310 dispensationis
940 3226 1108 3308 materiae,
1136 3247 1200 3308 qua
1222 3227 1328 3288 totum
1352 3245 1469 3305 corpus

325 3329 437 3412 alitur,
467 3329 664 3414 principium
695 3337 833 3414 spectes,
865 3355 905 3395 ne
936 3333 982 3394 siu
1015 3332 1145 3416 quidem
1175 3331 1263 3395 aliud
1293 3329 1469 3413 quodpiam

326 3435 431 3498 viscus
455 3436 613 3521 invenies,
637 3438 722 3522 qnod
746 3438 940 3522 principium
964 3439 1090 3503 definiri
1114 3439 1222 3522 aptius
1246 3433 1371 3520 possit'

413 3541 523 3605 Tertio
548 3545 657 3627 modo,
681 3568 774 3628 quem
795 3568 893 3628 supra
916 3545 949 3608 in
970 3547 1098 3610 omissis
1123 3545 1172 3607 vel
1194 3542 1313 3608 litteris
1333 3542 1384 3606 vel
1404 3542 1468 3624 syl·

325 3645 409 3710 labis
433 3652 581 3713 constare
599 3651 752 3735 diximus,
775 3657 888 3716 contra
907 3652 1173 3735 orthographiam
1191 3651 1226 3715 in
1245 3649 1365 3714 Aldina
1388 3653 1470 3712 cete-

326 3752 433 3835 risque
457 3755 651 3820 editionibus
675 3756 726 3820 his
747 3758 828 3822 locis
848 3764 1016 3842 peccatum
1037 3762 1098 3822 est:
1122 3781 1152 3841 p.
1167 3757 1229 3822 341
1252 3760 1330 3819 extr.
1348 3749 1385 3818 τὸ
1406 3749 1469 3837 γὰρ

325 3851 501 3943 ἀποτεμεῖν
523 3857 562 3925 τὰ
586 3852 652 3927 ὦτα
676 3861 729 3927 καὶ
752 3861 814 3948 τήν
837 3864 913 3947 ῥῖνα
941 3863 995 3929 καὶ
1024 3860 1202 3929 διασπάσαι
1226 3856 1383 3936 πολλάκις
1406 3855 1468 3924 ἀλ-

326 3969 419 4040 λους
446 3959 639 4032 ἀπειλοῦσιν
667 3970 703 4033 οί
730 3965 914 4055 ἅνθρωποι.
960 3969 1037 4036 Cod.
1064 3970 1098 4034 M
1131 3970 1266 4054 praebet
1295 3960 1470 4049 ἀλλήλους,

325 4073 441 4136 melius
466 4078 574 4137 autem
594 4076 746 4139 scribitur
769 4070 968 4162 ἀλλήλοις,
992 4077 1155 4143 ‘homines
1178 4075 1254 4140 irati
1274 4079 1355 4141 alter
1374 4075 1469 4140 alteri

326 4179 492 4244 minantur
516 4203 609 4244 aures
633 4187 665 4245 et
684 4204 797 4247 nasum
819 4207 851 4246 se
873 4186 1085 4268 abscissuram
1109 4183 1270 4248 interdum
1290 4184 1388 4247 etiam
1408 4182 1470 4245 dis-

327 4292 493 4368 cerpturos
518 4287 607 4352 esse?
644 4289 677 4352 l'.
692 4289 757 4352 3⁴56
780 4296 857 4354 extr.
881 4287 1100 4377 (Χρύσιππος)
1122 4291 1183 4354 τοῦ
1205 4289 1395 4372 λογιστικοῦ
1414 4288 1471 4370 τῆς
1517 4335 1523 4344 -

329 4392 433 4476 ψυχῆς
459 4389 567 4476 μόνον
594 4392 754 4479 μέμνηται
782 4400 993 4479 παραλείπων
1022 4392 1060 4460 τό
1087 4390 1116 4461 τ’
1147 4390 1387 4481 ἐπιθυμητικὸν
1415 4391 1469 4458 καὶ
