3166 5192
573 425 816 490 -509—

120 585 320 672 θυμητικήν.
379 587 415 652 οί
445 583 481 650 δὲ
515 581 659 650 Στωϊκοί
693 578 772 650 οὐδὲ
805 578 916 666 ψυχὴν
949 577 1033 656 ὅλως
1065 575 1265 664 ὀνομάζουσι

118 691 181 778 τὴν
204 691 243 758 τὰ
267 689 355 778 φυτὰ
380 691 592 772 διοικοῦσαν,
615 685 698 756 ἀλλὰ
722 685 837 773 φύσιν.
882 681 1067 771 ὀνομαζέτω
1096 685 1158 772 μὲν
1181 675 1263 772 οὖν)

119 798 267 884 ἕκαστος,
290 793 335 876 ῶς
363 791 406 863 ἀν
435 795 551 882 ἐθέλῃ,
579 794 652 880 περὶ
683 793 719 861 δὲ
742 796 810 860 τῶν
834 793 985 880 ἐναργῶν
1013 793 1051 858 έν
1072 807 1141 870 τοῖς
1163 791 1332 878 accip-522

119 925 198 991 μασι
223 906 397 990 διαφορῶν
421 898 585 982 ἀποδείξει
610 899 816 983 πιστούσθω,
840 897 990 985 καθάπερ
1014 895 1107 985 ἡμεῖς
1130 899 1181 966 ἐπὶ
1205 899 1267 985 μὲν

35 1083 42 1090 ,
121 1010 306 1096 ἐγκεφάλου
333 1009 387 1077 καὶ
415 1012 555 1094 καρδίας
585 1013 776 1094 ἔμπροσθεν
809 1003 1026 1092 ἐποιήσαμεν,
1059 1001 1110 1090 ἐφ’
1144 1002 1293 1092 ἦπατοςο

121 1118 156 1184 δέ
181 1115 262 1184 κατὰ
285 1115 346 1184 τὸν
370 1117 531 1182 ἐνεστῶτα
555 1114 659 1200 λόγον
686 1111 868 1200 ὁρμώμεθα
892 1117 1051 1180 διελθεῖν.
1097 1109 1266 1199 ἀρξόμεθα

121 1223 156 1290 δέ
181 1219 244 1291 ἀπὸ
268 1226 336 1290 τῶν
356 1222 613 1307 ἐναργεστέρων,
635 1223 691 1288 ἵνα
711 1221 961 1306 γυμνασθέντες
979 1221 1017 1286 έν
1034 1217 1165 1298 τούτοις
1183 1221 1268 1308 ῥᾷον

121 1328 305 1416 έξεύρωμέν
332 1354 363 1395 τι
391 1332 460 1396 τῶν
486 1324 724 1413 ἀμυδροτέρου
752 1324 819 1413 ἅμα
847 1352 881 1394 τε
909 1325 1105 1412 προτάσεων
1128 1322 1267 1412 εὐπορή-

122 1455 232 1523 σωμεν
260 1439 307 1513 είς
334 1432 427 1502 αύτά.
477 1433 714 1520 ἐναργέστερον
747 1436 788 1500 δέ
817 1433 907 1500 ἐστιν
939 1430 1002 1501 ἀπὸ
1035 1435 1102 1500 τῶν
1134 1435 1268 1518 φλεβῶν

11 1637 12 1640 ¹
121 1540 286 1628 ἄρξασθαι
319 1541 373 1609 καὶ
407 1543 553 1627 ζητῆσαι,
587 1537 729 1626 πότερον
756 1540 811 1606 καὶ
841 1538 973 1608 τούτων
999 1538 1091 1606 ἐστὶν
1117 1535 1200 1626 ἀρχὴ
1229 1537 1266 1606 τὸ
1283 1562 1308 1601 ιο

121 1639 224 1735 ἧπαρ,
252 1645 297 1728 ῶς
319 1645 487 1734 ἀρτηριῶν
510 1647 572 1734 μὲν
594 1643 614 1734 ἡ
638 1651 774 1733 καρδία,
806 1645 939 1733 νεύρων
969 1647 1004 1714 δὲ
1033 1644 1051 1716 ὁ
1077 1646 1267 1731 ἐγκέφαλος,

123 1751 142 1842 ἢ
166 1755 319 1843 καθάπερ
343 1762 426 1822 ἔνιοι
451 1759 655 1840 νομίζουσιν,
680 1749 721 1822 ού
743 1768 814 1832 ταῖς
837 1750 1009 1840 ἀρτηρίαις
1031 1751 1161 1839 μόναις,
1184 1749 1267 1820 ἀλλὰ

120 1861 175 1928 καὶ
203 1877 275 1940 ταῖς
302 1863 426 1947 φλεψὶν
453 1861 624 1948 ἐπιπέμπει
652 1858 711 1940 τάς
739 1857 881 1946 φυσικῶς
899 1858 1111 1947 ’δυνάμειςὴ
1139 1865 1269 1947 καρδία.

122 1967 300 2036 κάλλιστον
327 1961 391 2036 οὖν
418 1973 465 2047 είς
491 1971 590 2036 τοῦτο
622 1967 697 2052 περὶ
729 1968 787 2052 τῆς
812 1964 895 2033 κατὰ
924 1964 965 2032 τὰ
994 1963 1082 2051 φυτδι
1110 1965 1269 2051 γενέσεῶς

121 2101 155 2140 τε
184 2072 252 2161 ἅμα
284 2075 339 2141 καὶ
372 2073 566 2160 διοικήσεως
599 2074 839 2152 ἐπισκέψασθαι
872 2072 1047 2160 πρότερον·
1085 2071 1173 2152 είκὸς
1204 2073 1267 2160 γάρ
1283 2095 1308 2134 ιο

160 2281 321 2354 θέναργῶς
339 2293 397 2348 τοῖς
415 2287 495 2342 codd.
515 2283 610 2342 edd!
597 2285 725 2354 εναργῶν
745 2281 776 2340 ἐν
799 2294 857 2348 τοις
876 2304 991 2342 nos—
1018 2287 1102 2342 ὁκαὶ
1122 2305 1174 2344 om.
1195 2289 1267 2354 MA,

124 2357 159 2411 cf
178 2357 263 2412 Proll.
281 2376 308 2482 ρ.
327 2366 423 2413 41.-
433 2353 505 2414 ,σεδ
526 2377 566 2428 sp.
586 2375 645 2412 vac.
665 2360 851 2426 quatuortt
805 2357 859 2412 litt.
884 2374 941 2426 seq.
962 2361 1039 2428 μεθα
1059 2359 1086 2412 Μ
1106 2332 1267 2430 ὡρμῶμεθά

126 2431 162 2497 A,
182 2429 216 2482 cf.
233 2427 315 2484 Prol.
336 2447 363 2500 p
379 2437 473 2484 40-
495 2425 626 2498 ‘l'post
613 2427 821 2498 εναργεσιέρων
840 2431 910 2514 spat.
931 2447 989 2484 vac
1010 2433 1072 2484 octo
1091 2430 1149 2485 fere
1168 2430 1267 2518 litter.-

123 2501 249 2584 sequitur
271 2501 514 2570 γυμνασθέντες
507 2519 535 2555 ιο
555 2499 643 2554 ΜΑΒ
668 2497 707 2554 ἐν
727 2500 775 2552 ίνα
794 2494 878 2552 vel
863 2517 938 2562 οπως
961 2521 1043 2570 γνμυ.
1062 2500 1143 2556 Corn.
1168 2473 1267 2555 ἐν.”
1227 2521 1255 2555 ιν

123 2565 216 2638 ῶσπερ
239 2591 320 2642 γυμν
345 2571 481 2626 OhK.-
509 2579 540 2626 ll
560 2572 615 2625 τῶν
634 2567 743 2639 νεύρων
766 2569 846 2624 codd.
870 2571 931 2625 edd.
954 2572 1010 2625 τῶν
1034 2573 1208 2638 sustulimus,
1233 2573 1267 2628 cs.

123 2643 207 2696 Proll.
230 2661 257 2712 p
228 2649 401 2782 111Κ6.-
430 2650 463 2698 14
490 2639 648 2712 γεννήσεως
672 2641 751 2698 codd.
780 2641 842 2696 edd.
865 2641 1002 2712 γενέσεως
1025 2659 1075 2699 nos
1103 2644 1165 2700 coll
1194 2614 1269 2699 infra

126 2933 340 3020 cupiditatum
385 2933 589 3000 multitudine
631 2931 911 3018 concupiscentem
950 2937 1160 3019 nuncupavit.
1223 2937 1269 3002 At

126 3043 227 3112 Stoici
251 3042 382 3106 omnino
402 3065 442 3106 ne
466 3042 610 3107 animum
633 3042 772 3126 quidem,
795 3041 850 3126 qui
874 3041 992 3124 stirpes
1016 3042 1189 3126 dispenset,
1213 3045 1268 3108 sed

124 3155 274 3214 naturam
298 3148 527 3234 appellandam
551 3152 691 3212 censent
737 3147 799 3214 Sed
827 3147 970 3230 appellet
994 3171 1070 3212 sane
1094 3171 1157 3232 quo
1182 3151 1268 3234 quis·

124 3277 186 3341 que
209 3257 297 3322 volet
319 3255 459 3337 nomine,
482 3255 578 3320 modo
603 3255 636 3320 in
655 3253 830 3318 manifesta
852 3254 900 3318 rei
918 3254 1135 3339 discrepantia
1157 3260 1269 3322 utatur

125 3363 400 3428 demonstratione
424 3361 464 3426 ad
487 3361 582 3426 fidem
601 3360 783 3426 faciendam
807 3363 894 3444 apta,
917 3361 1186 3446 quemadmodum
1209 3387 1269 3429 nos

126 3473 158 3532 et
182 3491 279 3554 supra
302 3471 336 3533 in
359 3469 491 3532 cerebro
515 3471 547 3531 et
570 3468 665 3533 corde
687 3468 824 3533 fecimus
849 3457 881 3532 et
908 3467 971 3532 hoc
994 3468 1078 3533 libro
1107 3469 1141 3534 in
1164 3471 1269 3535 iecore

11 3629 13 3634 s
126 3575 296 3658 faciemus,
324 3576 362 3638 de
390 3595 453 3658 quo
486 3573 643 3638 disserere
671 3565 886 3660 aggredimur.
937 3575 989 3639 Ab
1017 3575 1269 3641 evidentioribus

11 3703 13 3710 ’
126 3683 235 3746 autern
262 3681 357 3745 rebus
386 3679 602 3764 exordiemur,
630 3704 693 3765 quo
721 3683 755 3748 in
782 3681 833 3746 his
863 3682 1031 3746 exercitati
1058 3685 1127 3746 tum
1156 3683 1269 3748 obscu-

126 3788 213 3854 riora
235 3787 365 3852 facilius
388 3787 587 3871 indagemus,
610 3793 679 3852 tum
698 3789 937 3872 propositiones
961 3789 1001 3853 ad
1021 3811 1059 3854 ea
1081 3789 1116 3854 in
1138 3795 1269 3874 promtu

127 3894 313 3958 habeamus.
366 3892 557 3958 Evidentius
594 3898 702 3959 autem
738 3893 819 3958 illud
856 3899 921 3978 est,
954 3919 973 3960 a
1006 3895 1095 3960 venis
1128 3897 1268 3962 exordiri

127 4005 223 4085 atque
253 4021 419 4085 quaerere,
451 4002 575 4083 utrum,
605 4001 689 4066 sieut
721 4002 913 4068 arteriarum
946 4025 1001 4066 cor
1033 4005 1065 4065 et
1096 4025 1268 4068 nervorum

127 4109 307 4190 cerebrum,
329 4107 377 4171 ita
400 4107 515 4171 haruin
539 4107 632 4191 origo
655 4107 744 4172 iecur
766 4109 810 4172 sit
833 4132 887 4190 an,
914 4113 950 4173 ut
972 4109 1120 4174 nonnulli
1142 4115 1269 4194 putant,

127 4239 192 4280 non
225 4215 353 4279 arteriis
386 4217 527 4296 tantum,
560 4213 615 4278 scd
646 4215 744 4279 etiam
777 4217 867 4280 venis
899 4217 1063 4280 naturales
1096 4215 1268 4280 facultates

128 4345 183 4386 eor
206 4323 325 4386 mittat.
364 4319 484 4384 Verum
503 4322 692 4404 priusquam
712 4321 791 4384 haec
810 4325 996 4404 tractemus,
1020 4323 1179 4406 optimum
1199 4345 1269 4386 esse

128 4429 234 4494 iudico
263 4430 301 4492 de
325 4427 478 4511 stirpium
506 4431 538 4490 et
561 4428 770 4514 generatione
799 4433 832 4492 et
858 4427 1098 4511 dispensatione
1126 4430 1268 4494 conside·
