3376 5144
629 360 867 426 -821-

168 517 222 584 έπλ
250 515 388 584 πάντων
411 513 537 604 ἀληθῆ,
570 516 738 585 δόνασθαι
771 515 833 604 γὰρ
865 513 901 583 τὸ
935 511 1015 582 αὐτὸ
1048 510 1207 581 τάναντία
1235 511 1316 582 κατὰ

167 623 232 692 τὸν
263 618 369 691 αὐτὸν
396 623 521 710 χρόνον
547 623 630 711 πρὸς
660 621 697 692 τὸ
726 619 806 691 αὐτὸ
834 637 941 692 ποιεῖν
969 617 989 687 i'
1017 619 1168 707 πάσχειν,
1196 621 1248 687 ἐπὶ
1276 619 1316 688 ’τά

167 728 277 817 μόρια
300 727 361 797 τὸν
384 729 486 816 λόγον
509 727 687 817 ἀνάγοντα,
717 731 721 820 Ι
750 729 900 816 καθάπερ
924 728 974 796 ent
998 724 1181 814 ἀνθρώπου
1203 747 1381 803 revoc-800

168 839 282 924 μένου
304 835 366 923 μὲν
388 841 500 905 τοῖσδε
523 851 592 916 τοῖς
615 844 753 924 μορίοις,
777 834 998 923 ἡσυχάζοντος
1020 833 1055 902 dl
1078 837 1198 902 τοῖσδε.
1237 832 1316 921 πρό-

168 948 282 1030 δηλον
306 942 381 1030 γάρ,
404 941 449 1023 ὡς
472 942 514 1011 οὐ
537 943 671 1026 σώζεται
694 942 730 1011 τὸ
754 939 876 1010 ταύτὸν
899 939 1040 1028 ἀκριβος
1063 941 1099 1008 έν
1117 955 1185 1020 τοῖς
1206 938 1342 1009 τοιού-τ

167 1072 258 1129 τοις·
286 1045 368 1118 ἀλλὰ
398 1061 430 1118 εί
453 1079 502 1130 τις
526 1053 683 1132 ἐπιδείξαι
707 1050 844 1118 δύναιτο
869 1048 930 1116 τὸν
953 1046 1118 1116 δάκτυλον
1142 1045 1316 1136 ἡσυχάζειν

167 1183 204 1223 τε
231 1153 302 1242 ἅμα
324 1159 379 1224 καὶ
402 1168 581 1243 κινεῖσθαι,
605 1149 702 1237 οὗτος
725 1154 767 1224 ἀν
790 1166 840 1243 είη
863 1154 899 1224 τὸ
926 1156 1167 1243 προειρημένων
1190 1151 1316 1242 ἀξίωμα
1396 1159 1403 1166 ’

169 1264 412 1350 διαβεβληκιός.
463 1267 571 1346 δείξας
598 1256 661 1332 οὖν
694 1263 711 1331 ὁ
737 1262 879 1331 Πλάτων
911 1259 1085 1330 κάνταῦθα
1116 1262 1177 1349 τὴν
1207 1259 1316 1349 ὁμοιό-

168 1397 257 1457 τητα
288 1375 332 1461 τῷ
361 1373 562 1459 βουληθέντι
595 1368 760 1440 ἀντειπεῖν
786 1370 867 1438 κατὰ
904 1373 965 1438 τοῦ
995 1370 1170 1456 εἰρημένου
1203 1368 1316 1455 λόγου,

171 1473 232 1563 ἐφ’
279 1477 393 1565 ἑτέραν
435 1475 629 1565 ἀντιλογίαν
669 1479 902 1565 πιθανωτέραν
943 1475 1084 1564 μεταβὰς
1116 1477 1316 1544 ἐπιδείκνυσι
1331 1500 1357 1542 ιο

171 1579 336 1669 κάκείνην
367 1584 449 1652 κατὰ
481 1612 519 1653 το
547 1584 590 1672 μὴ
625 1584 794 1652 δύνασθαι
827 1589 1009 1670 διακρίνειν
1046 1581 1107 1670 τὴν
1140 1579 1315 1669 ὁμοιότητα

172 1693 235 1776 τῆς
258 1686 496 1778 ἀνομοιότητος
519 1692 689 1778 ἐσομένην.
735 1693 772 1759 έν
794 1693 857 1778 γὰρ
878 1705 947 1770 τοῖς
974 1689 1151 1778 στρόμβοις
1178 1687 1316 1758 δύναιτο

173 1795 222 1864 άν
260 1823 310 1876 τις
346 1799 455 1884 λέγειν
486 1794 646 1866 τάναντία
678 1799 751 1886 περὶ
783 1795 905 1866 ταύτον
946 1801 1038 1886 σῶμα
1081 1803 1319 1885 συμβαίνοντα,

173 1899 261 1970 ὅταν
283 1906 320 1970 ἐν
344 1904 393 1972 ένὶ
417 1903 506 1996 τόπῳ
533 1903 693 1991 πήξαντες
719 1905 757 1975 τὸ
790 1907 931 1993 κέντρον
957 1906 1209 1992 περιφέρωνται·
1238 1902 1319 1974 ἀλλὰ

173 2011 233 2078 καὶ
257 2011 339 2078 κατὰ
361 2014 461 2080 τοῦτο
484 2038 521 2080 το
545 2011 754 2100 παράδειγμά
781 2033 886 2098 φησιν
911 2010 928 2080 ὁ
953 2010 1097 2080 Πλάτων
1123 2013 1237 2098 ἕτερον
1258 2012 1320 2101 μέν
1335 2033 1359 2072 1⁵

175 2113 325 2185 εἶναιτὸ
352 2117 444 2199 ἑστὸς
466 2122 527 2186 τοῦ
550 2117 735 2205 στρόμβον,
767 2121 880 2206 ἕτερον
912 2118 949 2186 δέ
980 2119 1016 2185 τὸ
1046 2117 1320 2206 περιφερόμενον,

316 2283 388 2290 .—-

215 2362 281 2420 2ct
302 2361 372 2420 υόιό
393 2385 410 2421 a
430 2367 508 2422 codd.
529 2368 590 2422 edd.
611 2369 742 2423 omissum
760 2386 810 2424 nos
829 2367 1001 2423 inseruimus.
1021 2398 1053 2406 -
1073 2373 1089 2422 6
1109 2359 1160 2418 έάν
1179 2385 1219 2426 τις
1238 2365 1318 2420 codd.

176 2437 241 2491 edd.
262 2439 347 2498 εἴτις
366 2455 424 2494 nos.
449 2469 480 2477 —
507 2447 522 2493 9
542 2440 591 2493 τοῦ
612 2439 801 2512 βουληθέντος
820 2440 899 2495 codd.
918 2438 979 2494 edd.
1003 2438 1040 2508 τῷ
1065 2433 1232 2512 βουληθέντι
1255 2453 1319 2502 nos3

175 2507 214 2562 cf.
228 2507 313 2562 Proll.
333 2527 359 2579 p.
380 2515 421 2564 86.
443 2541 474 2549 -
495 2505 546 2564 τὸν
565 2509 715 2580 εἰρημένον
733 2505 817 2580 λόγον
836 2509 914 2566 codd.
936 2510 996 2564 edd.
1017 2541 1048 2550 —
1075 2505 1320 2577 ressurectione

175 2579 273 2633 ΜΔΒ.
297 2611 332 2620 -
359 2587 392 2634 13
412 2575 549 2634 τάναντία
568 2579 605 2650 μὴ
625 2582 690 2649 περὶ
713 2582 792 2637 codd.
817 2583 879 2638 edd.
903 2579 939 2652 μὴ
965 2580 1049 2637 eiecit
1066 2579 1159 2646 Corn.;
1182 2579 1216 2633 cf.
1235 2578 1319 2633 Proll.

174 2669 205 2720 p.
227 2657 284 2706 116.
305 2683 339 2690 -
360 2657 393 2705 14
413 2647 444 2706 έν
463 2669 517 2718 οτι,
537 2653 678 2708 MABch.
702 2685 731 2696 -—
753 2651 837 2709 16τό
858 2650 942 2717 ἑστός
960 2653 996 2708 M.
1016 2683 1048 2693 -

177 2885 229 2948 rie
253 2886 364 2950 eodem
388 2891 534 2971 tempore
558 2889 599 2953 sd
624 2887 709 2953 idem
738 2911 833 2976 ogere
857 2893 890 2953 et
912 2886 996 2974 pati)
1021 2889 1061 2951 ed
1087 2889 1197 2970 portes
1225 2887 1323 2953 ratio

176 3013 252 3056 nem
276 2992 430 3077 referens,
453 2995 599 3060 velutin
622 2995 761 3080 bomine,
784 2996 839 3081 qui
863 2995 936 3060 aliis
959 2992 1150 3079 quibusdam
1172 2991 1322 3076 pertibus

177 3104 341 3183 movetur,
385 3101 457 3166 aliis
486 3102 630 3187 quiescit.
680 3102 719 3168 In
756 3103 872 3187 quibus
899 3105 990 3188 petet
1013 3123 1080 3167 non
1103 3099 1223 3165 servari
1247 3121 1321 3184 pro-

177 3205 248 3289 prie
280 3205 378 3293 idem3
410 3209 465 3274 sed
494 3209 521 3273 si
548 3211 620 3294 quis
644 3209 758 3275 docere
785 3212 909 3294 posset,
934 3209 1073 3294 digitum
1101 3211 1133 3272 et
1160 3208 1321 3292 quiescere

180 3316 214 3376 et
236 3314 360 3379 moveri
384 3316 495 3400 simul,
522 3316 551 3380 is
576 3339 652 3382 sanc
675 3317 936 3402 pronuntiatum,
963 3317 1048 3403 qnod
1076 3319 1150 3381 ante
1173 3315 1323 3399 diximus,

179 3419 348 3486 refelleret.
395 3419 475 3486 Cum
507 3422 610 3507 igitur
637 3423 735 3488 etiem
758 3423 812 3490 hie
835 3423 930 3490 Plato
954 3425 996 3508 ei,
1019 3424 1073 3508 qni
1097 3423 1201 3488 dicere
1225 3421 1323 3486 vellet

179 3531 292 3592 contra
314 3527 408 3594 illam
430 3530 604 3613 rationem,
627 3530 703 3614 quid
727 3531 832 3595 simile
857 3535 954 3616 esset,
978 3530 1184 3612 ostendisset,
1213 3528 1253 3594 ud
1276 3529 1321 3593 nl·

180 3635 285 3698 teram
323 3635 613 3701 contradictionem
649 3637 904 3721 probabiliorem
939 3639 1072 3704 transiit
1105 3635 1321 3721 probavitque

180 3739 270 3805 illem
294 3763 420 3826 quoque
444 3763 482 3806 ex
506 3765 543 3808 eo
576 3744 657 3828 fore,
691 3745 774 3830 quod
807 3746 880 3831 quis
914 3745 1155 3812 similitudinem
1185 3743 1320 3808 odissi-

179 3847 363 3913 militudine
400 3848 580 3915 discernere
616 3852 773 3937 nequiret
818 3852 904 3918 Nam
931 3853 966 3919 in
993 3851 1176 3919 turbinibus
1205 3850 1322 3916 dixerit

179 3953 341 4038 quispiam
365 3957 527 4021 contraria
549 3958 662 4023 eodem
684 3959 719 4024 in
742 3982 877 4043 corpore
897 3961 1032 4044 evenire,
1055 3959 1169 4025 sinuo
1193 3959 1227 4024 iu
1249 3959 1321 4025 loco

178 4059 316 4125 defixum
350 4065 496 4127 centrum
528 4062 685 4130 babentes
718 4066 992 4132 circumferuntur.
1041 4065 1160 4130 Verum
1193 4065 1228 4130 in
1258 4064 1321 4130 boc

179 4189 305 4252 quoque
334 4171 480 4255 exemplo
507 4170 606 4235 oliam
634 4173 682 4238 ait
709 4196 779 4238 esse
806 4175 946 4240 turbinis
973 4177 1112 4259 partem,
1138 4194 1220 4258 quoe
1248 4175 1321 4256 stet,

180 4275 294 4358 uliam,
331 4298 412 4359 quae
454 4278 708 4364 circumagatur,
745 4303 838 4366 quem
876 4281 987 4346 orbem
1027 4281 1094 4364 ipse
1134 4279 1321 4364 appellavit.

179 4381 262 4446 Tota
285 4382 387 4466 igitur
409 4382 472 4448 hoc
496 4384 715 4468 disputatione
738 4409 796 4453 nos
820 4387 930 4454 docuit
952 4389 1079 4474 signum
1103 4407 1140 4452 ao
1162 4407 1321 4470 normam,
