3228 5148
794 389 1015 453 ..86-

331 549 447 638 αὐτῆς,
471 554 526 617 sed
550 545 744 636 erimarias}
768 545 1020 632 σννεπινοὴσεις
1042 543 1104 632 τὴν
1127 543 1246 631 κοινὴν
1269 541 1409 612 ἁπασῶν
1429 537 1491 626 ἀρ-

330 663 455 746 τηριῶν
474 643 862 743 ένέργειανέονὶρείιαοε,
880 678 957 719 nam
977 656 1139 726 sententia
1158 659 1221 719 est:
1243 654 1323 719 ‘sive
1342 655 1376 718 in
1395 653 1491 718 ealce

331 769 452 834 sivein
472 768 603 832 cerebro
625 765 779 830 arteriam
800 763 997 846 consideres,
1020 763 1262 827 continuorum
1280 783 1316 826 eo
1339 761 1493 826 omnium

332 875 526 941 arteriarum
563 872 764 937 functionem
801 870 898 934 simul
935 868 1119 952 concipies’.
1172 868 1208 934 P.
1240 870 1306 933 400
1339 891 1370 952 p.
1403 869 1492 932 med.

332 979 491 1047 MABCh:
515 975 583 1063 ἅμα
606 979 664 1061 τῆς
682 978 749 1042 τῶν
768 977 938 1061 λογισμῶν
961 971 1154 1058 ἀσθενείας,
1176 976 1208 1040 K
1227 998 1399 1061 perperam
1420 970 1493 1059 ἅμα

332 1085 386 1153 καὶ
415 1088 474 1171 τῆς
497 1123 541 1132 -
564 1079 756 1165 ἀσθενείας,
791 1106 851 1148 nos
885 1079 952 1167 ἅμα
978 1083 1089 1172 ap,-
1117 1077 1276 1169 ἀσθενείᾳ
1304 1080 1358 1167 (ef.
1388 1105 1494 1166 supra

332 1218 362 1280 p.
387 1191 444 1281 63)
469 1192 679 1258 restituimur.
724 1190 760 1255 P.
784 1190 849 1255 576
874 1194 948 1255 ante
972 1190 1053 1254 med.
1077 1213 1156 1273 non,
1178 1193 1216 1253 nt
1239 1189 1328 1253 codd.
1352 1193 1386 1252 et
1410 1189 1495 1266 edd,

332 1302 390 1385 τῆς
421 1299 483 1365 τοῦ
516 1295 667 1382 σώματος
697 1297 824 1380 τροφῆς
846 1295 1116 1382 ’τεκτηναμένον,
1148 1296 1204 1360 sed
1235 1297 1275 1382 τῇ
1300 1333 1345 1389 --
1378 1298 1494 1380 τροφῇ

333 1402 585 1491 τεκτηνάμενοι,
609 1403 881 1489 quemadmodum
904 1405 939 1469 in
962 1403 1050 1469 codd.
1069 1403 1263 1486 Platonicis,
1287 1404 1495 1487 scripsimus,

334 1539 372 1580 eo
396 1514 520 1598 magis,
543 1511 627 1596 quod
651 1511 737 1576 infra
766 1511 796 1594 p.
820 1511 886 1575 580
910 1534 939 1595 p.
963 1511 1045 1574 med.
1065 1511 1104 1576 in
1133 1510 1221 1575 codd.
1248 1513 1282 1573 et
1310 1511 1379 1574 edd.
1403 1519 1494 1574 reete

336 1623 493 1706 seriptum
516 1624 567 1683 est
589 1617 629 1703 τῇ
654 1655 695 1662 -
719 1617 837 1702 τροφῇ.
872 1617 907 1681 P.
933 1617 995 1681 756
1021 1621 1095 1681 aute
1119 1617 1200 1681 med.
1225 1614 1381 1683 ABOhK:
1406 1617 1492 1701 φησί

335 1723 372 1792 δὲ
400 1725 521 1810 τέχνην
550 1722 674 1807 λέγειν;
702 1723 750 1787 ibi
778 1746 816 1787 ex
844 1723 981 1788 Platone
1014 1723 1215 1788 restituimus
1242 1721 1340 1810 τέχνη
1370 1731 1404 1789 et
1432 1726 1494 1809 φη]

336 1834 421 1918 quod
440 1833 475 1897 in
494 1831 528 1896 M
547 1852 674 1915 quoque
697 1835 804 1894 exstat
827 1826 880 1915 (cf.
899 1852 929 1913 p.
949 1827 1021 1914 33);
1042 1853 1071 1913 p.
1092 1830 1154 1893 761
1180 1852 1209 1912 p.
1232 1829 1276 1894 in.
1296 1829 1495 1896 MABChK:

337 1938 374 2004 έν
397 1927 439 2027 ᾧ,
462 1961 521 2002 nos
547 1935 584 2000 ἐν
608 1928 658 2012 οἷς
677 1936 928 2001 emendavimus.
964 1935 1223 2001 Terminationes
1248 1962 1291 2021 ην
1315 1943 1348 2002 et
1370 1963 1431 2020 αν,
1457 1965 1496 2021 ης

280 2039 284 2048 ’
337 2049 370 2110 et
401 2069 440 2121 ας
470 2045 605 2109 obscure
636 2042 777 2127 scriptae
807 2044 854 2107 sio
883 2043 949 2128 legi
980 2045 1168 2127 potuerunt,
1203 2045 1297 2127 quasi
1328 2070 1361 2129 ηι
1392 2051 1428 2110 et-
1460 2071 1495 2109 αι

337 2157 458 2237 essent;
486 2152 556 2216 iota
585 2153 693 2215 autem
723 2150 922 2233 adscriptum
951 2173 1023 2213 eum
1056 2150 1186 2235 neglegi
1215 2157 1366 2234 creptum
1396 2166 1495 2224 esset,

337 2260 406 2324 fieri
435 2259 556 2342 potuit,
583 2259 621 2320 ut
648 2280 706 2340 ην,
735 2280 793 2338 αν,
821 2281 874 2339 ης,
902 2281 941 2332 ας
964 2279 1036 2320 curn
1060 2279 1079 2338 η
1104 2261 1137 2320 et
1165 2281 1186 2320 α
1206 2264 1496 2324 commutarentur.

338 2367 371 2431 P.
398 2366 460 2430 198
486 2364 567 2429 med.
593 2362 635 2428 C:
658 2357 703 2439 ὦς
727 2360 889 2428 ένοῦσθαι
916 2357 956 2426 τὰ
979 2360 1115 2445 τέτταρα
1139 2360 1232 2438 τάδε;
1259 2387 1319 2428 nos
1345 2361 1402 2442 τὰς
1425 2365 1496 2430 τέτ-

338 2496 438 2554 ταρας
460 2467 571 2534 τάσδε.
615 2468 650 2533 Ρ.
674 2471 739 2534 550
768 2477 842 2533 aute
872 2469 952 2532 med.
976 2465 1168 2533 MABOhK:
1197 2464 1274 2553 μηδ’
1305 2470 1408 2548 ἐνίας,
1434 2497 1494 2538 uos

338 2579 409 2640 ἔνια
434 2577 588 2641 dedimus.
630 2575 665 2640 P.
685 2576 749 2641 569
774 2581 852 2639 extr.
877 2569 896 2658 ἡ
917 2577 1037 2658 καρδία
1057 2576 1150 2659 σῶμα
1169 2578 1203 2640 in
1222 2571 1259 2641 τὸ
1279 2579 1337 2662 τῆς
1355 2582 1496 2663 καρδίας

338 2685 432 2767 σῶμα
452 2684 660 2766 mutavimus,
679 2705 875 2767 quamquam
894 2683 929 2746 iu
947 2682 1073 2746 Oribas
1111 2683 1130 2746 l.
1150 2682 1253 2768 XXII,
1275 2685 1302 2769 l,
1322 2687 1365 2750 25
1384 2685 1419 2770 (t.
1434 2687 1495 2767 Ill,

339 2791 397 2874 33,
417 2791 436 2854 8
457 2789 525 2853 edd.
544 2788 697 2854 Daremb.
718 2793 751 2852 et
769 2785 876 2874 Buss.)
896 2789 1007 2853 eadem
1027 2790 1123 2854 lectio
1143 2790 1314 2856 invenitur.
1348 2792 1495 2857 Litterae

340 2900 449 2962 autem
478 2919 499 2962 ν
527 2901 603 2960 eto
631 2897 722 2981 ipsae
751 2897 836 2961 inter
859 2918 893 2959 se
917 2901 1121 2979 permutatae
1146 2901 1233 2980 sunt,
1261 2900 1351 2963 velut
1374 2924 1403 2984 p.
1427 2902 1494 2964 361

339 3003 409 3068 init.
438 2998 494 3067 διὰ
522 3003 590 3067 τῶν
619 3000 708 3067 ἐπῶν
737 2997 781 3078 ὡς
809 3005 968 3086 ἔγραψεν,
997 3003 1053 3067 ubi
1081 3025 1140 3086 pro
1168 2997 1213 3079 ὡς
1238 3027 1297 3069 uos
1326 2995 1380 3070 niv
1402 3008 1495 3070 resti-

341 3110 476 3194 tuimus,
500 3132 530 3192 p.
555 3110 621 3173 614
646 3111 686 3174 in.
712 3104 846 3191 ἀφελὼν
870 3105 998 3174 ἅπαντα
1017 3105 1056 3174 τά
1076 3105 1147 3174 κατ’
1169 3105 1288 3194 αὐτῆς
1307 3109 1495 3195 ἐπικείμενα

340 3211 490 3299 σώματα,
519 3216 574 3279 ubi
602 3211 672 3280 κατ’
704 3210 823 3300 αὐτήν
847 3217 1081 3282 emendandum
1104 3219 1182 3302 fuit,
1212 3241 1241 3300 p.
1266 3218 1330 3282 678
1359 3217 1428 3282 init.
1457 3243 1494 3281 ex

342 3321 426 3387 Plat.
449 3321 530 3386 Tim.
554 3345 584 3406 p.
600 3323 685 3388 82A
710 3308 764 3386 uod
788 3322 846 3406 τῆς
868 3319 977 3406 χώρας
999 3320 1211 3407 μετάστασις
1234 3323 1266 3402 έξ
1291 3325 1414 3400 οίκείας
1438 3318 1492 3388 ίπ’

344 3422 523 3512 ἀλλοτρίαν
548 3429 731 3513 γιγνομένη
759 3453 819 3514 pro
843 3453 894 3510 eo,
923 3430 1007 3511 quod
1036 3429 1067 3492 in
1093 3429 1157 3494 MA
1182 3432 1339 3514 seriptum
1368 3435 1418 3494 est
1441 3454 1495 3514 με·

343 3532 502 3600 τάστασιν
537 3573 581 3582 —-
619 3534 836 3620 γιγνομένην,
879 3535 1050 3620 edidimus3
1092 3559 1121 3619 p.
1158 3538 1225 3601 465
1269 3539 1328 3601 sub
1371 3539 1423 3601 fin.
1460 3539 1496 3600 in

341 3639 519 3706 MABChK
551 3642 684 3726 legitur:
716 3640 770 3706 καλ
805 3636 863 3716 τὰς
894 3636 975 3704 κατὰ
1007 3638 1116 3718 πάθος
1153 3639 1189 3706 δὲ
1221 3640 1369 3726 κινήσεις
1401 3639 1493 3726 (χρὴ)

343 3741 581 3830 ἀμβλυνθηναι
606 3759 759 3831 χρηστοῖς
783 3744 1040 3831 ἐπιτηδεύμασιν
1065 3748 1305 3830 έθισθεῖσαν,
1328 3751 1361 3813 iu
1380 3749 1407 3813 L
1427 3749 1495 3813 έθι-

343 3859 489 3935 aceram,
507 3875 567 3916 nos
588 3852 804 3930 ε’θισθείσας
823 3855 1027 3938 scripsimus,
1045 3879 1121 3920 nam
1141 3857 1220 3921 λινες
1240 3858 1320 3921 dicit
1339 3856 1495 3921 Galenus:

344 3961 496 4044 ‘Oportet
525 3960 627 4026 animi
656 3966 763 4024 motus
793 3963 999 4045 perturbatos
1028 3964 1164 4027 obtundi
1194 3965 1351 4027 bonorum
1376 3964 1494 4027 studio-

344 4091 417 4131 rum
447 4066 706 4149 consuetudine',
735 4091 765 4152 p.
794 4070 856 4133 451
889 4073 967 4133 extr.
995 4069 1086 4134 LMA
1121 4073 1307 4154 ceteraeque
1334 4070 1402 4134 edd.
1432 4075 1495 4134 tra-

344 4175 509 4238 diderunt:
534 4171 571 4237 έν
594 4169 655 4257 μὲν
669 4168 761 4261 (γὰρ)
775 4177 813 4260 τη]
835 4179 1016 4262 συμμετρίᾳ
1035 4177 1102 4240 τῶν
1121 4172 1202 4240 κατὰ
1221 4175 1320 4260 μέρος
1334 4173 1496 4260 κινήσεων

344 4278 380 4345 τὸ
405 4277 527 4355 κάλλος
549 4282 617 4344 τῶν
640 4279 815 4363 ἐνεργειῶν
844 4281 911 4345 ε’στι
939 4279 1124 4366 γνώριμον,
1152 4277 1234 4346 κατὰ
1263 4278 1299 4346 δὲ
1328 4277 1395 4358 τὰς
1423 4277 1496 4365 ἆμε-

350 4391 452 4472 τρίας
480 4383 517 4450 τὸ
547 4383 675 4472 αἶσχος,
704 4387 765 4453 soli
790 4388 878 4452 codd.
902 4388 954 4452 FP
983 4391 1029 4474 id,
1057 4391 1141 4474 quod
1171 4389 1261 4453 unice
1296 4412 1407 4454 verum
1441 4395 1497 4475 est,
