3298 5136
641 464 677 478 ἢ
730 433 791 496 rm
839 471 877 478 --

184 582 203 656 ὁ
227 587 291 678 μῦς
313 585 458 678 τελευτᾷ,
480 589 630 674 τένοντα,
654 592 750 671 δείξω
774 610 828 658 σοι
851 593 966 676 σαφῶς
995 584 1056 658 οῦκ
1079 593 1223 676 ἔχουσαν
1250 597 1332 660 πλέ-

183 704 249 776 cog
281 694 412 783 νεύρων
443 693 505 782 τὴν
536 700 691 782 καρδίαν·
725 701 755 764 εί
787 695 823 763 δὲ
855 697 910 764 καὶ
941 711 1076 783 συγχεῖν
1108 697 1246 782 βούλοιο
1275 698 1333 778 τὰς

183 809 424 891 προσηγορίας,
456 799 502 883 ὡς
533 807 569 870 οί
596 811 743 871 πλεῖστοι
775 807 843 870 τῶν
872 799 949 889 μεθ’
973 801 1208 890 Ἱπποκράτην,
1241 804 1332 872 κάλει

183 909 247 996 μὲν
278 907 407 977 ἅπαντα
444 911 564 996 νεῦρα,
601 908 766 997 διαφοράς
798 908 833 976 δὲ
868 910 904 975 ἐν
941 905 1055 988 αὐτοῖς
1087 911 1159 995 λέγε
1193 910 1366 996 τριττάς,4

184 1015 364 1102 αἰσθητικά
378 1015 440 1103 μὲν
453 1017 507 1083 καί
526 1014 739 1102 προαιρετικά
760 1015 764 1104 l
789 1014 829 1082 τά
848 1017 880 1096 έξ
896 1015 1081 1101 ἐγκεφάλου
1098 1017 1152 1082 καί
1172 1024 1331 1086 νωτιαίου
1343 1035 1399 1090 206

184 1121 372 1208 πεφυκότα,
403 1121 581 1190 συνδετικὰ
609 1122 644 1189 δὲ
673 1120 711 1188 τά
745 1119 933 1208 ἀναίσθητα
963 1122 1018 1188 καὶ
1050 1129 1143 1208 τρίτα
1176 1127 1222 1190 ἔτι
1251 1122 1334 1210 πρὸς

184 1228 319 1308 τούτοις
340 1228 380 1296 τά
405 1230 440 1296 έκ
458 1232 526 1297 τάν
543 1232 639 1315 μνῶν
652 1225 955 1315 άπονευρουμένων
978 1227 1143 1315 φυόμενα·
1167 1231 1222 1298 καί
1245 1228 1332 1298 οὕτω

186 1335 222 1401 δὲ
248 1337 400 1422 δείξομεν
424 1331 485 1403 ούκ
508 1339 652 1421 ἔχουσαν
675 1332 832 1422 ἀξιόλογα
860 1334 896 1403 τὸ
921 1336 1063 1423 μέγεθος
1090 1331 1110 1422 ἢ
1138 1334 1175 1404 τὸ
1203 1341 1334 1424 πλῆθος

186 1440 366 1528 αἰσθητικά
393 1469 427 1510 τε
455 1441 510 1509 καί
537 1440 750 1529 προαιρετικά
783 1445 886 1527 νεῦρα
918 1440 980 1529 τὴν
1006 1446 1149 1528 καρδίαν
1176 1445 1333 1530 ἐναργῶς,

186 1545 282 1633 άλλά,
304 1547 350 1628 ὡς
372 1553 574 1637 ἔμπροσθεν’
587 1557 729 1635 είρηται,
752 1546 893 1636 σμικρὸν
916 1543 981 1615 άπὸ
1006 1547 1191 1634 ἐγκεφάλου
1218 1549 1334 1619 κατιὸν
1349 1570 1373 1608 ¹⁰

140 1717 146 1730 ,
186 1659 233 1734 είς
256 1652 362 1742 αὐτὴν
385 1653 555 1742 ἐμφύεται.
594 1661 629 1722 τί
648 1679 725 1722 ποτε
750 1646 813 1722 οὖν
835 1655 903 1721 ἐστι
926 1652 963 1721 τὸ
987 1652 1071 1743 πρὸς
1090 1651 1333 1740 Ἀριστοτέλους

186 1763 365 1849 εἰρημένον
392 1765 473 1848 “ε”χει
497 1762 532 1828 δὲ
561 1761 615 1830 καὶ
639 1759 770 1848 νεύρων
792 1765 922 1848 πλῆθος
945 1759 965 1847 ἡ
988 1763 1141 1847 καρδία’;
1169 1761 1245 1830 ούτε
1268 1761 1332 1850 γάρ

186 1867 394 1956 φιλοψευδὴς
422 1865 439 1937 ὁ
468 1865 554 1956 άνὴρ
578 1866 654 1936 οὔτε
677 1866 888 1935 παντάπασιν
915 1865 1050 1953 άπειρος
1076 1871 1134 1954 τῆς
1156 1865 1333 1956 άνατομῆς,

186 1973 271 2043 ὥστε
298 1971 341 2043 άν
367 1976 422 2044 καί
450 1973 572 2043 τοῦτόν
599 2001 665 2058 τις,
693 1972 802 2060 ὥσπερ
832 1972 911 2053 τοὺς
937 1975 1012 2061 περὶ
1039 1972 1100 2041 τὸν
1126 1973 1333 2062 Χρύσιππον,

187 2081 312 2168 έτέροις
334 2083 549 2168 ἐψευσμένοις
566 2078 832 2168 ἡκολουθηκέναι
853 2088 1029 2168 νομίσειεν.
1066 2082 1138 2168 ἐμοὶ
1157 2080 1220 2168 μὲν
1242 2085 1336 2150 δοκεῖ
1349 2101 1373 2140 ¹⁵

186 2185 246 2266 τάς
267 2185 332 2256 ὑπὸ
353 2185 538 2277 Ἡροφίλου
565 2187 743 2276 νευράδεις
767 2187 941 2273 διαφύσεις
967 2183 1207 2274 ὠνομασμένας
1233 2184 1335 2266 αὐτάς

188 2291 231 2361 ού
258 2293 450 2382 νενράδεις,
485 2292 567 2363 άλλά
601 2292 757 2382 άντικρυς
791 2293 956 2380 εἰρηκέναι
984 2297 1096 2379 νεῦρα.
1145 2294 1269 2379 πέρατα
1297 2293 1337 2360 δέ

225 2528 240 2576 3
261 2515 375 2588 Ιπποκρ
377 2515 430 2587 άτη
455 2519 475 2574 C
499 2521 564 2574 cett.
583 2511 769 2604 Ιππρκράτην
793 2533 906 2570 nos.-
938 2522 968 2569 11
999 2505 1051 2570 οῦν
1076 2509 1133 2569 ἐστὶ
1156 2513 1177 2568 C
1201 2514 1259 2570 Cai.
1282 2505 1334 2570 οῦν

189 2587 370 2647 detecti.-
401 2597 432 2644 13
451 2584 525 2658 άνὴρ
544 2583 611 2643 0¹
600 2607 615 2642 ο
636 2582 709 2655 άνηρ
733 2587 766 2642 0²
790 2586 900 2642 eci.-
927 2586 1000 2640 14*
984 2606 1031 2640 ινα
1055 2585 1075 2640 C
1100 2588 1179 2654 cett,
1202 2578 1273 2640 άοτε
1298 2577 1335 2638 δν

189 2681 299 2804 ιέτοερὸοκ
315 2657 437 2788 cellatica-iv
455 2660 489 2716 C'
508 2661 608 2714 τοῦτον
627 2659 662 2713 C'
680 2657 791 2714 cai-
824 2665 856 2712 15
881 2653 988 2726 ἕτεροις
1011 2657 1071 2726 (sic)
1095 2655 1115 2710 C
1137 2629 1258 2724 έτύιίροις
1276 2655 1334 2710 Oai.

189 2943 322 3027 desinit,
344 2941 522 3026 tendinem,
545 2940 631 3004 clare
654 2937 715 3002 tibi
740 2937 908 3002 ostendam
932 2958 988 3002 cor
1009 2957 1183 3000 nervorum
1207 2935 1335 3018 copiam

190 3073 255 3118 non
277 3050 412 3134 habere3
442 3048 491 3112 sin
516 3046 710 3112 confundere
734 3045 823 3108 voles
848 3043 1097 3126 appellationes,
1128 3041 1212 3105 sieut
1239 3041 1335 3124 pleri-

190 3179 251 3243 que
270 3160 345 3242 post
363 3155 607 3240 Hippocratem,
625 3174 741 3217 nervos
762 3150 905 3236 appelles
923 3150 1001 3214 lieet
1022 3149 1079 3213 illa
1098 3148 1217 3229 omnia,
1240 3147 1335 3212 modo

191 3263 352 3349 triplicem
381 3261 596 3327 differentiam
625 3281 727 3343 ponus
755 3261 787 3320 et
815 3279 870 3321 eos
898 3255 1044 3340 quidem,
1077 3253 1131 3336 qui
1160 3277 1176 3316 e
1205 3254 1335 3318 cerebro

191 3375 225 3436 et
252 3371 372 3456 spinuli
401 3368 542 3433 medulla
575 3367 740 3446 oriuntur,
773 3363 947 3427 sensiferos
976 3360 1254 3443 voluntariasque,
1282 3360 1336 3444 qui

192 3501 288 3544 sensu
321 3479 446 3559 curent,
476 3473 679 3558 copulativos
710 3469 869 3554 appelles,
897 3468 994 3532 tertio
1022 3467 1094 3532 loco
1123 3487 1178 3530 eos
1201 3468 1338 3548 statuas,

191 3585 247 3670 qui
271 3607 288 3649 e
312 3582 466 3649 musculis
490 3581 524 3646 in
547 3601 682 3645 nervum
706 3576 900 3642 abeuntibus
923 3575 1113 3656 nascuntur3
1137 3571 1192 3636 sed
1216 3573 1265 3636 vel
1291 3571 1337 3636 sic

192 3691 398 3758 ostendemus
422 3688 588 3753 evidenter
611 3709 667 3752 cor
689 3705 863 3750 nervorum
887 3680 1116 3746 sensiferorum
1139 3677 1337 3744 voluntario·

191 3821 326 3885 rumque
349 3793 606 3881 magnitudinem
631 3797 686 3856 aut
705 3791 833 3876 copiam
852 3785 1098 3852 memorabilem
1120 3807 1187 3850 non
1209 3784 1338 3867 habere,

193 3905 262 3988 sed,
294 3904 379 3968 sicut
407 3906 503 3967 antea
530 3900 652 3965 dicium
681 3903 743 3981 cst,
771 3919 889 3981 parvus
919 3892 1050 3976 quidam
1079 3915 1096 3956 e
1125 3892 1256 3956 cerebro
1285 3892 1338 3955 de-

193 4011 347 4076 scendens
369 4031 521 4075 numerus
544 4007 579 4070 in
602 4007 709 4090 ipsum
733 4003 895 4067 inseritur.
941 3999 1026 4076 Quid
1049 3999 1150 4084 igitur
1173 3998 1236 4062 sibi
1260 3997 1339 4080 vult,

193 4117 279 4201 quod
299 4116 422 4182 dictum
442 4115 481 4179 ab
498 4113 675 4180 Aristotele
695 4113 754 4193 est,
767 4107 878 4172 ‘habet
897 4107 997 4171 etiam
1016 4127 1190 4170 nervorum
1209 4103 1337 4188 copiam

193 4223 283 4289 cor'?
323 4223 409 4288 Nem
432 4243 535 4307 neque
559 4219 696 4285 mendax
718 4236 820 4299 neque
845 4215 976 4278 omnino
1001 4211 1183 4277 anatomies
1207 4208 1338 4292 imperi·

193 4336 246 4396 tus
270 4334 333 4414 est,
356 4333 393 4394 ut
415 4329 485 4413 ipse
508 4349 650 4414 quoque,
679 4319 949 4409 quemadmodum
973 4317 1178 4402 Chrysippus
1207 4315 1339 4398 eiusque

194 4441 385 4522 sectatores,
418 4435 500 4501 alios
530 4434 721 4499 mentientes
755 4431 884 4494 secutus
917 4447 986 4490 esse
1014 4423 1193 4489 existimari
1226 4420 1340 4504 possit.

1075 4531 1128 4582 11*
