3300 5146
616 449 859 516 -315—

159 611 272 676 τοῖσδε
308 609 439 694 πλῆθος
475 607 565 676 ἐπῶν
601 605 619 676 ὁ
655 605 849 697 Χρύσιππος
885 605 1006 694 γράφει
1041 609 1110 674 τῶν
1144 611 1308 674 πλείστων

160 714 266 806 ἑαυτῷ
290 713 503 801 μαχομένων,
526 710 572 794 ῶς
594 719 784 803 ἔμπροσθεν
807 715 924 796 ἔδειξα.
968 712 1009 782 τὰ
1033 712 1070 782 dt
1097 708 1217 803 μεταξὺ
1240 712 1308 781 τῶν

161 822 252 889 ἐπῶν
275 821 343 888 ἐστι
366 819 428 908 μὲν
450 817 615 908 ὀλίγιστα,
642 824 823 911 περιέχεται
848 823 887 890 όέ
910 848 960 902 τις
982 819 1064 890 κατὰ
1087 823 1190 889 ταῦτα
1214 821 1308 887 ἐναν-

160 934 311 1014 τιολογία
333 930 395 996 τοῦ
418 935 616 1015 Χρυσίππου
642 929 726 1018 πρὸς
749 929 882 1017 ἑαυτόν,
910 925 954 1018 ἣν
978 929 1014 998 ἐν
1036 932 1082 1020 τῷ
1106 924 1185 1016 μετὰ
1208 928 1307 994 τοῦτο

161 1037 313 1117 ἐπιδείξω
336 1039 465 1125 βιβλίῳ,
488 1033 567 1103 καθ’
593 1033 611 1104 ό
635 1037 709 1125 περὶ
732 1041 800 1106 τῶν
822 1040 881 1125 τῆς
906 1039 1013 1124 ψυχῆς
1034 1037 1156 1104 παθῶν
1179 1039 1334 1120 ἐγνωκατι

160 1141 367 1230 ποιήσασθαι
394 1140 589 1231 τὸνλόγον.
635 1145 671 1212 ἐν
699 1143 735 1212 dt
762 1148 808 1236 τῷ
835 1143 976 1232 παρόντι
1002 1147 1070 1212 τῶν
1098 1141 1228 1231 ῥήσεων
1251 1137 1308 1208 αό-

160 1252 229 1317 τῶν
258 1247 549 1337 ἐπιμνησθήσομαι
576 1249 683 1337 μόνον
712 1251 716 1340 Ι
751 1252 900 1338 ἐχονσιιν
927 1243 1006 1319 cide·
1039 1248 1073 1319 ‘d
1107 1249 1143 1318 dt
1170 1245 1372 1335 retardent?

161 1354 364 1436 ’πλεονάζων
397 1356 434 1422 ἐν
465 1357 596 1437 τούτοις
628 1357 684 1426 διὰ
711 1363 844 1427 πολλῶν
867 1364 1081 1446 παρίστησιν,
1109 1355 1160 1426 ότι
1187 1356 1241 1424 καὶ
1269 1353 1307 1424 τὸ

161 1459 365 1548 *λογιστικόν
391 1464 447 1531 καὶ
474 1463 512 1532 τὸ
540 1465 720 1554 θυμοειδὲς
751 1466 825 1552 περὶ
857 1464 980 1534 τοῦτόν
1008 1466 1076 1533 ἐστι
1106 1463 1166 1534 τὸν
1193 1463 1308 1547 τόπον,

163 1567 356 1636 “σννόπτων
392 1573 440 1649 είς
470 1568 593 1640 ταύτὸν
624 1574 679 1640 καὶ
711 1570 748 1641 τὸ
782 1573 1037 1661 ἐπιθυμητικόν,
1062 1571 1221 1664 Ικαίτόπερ
1253 1569 1308 1638 καὶ
1323 1593 1348 1633 ιο

162 1677 248 1744 *ἔδει
270 1679 427 1763 ποιῆσαι.’
472 1683 626 1766 φανερῶς
653 1679 717 1768 γὰρ
744 1682 893 1749 ἐνταῦθα
919 1695 1086 1768 συγχωρεῖ
1110 1679 1171 1769 μὲν
1194 1676 1309 1767 ἕτερόν

164 1809 196 1849 τι
219 1780 309 1870 παρὰ
337 1783 374 1852 τό
398 1785 588 1872 λογιστικόν
616 1784 700 1856 εἶναι
723 1787 762 1856 τό
784 1815 819 1855 τε
841 1786 1021 1874 θυμοειδὲς
1047 1789 1102 1856 καλ
1128 1785 1165 1855 τὸ
1195 1785 1309 1854 ἐπιθυ·

163 1889 315 1976 μητικόν,
340 1892 377 1960 ἐν
401 1891 437 1960 δὲ
459 1896 498 1982 τῇ
522 1898 642 1984 καρόιά
664 1900 870 1987 κατῳκίσθαι
892 1901 1008 1983 φησίν,
1031 1893 1112 1983 ὅπερ
1132 1891 1309 1979 Ἀριστοτέ-
1351 1881 1354 1887 ’

162 2003 242 2076 λονς
271 1999 377 2083 ἐστίν,
406 1995 448 2066 οὐ
470 2001 537 2067 τῶν
560 2006 721 2071 Στωϊκῶν
752 2002 870 2090 δόγμα.
914 2003 968 2070 καὶ
997 2002 1054 2070 διὰ
1076 2005 1144 2069 τῶν
1172 1999 1245 2086 ἑξῆς
1272 1997 1308 2065 dt

162 2101 348 2190 προειπῶν,
377 2105 414 2172 ἐν
444 2099 494 2186 οἷς
521 2104 539 2175 ὁ
567 2107 704 2197 ποιητὴς
732 2111 769 2180 ἐν
799 2112 839 2198 τῇ
871 2113 993 2199 καρδίᾳ
1023 2108 1061 2178 τὸ
1094 2105 1309 2196 λογιζόμενον
1325 2128 1349 2168 ιε

161 2207 324 2300 ὑπάρχειν
351 2208 584 2300 ἀποφαίνεται,
611 2215 692 2303 μετὰ
719 2220 823 2284 ταῦτα
853 2218 1000 2304 ἐπιφέρει
1027 2213 1095 2284 ‘dre
1124 2213 1161 2282 dt
1189 2214 1244 2282 καί
1270 2208 1307 2280 τὸ

165 2317 421 2405 “ἐπιθυμητικὸν
444 2324 603 2408 ἐνταῦθα,
627 2323 683 2392 διὰ
705 2322 835 2392 τούτων
858 2324 1024 2412 ἐμφαίνει·

201 2505 212 2551 l
235 2498 284 2568 τῆς
298 2501 329 2553 de
345 2505 402 2560 τοῖς
417 2497 448 2554 dt
463 2500 500 2554 M.
517 2531 547 2542 -
569 2508 585 2556 8
606 2499 663 2556 ἐστι
677 2501 705 2554 Μ
721 2499 761 2556 ἐτι
775 2500 881 2558 ABch.
898 2534 929 2542 ψ
950 2496 1081 2571 όλίγηστα
1095 2501 1132 2555 Μ.
1149 2531 1179 2542 -
1201 2494 1308 2554 ἐναντι-

163 2571 245 2638 λογία
267 2569 305 2624 Μ.
330 2601 363 2610 -
388 2575 404 2625 5
428 2567 505 2626 καθὸ
525 2572 666 2628 MABch.
687 2605 719 2612 -
744 2579 758 2626 7
785 2568 881 2643 μόνων
903 2573 970 2630 MA.
995 2605 1028 2612 -
1053 2579 1068 2627 9
1092 2567 1197 2638 τρόπον
1215 2571 1251 2625 Μ.
1275 2601 1308 2609 -

167 2649 200 2696 10
211 2636 342 2710 συνάγων
351 2641 430 2696 codd.
442 2643 502 2697 edd.
514 2639 663 2698 συνόντων
673 2661 723 2698 nos
733 2644 795 2698 coll.
806 2663 834 2714 p.
845 2651 896 2699 362
908 2645 959 2699 sub
970 2645 1014 2700 fin.
1026 2643 1063 2710 113
1074 2643 1108 2698 cf.
1118 2641 1202 2697 Proll.
1213 2661 1239 2712 p.
1250 2647 1308 2696 110.

164 2743 197 2754 -
218 2707 256 2775 ῶς
270 2707 376 2767 ταότόν
390 2709 464 2768 αὐτὰ
483 2715 563 2769 codd.
579 2715 640 2770 edd.
660 2713 700 2778 είς
714 2710 820 2770 ταύτόν
838 2715 886 2770 καλ
905 2711 936 2770 τό
957 2710 1165 2786 ἐπιθυμητικόν
1179 2713 1260 2768 Corn.
1276 2745 1308 2752 -

167 2789 196 2839 11
220 2787 268 2838 δεῖ
282 2783 362 2838 codd.
381 2785 442 2840 edd.
463 2783 522 2841 ἔδει
540 2803 591 2842 nos
610 2787 718 2857 οο11.ρ.
738 2793 799 2842 ³62.
819 2819 851 2826 -
874 2794 906 2842 13
924 2790 1117 2842 κατακεῖσθαι
1136 2785 1233 2840 Mne.
1253 2817 1286 2824 -

288 2907 305 2912 -.
319 2905 377 2913 --·

164 2989 275 3032 secum
294 2969 488 3052 pugnantes
511 2971 665 3052 utsupra
684 2967 820 3034 ostendi.
857 2968 946 3045 Quae
965 2967 1111 3032 versibus
1130 2966 1311 3050 interponit

166 3073 276 3156 verba,
300 3076 374 3139 sunt
397 3073 527 3158 quidem
549 3075 756 3160 paucissima,
779 3075 835 3140 sed
857 3075 981 3140 habent
1002 3077 1112 3140 tamen
1131 3071 1309 3157 Chrysippi

165 3177 328 3266 quandam
352 3201 461 3245 seeum
484 3183 748 3267 repugnantiam,
775 3205 872 3267 quam
895 3182 1043 3266 proximo
1065 3180 1165 3264 libro,
1191 3178 1247 3244 ubi
1270 3179 1309 3243 de

165 3286 267 3352 animi
304 3287 474 3352 affectibus
508 3287 674 3373 disputare
706 3288 951 3374 constituimus,
982 3309 1221 3374 persequemur.
1271 3285 1310 3350 In

163 3392 330 3478 praesenti
352 3393 453 3460 verba
475 3395 547 3480 ipsa
575 3399 703 3461 tantum
727 3396 1068 3479 commemorabimus,
1095 3415 1177 3480 quae
1204 3392 1252 3458 ita
1275 3415 1309 3458 se

164 3500 304 3565 habent:
341 3499 481 3567 ‘Poeta
504 3507 630 3568 alitem
653 3503 692 3568 in
710 3502 773 3568 his
792 3504 1009 3568 exuberans
1033 3501 1165 3566 multis
1189 3499 1309 3564 versi·

163 3607 235 3672 bus
260 3605 434 3673 ostendit
457 3609 526 3674 hoc
550 3611 589 3674 in
611 3610 699 3675 loco
724 3631 807 3674 esse
831 3609 1079 3674 intellectum
1099 3611 1135 3672 ct
1158 3607 1309 3672 iracun-

164 3714 286 3798 diam,
309 3713 348 3778 in
371 3715 508 3780 eodem
527 3717 647 3781 etiam
672 3716 926 3800 cupiditatem
946 3715 1161 3799 collocans,
1183 3737 1310 3800 quem-

165 3819 680 3888 admodumfaceredebuit?
711 3823 834 3908 Aperte
847 3822 901 3887 hie
916 3825 949 3886 et
962 3821 1161 3886 iracundiam
1176 3825 1210 3886 et
1223 3820 1311 3906 eupi-

164 3929 303 3994 ditatem
325 3927 488 3994 diversum
510 3929 662 4013 quiddam
682 3930 723 3994 ab
746 3929 913 3995 intellectu
936 3951 1006 3994 esse
1025 3927 1181 4012 concedit,
1204 3926 1312 3994 sedin

165 4037 262 4103 corde
286 4058 357 4100 esse
380 4035 537 4120 affirmat,
563 4037 649 4121 quod
672 4036 874 4120 Aristotelis,
900 4059 967 4102 non
994 4035 1177 4101 Stoicorum
1205 4035 1310 4098 decre-

165 4147 236 4208 tum
264 4145 324 4207 est
377 4141 486 4227 Atque
518 4144 618 4208 etiam
650 4143 801 4228 deinceps
833 4143 1030 4228 praepositis
1061 4141 1225 4226 versibus,
1255 4141 1311 4206 ubi

166 4253 266 4334 poeta
297 4247 332 4314 in
365 4249 459 4314 eorde
490 4250 650 4315 rationem
681 4273 751 4316 esse
782 4250 986 4335 pronuntiat,
1018 4250 1099 4314 haec
1131 4249 1311 4336 subiungit:

165 4355 269 4423 ‘Jam
299 4377 392 4424 vero
419 4356 536 4422 etiam
565 4357 825 4444 cupiditatem
854 4356 917 4422 hic
940 4377 1023 4421 esse
1050 4354 1110 4420 his
1138 4355 1311 4426 ostendit

164 4462 361 4532 versibus:
