3300 5146
636 423 679 438 -
724 389 789 456 aro
829 427 877 510 ,-

141 551 144 558 '
182 568 263 618 στον
290 547 448 617 ἐκτείνειν
474 547 554 629 τοὺς
580 547 703 636 λόγους
734 544 797 616 οὐκ
829 544 955 616 ὀκνεῖν·
987 544 1024 615 τὸ
1058 548 1096 615 δὲ
1126 549 1185 633 τῆς
1211 552 1334 635 βραχυ-

182 661 297 743 λογίας
323 653 428 743 ἀηθές
453 681 488 724 τε
516 656 571 724 καί
600 661 748 735 σπανιως
769 651 835 723 ὑπὸ
864 650 969 722 αὐτοῦ
996 652 1190 741 γινόμενον,
1219 655 1256 721 ἐν
1284 647 1335 733 οἷς

182 757 226 830 ἀν
256 761 397 850 μάλιστα
427 763 432 852 l
461 761 626 849 λόγοις”
605 788 757 850 αφυκτον
790 760 993 848 αίσθάνηται
1026 758 1062 829 τὸ
1097 759 1233 848 σφάλμα
1264 763 1398 838 roiam

184 869 304 938 ἑαυτοῦ
332 870 517 958 δογμάτων.
568 869 723 956 βούλεται
752 867 883 958 γάρ,ο
865 865 974 956 οἶμαι,
1006 850 1223 956 παρατρέχειν
1250 864 1331 936 αὐτὸ

184 973 238 1044 διὰ
266 976 393 1063 ταχέων
426 975 534 1057 ἄλλως
559 974 740 1066 ὑπομένων
767 977 1004 1063 ἐξελέγχεσθαι.
1058 981 1117 1042 καί
1141 999 1198 1061 μοι
1228 976 1358 1060 δοκεί,ε

182 1082 334 1170 καθάπερ
358 1084 395 1152 έν
417 1098 487 1164 τοῖς
505 1082 619 1164 ἀλλοις
641 1084 755 1172 λόγοις
777 1081 970 1171 ἀγωνιῗεται
990 1084 1105 1168 σαφῶς
1128 1079 1333 1170 ἑρμηνεύειν,

184 1189 289 1270 οὕτως
321 1193 358 1258 έν
391 1187 442 1271 οἷς
474 1192 672 1278 ἐξελέγχεται
705 1191 927 1278 συγκρύπτειν
957 1187 1019 1258 τὸν
1050 1187 1155 1274 λόγου
1189 1184 1332 1278 ἀσαφείᾳ

181 1296 262 1385 μετὰ
285 1304 522 1386 βραχυλογίας,
546 1303 603 1366 ἵνα
622 1297 750 1386 δηλαδὴ
775 1302 858 1388 δοκῇ
876 1296 938 1387 μὲν
957 1293 1227 1383 ἀπολελογῆσθαι
1249 1293 1333 1383 πρὸς

181 1402 373 1493 τοῦγκλημα
405 1405 460 1473 καὶ
493 1404 538 1493 μὴ
571 1405 839 1494 παρεληλυθέναι
871 1405 989 1483 τελέως
1020 1399 1119 1486 αὐτό,
1156 1401 1262 1491 μηδὲν
1294 1401 1331 1470 δὲ

182 1509 274 1599 ἡμεῖς
297 1517 423 1599 ἔχωμεν
446 1509 631 1600 ἀντιλέγειν
653 1527 723 1593 τοῖς
745 1513 944 1601 εἰρημένοις,
966 1501 1016 1578 ὧν
1040 1505 1120 1578 οὐδὲ
1144 1507 1228 1589 ὅλως
1250 1537 1331 1597 μαν-
1348 1537 1372 1578 ιο

182 1617 344 1705 θάνομεν.
399 1615 517 1688 αὐτίκα
547 1621 587 1706 γέ
613 1647 665 1689 τοι
693 1617 776 1688 κατὰ
804 1617 866 1706 την
895 1618 1194 1706 προγεγραμμένην
1221 1619 1331 1704 ῥῆσιν,

182 1727 219 1793 ἐν
246 1716 266 1814 ᾖ
294 1724 331 1794 τὸ
368 1723 581 1814 ἀσπλαγχνον
609 1729 663 1796 καλ
696 1725 733 1796 τὸ
762 1728 807 1817 μὴ
836 1730 924 1813 ἔχειν
957 1724 1142 1811 ἐγκέφαλον
1175 1722 1265 1803 ὅπως
1298 1727 1334 1791 οί

180 1833 298 1900 πολλοὶ
322 1834 478 1919 λέγουσιν
497 1835 669 1922 ἐξηγεῖται,
693 1834 766 1923 ἐμοὶ
785 1833 847 1921 μὲν
865 1837 960 1901 δοκεῖ
979 1831 1112 1899 τοιόνδε
1135 1858 1166 1898 τι
1190 1833 1331 1917 δηλοῦν·

182 1934 413 2026 ἀσπλάγχνους
447 1940 509 2027 μὲν
544 1945 705 2009 καλοῦσιν
742 1943 854 2019 ἐνίους
886 1941 922 2008 έν
960 1948 1020 2030 lopo
1057 1942 1102 2030 τῷ
1139 1934 1331 2024 ἀκαρδίους,

181 2043 293 2131 ἐπειδὴ
322 2044 513 2133 σπλάγχνον
540 2044 561 2136 ἡ
589 2051 727 2137 καρδία,
753 2045 791 2115 τὸ
820 2046 857 2114 δὲ
886 2047 1070 2132 ἐγκέφαλον
1098 2042 1143 2131 μὴ
1177 2049 1264 2131 ἔχειν
1293 2045 1329 2111 ἐν
1345 2070 1369 2109 ιε

181 2158 241 2240 ίσςο
264 2154 309 2241 τῷ
333 2150 546 2240 ἀσπλαγχνον
569 2152 655 2222 εἶναι
679 2156 846 2241 λέγουσιν,
870 2150 983 2240 ἐπειδὴ
1006 2152 1062 2219 καὶ
1086 2142 1185 2230 οὗτος
1206 2149 1330 2237 σπλάγ-

180 2283 264 2344 χνον
289 2259 327 2325 τέ
357 2259 425 2328 ἐστι
452 2261 507 2328 καὶ
534 2259 751 2350 κύριον.οά
776 2261 845 2349 μὴν
872 2263 1069 2349 προσίενταί
1088 2284 1125 2346 γε
1152 2257 1274 2339 πάντες
1296 2263 1332 2328 ol

220 2449 337 2511 Ιόκνεί
351 2456 431 2541 cpdd.
451 2451 547 2513 edd!
532 2464 629 2513 οκνειν
647 2475 712 2524 οοε;
735 2457 770 2512 of.
774 2457 911 2542 Proll.p
914 2463 1036 2512 .99.-
1060 2449 1157 2512 ὂάλλ’
1177 2449 1328 2542 ὑπομένων

179 2526 268 2582 MAB
286 2543 337 2597 pro
356 2521 418 2582 ἀλλ’
434 2527 513 2584 Corn.
533 2529 653 2656 leffi
604 2529 700 2584 vult
684 2549 732 2583 ινα
747 2525 798 2600 μὴτ
817 2475 917 2584 ἄλλοι)
904 2547 988 2598 υπομ.
1003 2527 1046 2582 Al.
1061 2527 1133 2583 Just.
1149 2525 1221 2582 chK
1235 2477 1328 2590 ἄλλως

180 2592 413 2655 ianoe-13
432 2598 545 2670 λέγουσι
675 2607 708 2656 14
727 2601 776 2656 λσω
794 2596 826 2655 τό
845 2599 935 2654 Μ.-

181 2726 394 2738 -ι

179 2801 279 2867 verba
304 2823 370 2866 non
398 2805 560 2886 gravetur.
604 2799 757 2866 Brevitas
789 2801 899 2865 autem
928 2801 961 2863 et
992 2797 1122 2863 insueta
1153 2800 1184 2865 ei
1213 2804 1263 2866 est
1294 2803 1329 2866 et

179 2931 253 2974 raro
286 2909 327 2974 ab
357 2931 395 2974 eo
428 2913 604 2993 usurpatur
636 2931 736 2994 eaque
769 2909 804 2973 in
835 2907 877 2974 iis
909 2905 1119 2990 potissimum
1147 2907 1243 2992 locis,
1270 2908 1327 2973 abi

179 3017 305 3081 ruinam
329 3016 564 3086 sententiarum
583 3039 714 3081 suarum
733 3016 849 3082 evitari
872 3036 938 3080 non
961 3035 1057 3097 posse
1077 3014 1186 3079 sentit.
1210 3015 1326 3100 ,Quam

180 3122 300 3186 cursim
329 3121 550 3187 transmittere
579 3124 663 3208 vult,
698 3125 793 3188 aliter
824 3123 910 3187 enim
938 3141 1087 3185 recusare
1110 3142 1176 3186 non
1208 3125 1326 3208 potest,

178 3229 257 3314 quin
285 3229 479 3296 confutetur.
526 3229 617 3295 Sicut
649 3230 736 3295 enim
764 3231 799 3295 in
831 3228 948 3294 ceteris
981 3227 1063 3292 locis
1089 3226 1123 3291 id
1152 3228 1326 3312 contendit,

178 3341 215 3400 ut
238 3357 333 3402 sensa
357 3340 467 3421 aperte
491 3338 661 3422 exprimat,
684 3338 732 3402 ita
754 3337 789 3402 in
807 3337 859 3422 iis,
881 3334 938 3400 ubi
961 3333 1176 3420 redarguitur,
1199 3334 1326 3400 videtur

178 3441 260 3508 mihi
279 3464 317 3508 ca
336 3444 535 3510 obscuritate
554 3445 694 3530 quadam
710 3467 748 3510 ac
765 3445 926 3510 brevitate
945 3443 1126 3526 contegere,
1145 3445 1182 3507 ut
1201 3442 1326 3508 scilicet

178 3550 324 3635 diluisse,
352 3551 486 3637 siquae
515 3552 721 3618 obicerentur
748 3553 899 3638 crimina,
925 3575 991 3619 non
1018 3551 1149 3638 penitus
1177 3549 1325 3615 omisisse
1386 3543 1393 3554 '

178 3657 388 3743 existimetur,
410 3681 471 3725 nos
490 3663 599 3725 autem
618 3660 701 3725 nihil
720 3659 908 3743 habeamus,
931 3660 1016 3745 quod
1036 3661 1150 3725 contre
1172 3679 1220 3741 ea,
1243 3679 1325 3742 quae

177 3765 446 3850 pronuntiaverit,
469 3765 624 3850 dicamus,
648 3767 767 3852 quippe
786 3788 923 3851 quorum
943 3766 1075 3832 omnino
1094 3764 1178 3830 nihil
1197 3764 1323 3830 intelle·

177 3891 300 3958 gamas.
339 3869 392 3938 Sic
412 3874 524 3938 statim
544 3895 582 3938 eo
600 3875 683 3959 loco,
706 3896 802 3958 quem
821 3896 921 3957 supra
939 3872 1107 3957 adscripsi,
1129 3872 1187 3937 ubi
1206 3871 1324 3937 evisce-

175 3982 283 4044 ratum
308 4001 377 4044 esse
401 3982 434 4044 et
457 3981 624 4046 cerebrum
647 4003 713 4047 non
734 3980 855 4046 habere
878 4003 942 4066 quo
966 4001 1062 4045 sensa
1085 3979 1202 4065 vulgus
1227 3979 1323 4063 dicat,

176 4086 346 4171 explanat,
383 4086 464 4152 talia
497 4086 661 4153 declarare
698 4087 780 4152 mihi
812 4087 952 4152 videtur:
995 4086 1193 4152 evisceratos
1228 4108 1322 4171 quos·

176 4193 251 4258 dam
275 4192 388 4258 eadem
411 4194 573 4260 sententia
595 4199 727 4279 vocant,
754 4217 818 4279 qua
841 4194 1005 4277 excordes,
1032 4193 1109 4279 quia
1136 4193 1243 4259 viscus
1267 4216 1323 4260 cor

175 4304 238 4386 est;
262 4300 429 4366 cerebrum
453 4305 561 4367 autem
579 4323 647 4368 non
669 4301 789 4367 habere
808 4301 939 4368 eosdem
962 4299 1081 4386 dicunt,
1104 4323 1185 4386 quos
1205 4301 1322 4366 evisce-

174 4411 263 4474 ratos
290 4412 491 4493 nuncupant,
521 4409 598 4494 quia
621 4409 788 4476 cerebrum
812 4412 845 4474 et
871 4409 978 4474 viscus
1002 4412 1053 4474 est
1075 4411 1109 4474 et
1131 4407 1320 4492 principale.
