3298 5136
753 389 998 455 -234-

301 545 351 616 ὅτι
375 544 498 626 παντὸς
520 552 581 616 τοῦ
604 547 755 635 στόματος
778 550 814 616 έν
836 563 906 628 τοῖς
928 552 986 635 τῆς
1009 551 1115 635 ψυχῆς
1134 546 1279 616 πάθεσιν
1302 550 1450 636 ἐναργῶς

301 652 544 741 ἀλλοιουμένου
567 656 622 724 καὶ
645 655 722 724 ποτε
746 655 807 743 μὲν
830 652 1018 742 όχριώντός
1040 680 1073 722 τε
1097 655 1153 722 καὶ
1171 656 1448 742 καταψυχομένου

300 762 354 830 καλ
377 763 571 850 τρέμοντας,
595 760 639 842 ὡς
667 765 704 830 έν
726 776 796 841 τοῖς
817 762 938 849 φόβοις
962 767 1115 849 φαίνεται
1144 761 1334 850 γινόμενον,
1357 768 1448 830 ἔστιν

300 867 353 937 ὅτε
378 869 414 936 δὲ
439 869 666 956 έρυθριῶντός
691 896 726 937 τε
754 870 809 936 καί
832 871 1103 957 θερμαινομένου
1129 869 1184 936 καὶ
1212 873 1369 957 σφοδρῶς
1396 872 1447 938 έν-

273 977 511 1064 5τεινομένου,
542 975 694 1064 καθάπερ
728 978 764 1042 έν
795 990 866 1055 τοῖς
896 985 1035 1063 θυμοῖς,
1072 972 1213 1055 οὐδενὸς
1244 975 1306 1062 μέν
1342 974 1447 1045 άλλου

300 1085 461 1170 μέμνηται
491 1090 628 1170 μορίου,
655 1083 772 1171 μόνων
801 1082 837 1150 δὲ
868 1086 937 1150 τόν
963 1081 1046 1150 κατά
1069 1081 1129 1151 τὸν
1157 1081 1309 1170 θεόρακα·
1337 1089 1447 1152 ἔπειτα

301 1190 349 1273 δέ,
372 1188 435 1272 ὅτι,
458 1185 521 1256 κάν
548 1195 751 1278 συγχωρηθῇ
779 1189 939 1277 μειζόνως
966 1188 986 1277 ἡ
1015 1193 1135 1276 καρδία
1157 1193 1226 1257 τῶν
1253 1189 1364 1259 ἄλλων
1386 1195 1447 1260 τοῦ

301 1295 386 1387 ζῴου
408 1303 536 1384 μορίων
567 1297 758 1384 ἐξισταμένῃ
791 1301 851 1364 τοῦ
883 1295 965 1365 κατὰ
992 1295 1098 1384 φύσιν
1125 1298 1162 1364 έν
1189 1295 1309 1383 φόβοις
1330 1324 1364 1366 τε
1392 1299 1447 1366 καί

301 1403 419 1482 λότιαις
441 1399 600 1490 ἀγωνίαις
622 1404 729 1471 τεκαὶ
748 1413 872 1490 θυμοῖς
891 1402 996 1470 ἅπασί
1015 1429 1049 1470 τε
1072 1417 1142 1483 τοῖς
1160 1401 1274 1483 άλλοις
1291 1403 1448 1488 πάθεσιν,

234 1505 342 1580 mori
363 1508 401 1578 τὸ
425 1510 640 1597 λογιζόμενον
663 1515 720 1599 τῆς
743 1514 859 1597 ψυχῆς,
889 1509 893 1598 t
924 1507 1006 1578 ἀλλὰ
1029 1507 1066 1578 τὸ
1091 1508 1311 1598 θυμούμενον
1333 1507 1354 1598 ἢ
1379 1513 1445 1578 έαι-

263 1635 284 1674 1¹
301 1621 437 1703 θυμοῦν
460 1618 608 1684 ἐνταῦθα
626 1614 792 1704 ,ὑπάρχειν
812 1619 1002 1698 ἐνδείξεται·
1026 1615 1109 1685 ὥστε
1132 1618 1234 1684 πλέον
1255 1616 1404 1704 θάτερον
1427 1613 1447 1706 ἢ

301 1721 381 1809 ὅπερ
405 1720 505 1803 αὐτὸς
527 1721 693 1810 βούλεται,
716 1730 934 1811 περαίνεσθαι
959 1722 1015 1791 διὰ
1039 1723 1234 1810 τοῦλόγου.
1271 1729 1302 1791 εί
1323 1724 1387 1812 γὰρ
1411 1727 1449 1792 έν

300 1827 362 1917 μὶν
388 1833 433 1920 τῷ
462 1835 677 1899 διανοεῖσθαί
701 1858 734 1898 τε
763 1832 817 1898 καὶ
845 1825 1077 1918 μανθάνεινῆ
1107 1827 1279 1898 διδάσκειν
1307 1827 1448 1919 οὐδεμία

300 1943 429 2023 κίνησις
453 1939 616 2024 ἐξαίρετος
638 1939 832 2025 ἐμφαίνεται
859 1933 941 2004 κατὰ
964 1935 1027 2023 τὴν
1049 1941 1201 2024 καρδίαν,
1225 1938 1263 2004 έν
1285 1935 1386 2007 ἅπασι
1410 1941 1448 2007 δὲ

262 2061 287 2100 15
301 2058 371 2121 τοῖς
393 2043 538 2111 κάθεσιν
556 2047 704 2131 έναργιός
722 2051 887 2132 φαίνεται,
911 2047 1027 2130 δῆλον,
1051 2040 1154 2130 οἶμαι,
1177 2048 1303 2129 γίνεται
1326 2044 1363 2112 τὸ
1384 2046 1448 2133 μὲν

300 2149 517 2237 λογιζόμενον
543 2153 600 2238 τῆς
627 2155 735 2238 ψυχῆς
762 2148 824 2218 οὐκ
854 2148 939 2218 εἶναι
962 2148 1045 2218 κατὰ
1072 2149 1135 2237 τὴν
1156 2154 1315 2240 καρδίαν,
1342 2149 1379 2220 τὸ
1410 2153 1447 2220 δὲ

300 2252 478 2343 ἀλόγιστόν
504 2284 538 2326 τε
572 2259 627 2326 καὶ
660 2256 850 2344 παθητικὸν
878 2255 1125 2346 ὀνομαζόμενον
1158 2258 1194 2324 έν
1226 2253 1310 2347 αὐτῇ
1339 2260 1447 2346 περιέ-

335 2487 351 2534 4
375 2482 423 2534 καλ
442 2477 788 2551 σφοδρῶς·έντεινομένοιι
814 2499 867 2536 om.
888 2483 918 2536 Ιι.
940 2515 969 2521 -
997 2490 1012 2536 8
1033 2476 1216 2551 ἐξισταμένου
1235 2482 1266 2536 L.
1286 2514 1319 2522 —
1344 2477 1447 2556 φόβοις

300 2553 347 2605 καὶ
367 2552 396 2607 Ιι.
423 2585 454 2592 -
482 2560 511 2607 11
533 2547 582 2608 ἅτε
603 2553 624 2606 L
644 2546 714 2608 ὥστε
735 2554 771 2608 Μ,
790 2585 825 2593 -
849 2549 961 2621 ἥτερῐι
986 2547 1003 2621 ἢ
1028 2546 1099 2620 ὅπερ
1118 2554 1184 2608 MA.
1205 2585 1237 2592 -
1266 2560 1298 2607 12
1318 2571 1336 2607 c
1353 2555 1446 2609 verbis

300 2621 328 2677 εί
349 2619 403 2690 γάρ
425 2623 564 2692 incipiunt
586 2628 718 2694 excerpta
737 2625 899 2680 Florentius
922 2628 951 2680 et
973 2623 1101 2680 Parisino
1128 2626 1160 2694 (F
1179 2629 1209 2680 et
1226 2625 1271 2692 P):
1300 2625 1334 2679 cf.
1359 2625 1445 2681 Proll.

299 2713 326 2762 p.
348 2700 388 2748 75.
409 2725 441 2733 —-
463 2701 495 2748 13
514 2693 567 2765 uic
585 2712 638 2750 om.
658 2695 716 2750 FP.
736 2727 769 2736 -

298 2903 332 2968 in
361 2901 461 2967 animi
490 2905 658 2969 affectibus
691 2903 863 2969 manifesto
897 2904 1087 2968 immutetur
1115 2927 1151 2968 ac
1184 2905 1280 2970 modo
1312 2906 1445 2989 palleat,

298 3011 455 3096 frigescat
468 3014 659 3096 trematque,
677 3012 711 3076 id
725 3011 810 3096 quod
824 3011 859 3075 in
874 3014 962 3075 metu
980 3011 1026 3094 fit,
1044 3011 1141 3076 modo
1161 3011 1284 3095 rubeat,
1304 3014 1446 3078 calescat

298 3117 566 3203 vehementerque
588 3118 784 3202 intendatur,
808 3121 844 3182 ut
866 3117 901 3182 in
923 3118 1104 3201 iracundia,
1128 3118 1166 3182 de
1189 3118 1279 3183 nulla
1301 3123 1443 3203 praeter-

298 3246 394 3308 quam
413 3224 557 3290 thoracis
576 3229 668 3309 parte
687 3225 885 3290 mentionem
904 3224 998 3310 facit3
1022 3225 1170 3307 alterum,
1193 3225 1289 3309 quod,
1312 3226 1442 3291 etiamsi

299 3332 492 3396 concedatur
523 3333 558 3396 in
589 3333 776 3414 timoribus,
813 3332 1029 3416 maeroribus,
1062 3331 1237 3415 angustiis,
1268 3332 1444 3398 iracundiis

298 3438 477 3523 ceterisque
510 3440 679 3504 affectibus
717 3461 772 3504 eor
810 3439 965 3503 maiorem
1001 3439 1036 3503 in
1068 3437 1200 3504 modum
1232 3461 1329 3522 quam
1362 3440 1444 3504 alias

298 3546 444 3629 corporis
472 3551 582 3629 partes
606 3569 622 3609 e
650 3546 791 3610 naturali
821 3568 880 3609 sua
911 3546 1142 3610 corratitrrtionc
1171 3545 1348 3628 deturbari,
1378 3569 1444 3612 non

297 3652 490 3717 rationalem
510 3652 610 3717 animi
628 3657 766 3737 partem,
790 3653 844 3716 sed
864 3675 946 3734 eam,
968 3676 1032 3737 qua
1054 3652 1227 3717 irascimur
1245 3675 1347 3737 quave
1367 3653 1444 3738 quid

298 3759 495 3843 appetimus,
519 3759 564 3824 ibi
590 3783 659 3824 esse
682 3759 899 3824 demonstrari
923 3764 1041 3843 potest,
1064 3764 1101 3823 ut
1119 3760 1318 3824 contrarium
1337 3761 1443 3845 magis

297 3888 394 3950 quam
418 3865 459 3948 id,
482 3866 567 3950 quod
592 3867 708 3950 voluit,
738 3867 796 3930 illa
823 3866 949 3930 ratione
974 3865 1142 3930 efficiatur.
1187 3865 1273 3930 Nam
1298 3865 1339 3949 si,
1367 3867 1442 3932 dum

296 3972 492 4036 meditamur
519 3973 570 4036 vel
598 3974 752 4038 discimus
780 3974 831 4036 vel
859 3973 1027 4056 docemuS,
1053 3973 1162 4037 nullus
1192 3972 1385 4057 praecipuus
1408 3973 1444 4037 in

297 4081 391 4145 corde
414 4083 522 4145 motus
547 4085 698 4164 apparet,
720 4081 755 4144 in
783 4080 952 4143 affectibus
981 4083 1089 4143 autem
1119 4079 1268 4144 omnibus
1297 4081 1444 4163 apparet,
1520 4102 1521 4105 ¹

296 4187 513 4270 perspicuum,
537 4187 661 4272 opinor,
684 4189 722 4250 fit
744 4187 779 4250 in
798 4185 893 4250 corde
916 4207 982 4250 non
1001 4209 1071 4250 esse
1090 4186 1283 4251 rationalem
1306 4189 1444 4270 portem,

297 4293 362 4374 sed,
385 4315 466 4377 quae
489 4292 689 4360 irrationalis
710 4291 942 4376 affectibusque
967 4292 1108 4356 obnoxia
1130 4291 1324 4376 appellatur,
1346 4292 1381 4356 in
1405 4313 1442 4358 eo

296 4397 467 4482 contineri3
497 4399 560 4481 sin,
591 4398 646 4462 ub'i
671 4399 806 4462 affectus
836 4398 892 4480 sit,
920 4397 1042 4462 ibidem
1070 4398 1170 4463 ctiam
1195 4398 1442 4464 meditationem
