3246 5148
605 435 826 502 ..ssfiffl

137 599 307 682 semesae,
334 601 398 678 sod,
430 601 521 682 quusi
547 601 581 664 in
608 621 644 663 eu
674 619 737 664 τιον
766 603 899 664 ναωαιν
930 599 977 664 νίς
1004 597 1104 666 omnis
1136 605 1165 665 et
1194 619 1288 666 ιονοιι

137 708 327 788 quaestionis
349 709 386 772 de
401 704 697 790 pertirrbutiomtua
724 707 830 770 statim
852 727 874 768 α
895 706 941 770 rei
963 707 1105 770 doctrino
1127 709 1239 773 recedis
1260 713 1289 772 et

137 814 174 876 ιἰι
202 813 291 878 rebus
316 814 444 878 minime
470 812 647 877 maaet
676 810 895 877 commoraris?
947 811 980 876 Ρ.
1004 812 1069 878 458
1094 811 1138 877 in.
1160 813 1206 876 K:
1233 811 1287 877 καί

138 911 241 994 αὐτὸς
268 911 286 984 ὁ
311 915 504 1005 Χρύσιππος
531 915 678 1002 ἐναργῶς
705 914 850 1002 ἐδήλωσε
878 912 923 982 δι’
950 907 998 984 ὡν
1025 956 1068 964 -
1096 918 1289 1005 παρεθέμην

138 1020 286 1108 ῥήσεων,
319 1024 356 1090 ἐν
389 1017 442 1100 οἷς
467 1040 572 1109 φησιν
600 1017 691 1106 ‘oripi
724 1021 1035 1109 διημαρτημένος
1067 1021 1201 1108 φέρεται
1233 1023 1288 1090 καὶ

137 1128 293 1215 παριόιόν
315 1155 346 1196 τι
369 1125 451 1195 κατὰ
473 1125 534 1195 τὸν
552 1125 670 1212 λόγον’
694 1153 825 1215 prorsus
850 1130 970 1195 oblitus
990 1153 1024 1194 se
1047 1132 1155 1214 ipsum
1178 1155 1207 1216 p.
1223 1133 1287 1197 386

137 1243 219 1302 extr.
243 1238 355 1303 eadem
379 1236 479 1302 verba
497 1237 544 1300 sio
563 1236 753 1302 reddidisse:
780 1231 854 1320 οὐχί
879 1236 1174 1322 θιημαρτημένως
1197 1263 1231 1322 φ.
1256 1243 1289 1302 et

138 1367 169 1428 p.
190 1345 255 1408 369
279 1345 321 1408 in.
348 1337 421 1426 οὐχὶ
445 1343 480 1407 εί
502 1341 796 1427 όιημαρτημένως
819 1368 853 1428 φ.
886 1343 948 1420 Qui
972 1366 1029 1407 our
1051 1343 1113 1410 hoe
1136 1344 1209 1409 loco
1230 1344 1287 1408 oli·

138 1457 191 1514 ter
218 1450 387 1534 scripserit
416 1472 454 1514 ae
481 1447 653 1532 MABOh,
683 1450 738 1534 qui
770 1448 1065 1533 διημαρτημένως
1094 1451 1288 1516 constantis·

138 1557 222 1621 sime
246 1559 390 1640 tuentur,
417 1578 483 1622 non
508 1555 674 1642 intellego.
719 1557 753 1620 P.
776 1557 842 1621 473
866 1557 925 1620 sub
954 1558 1007 1621 fin.
1030 1556 1084 1620 K.:
1111 1553 1166 1620 καὶ
1194 1549 1285 1621 ταῦτ’

139 1653 204 1728 οὖν
228 1662 263 1728 tn
285 1665 342 1747 τῆς
368 1662 436 1728 τῶν
458 1663 580 1726 παθὼν
603 1664 709 1739 αἰτίας
727 1665 936 1746 γνωσθείσης
954 1657 1163 1746 ὡφελεῖσθαί
1182 1680 1288 1746 φησιν

138 1763 225 1853 ἡμᾶς
248 1765 265 1834 ὁ
291 1765 533 1848 Ποσειδώνιος,
560 1766 615 1832 καὶ
638 1765 771 1853 προσέτι
799 1764 839 1834 τὰ
863 1765 1111 1854 ὡιαπορούμενα
1134 1765 1289 1853 περὶτῆς

138 1875 175 1940 ἐκ
207 1872 338 1952 πάθους
369 1869 473 1959 ὁρμῆς
500 1873 667 1958 ἐξέφηνεν.
712 1873 846 1940 Ceterae
878 1897 990 1940 omnes
1023 1875 1091 1939 edd.
1125 1875 1214 1940 codd.
1253 1874 1287 1938 M

138 1981 234 2046 Laur.
261 1985 337 2066 post
368 1978 408 2047 τὰ
440 1977 688 2066 όιαπορούμενα
721 1983 879 2046 insertum
910 1983 1033 2048 habent
1064 1984 1163 2066 φησί,
1202 1981 1288 2064 quod

139 2088 170 2152 K
195 2111 268 2154 eum
290 2111 358 2154 non
379 2087 608 2172 intellexisset,
636 2087 815 2153 eiciendum
844 2111 913 2152 esse
941 2089 1084 2172 putavit,
1110 2110 1177 2153 uon
1204 2088 1290 2172 eogi-

138 2199 214 2260 tsns
242 2195 451 2278 sententiani,
479 2216 576 2279 quam
600 2195 670 2278 ipse
690 2193 919 2278 conformavit,
943 2194 1152 2279 sequentibus
1172 2194 1289 2278 verbis,

139 2323 222 2386 quae
246 2303 293 2366 sie
316 2300 429 2365 edidit:
458 2294 515 2366 εἶτ’
543 2295 657 2381 αὐτὸς,
680 2295 760 2366 ἅττα
782 2296 854 2366 ποτ’
881 2295 965 2365 αὐτό
989 2300 1094 2382 ἐστιν,
1124 2298 1290 2383 ἐπιφέρων
1337 2319 1341 2326 ·

139 2407 301 2493 ἐξηγεῖται
324 2403 423 2473 τόνδε
450 2402 510 2472 τὸν
536 2403 664 2490 τρόπον
686 2405 819 2471 minime
848 2407 1027 2472 convenire.
1073 2406 1290 2472 Retineudum

139 2514 242 2599 igitur
268 2513 350 2578 illud
377 2517 463 2598 φησί
488 2519 521 2578 et
548 2515 582 2578 in
610 2513 697 2578 huno
728 2515 859 2578 modum
890 2513 1094 2578 scribendum
1125 2513 1202 2577 fuit:
1234 2511 1296 2590 καὶ,

138 2617 274 2702 προσέτι
299 2615 357 2685 ‘rol
381 2617 647 2707 όταποροόμενα’
671 2625 758 2704 φησί
778 2617 869 2705 “περὶ
891 2619 949 2702 τῆς
973 2617 1008 2683 ἐκ
1030 2615 1163 2696 πάθους
1186 2613 1290 2705 ὁρμῆς

139 2723 322 2809 ἐξέφηνεν]
368 2727 457 2804 Quae
479 2728 580 2793 rerba
602 2727 768 2793 Posidonii
792 2723 846 2813 (ei.
869 2750 900 2810 p.
923 2725 987 2789 471
1014 2722 1107 2813 extr.)
1135 2726 1183 2790 ita
1207 2727 1289 2791 aeci·

138 2833 259 2918 pieuda
282 2836 371 2916 sunt,
397 2838 435 2898 ut
458 2833 603 2900 Subieoti
630 2834 702 2900 loeo
730 2836 774 2899 sit
801 2828 821 2918 ἡ
848 2833 917 2900 τὼν
944 2833 1066 2898 παθῶν
1093 2834 1182 2898 αίτία
1206 2855 1290 2915 γνω-

139 2945 270 3004 σθεῖσα.
315 2938 444 3025 Duplex
471 2941 690 3024 commodum,
718 2941 825 3025 inquit
852 2939 1059 3023 Posidonius,
1089 2962 1128 3004 ex
1158 2939 1290 3023 cognita

139 3069 240 3112 eausa
257 3046 540 3131 perturbationum
558 3047 787 3132 proficiscitur,
806 3069 920 3129 unum,
938 3047 1023 3131 quod
1038 3047 1079 3111 ed
1093 3067 1187 3111 usum
1202 3045 1289 3108 vitae

139 3157 281 3238 spectat,
305 3154 456 3238 alterum,
479 3154 563 3238 quod
588 3154 628 3218 ad
652 3153 826 3238 aperienda
844 3153 1110 3237 explananduque
1130 3174 1183 3235 ea,
1206 3173 1289 3236 quae

139 3262 180 3325 de
207 3261 334 3345 impetu
361 3261 644 3343 perturbationum
672 3260 772 3324 dubia
799 3263 888 3343 sunt,
917 3259 1013 3324 valet.
1062 3257 1096 3322 P.
1120 3259 1186 3324 484
1215 3262 1290 3322 ante

139 3368 223 3434 med.
246 3367 291 3432 K:
313 3361 351 3432 ri
375 3362 437 3449 pto
459 3361 501 3450 δὴ
520 3363 565 3451 μὴ
589 3367 734 3452 χρῆσθαι
757 3366 903 3454 λογισμῷ
922 3361 1002 3448 μήτε
1025 3359 1065 3427 τὰ
1084 3367 1190 3449 θηρία
1208 3359 1290 3447 μήτε

138 3469 180 3538 τὰ
208 3471 331 3559 βρέφη,
359 3469 413 3537 καὶ
437 3467 534 3555 πρὸς
556 3469 649 3549 τοὺς
670 3471 744 3558 περὶ
766 3468 828 3538 τὸν
850 3467 1048 3556 Χρύσιππον
1070 3464 1289 3554 ὡμολόγηται.

138 3581 323 3644 Permirum
354 3579 481 3643 videtur
512 3573 595 3664 πρὸς
625 3574 703 3655 τοὺς
725 3601 757 3643 π.
779 3601 806 3644 τ.
829 3582 867 3642 X.
895 3572 1106 3663 ὡμολόγηται
1134 3580 1167 3641 et
1197 3577 1289 3643 loeus

138 3709 261 3774 magno
284 3687 478 3752 documento
501 3688 564 3769 est,
587 3685 664 3770 quid
686 3685 889 3770 proficiatur,
912 3684 940 3749 si
963 3684 1036 3768 quis
1058 3706 1119 3749 nee
1142 3684 1289 3749 codicum

138 3815 199 3858 nec
224 3794 427 3877 superiorum
451 3792 630 3858 editionum
649 3813 710 3876 ope
728 3769 843 3856 Galeni
861 3790 964 3856 libros
984 3791 1211 3856 emendaturus
1231 3794 1288 3855 est.

140 3897 200 3963 Oh.
225 3899 369 3963 ediderat
392 3893 474 3982 πρὸς
496 3893 565 3963 τὸν
587 3920 619 3963 π.
637 3922 664 3964 τ.
683 3901 721 3962 X.
740 3891 791 3980 ὡ,
814 3919 921 3962 errore
952 3896 1198 3981 typothetarum
1222 3919 1289 3961 ma-

138 4005 275 4090 nifest03
302 4028 378 4070 uam
406 4009 439 4070 et
462 4005 489 4070 B
513 4009 547 4070 et
569 4004 639 4069 AM
666 4005 825 4089 praebent
852 3999 935 4087 πρὸς
960 4004 1052 4087 τῶν,
1081 4003 1166 4089 quod
1193 4004 1287 4068 unice

140 4135 254 4178 verum
277 4116 339 4198 est,
368 4112 399 4175 K
423 4115 531 4176 autem
555 4111 626 4178 solu
649 4111 790 4176 editione
814 4108 1030 4176 Charterianu
1055 4111 1150 4174 nixus
1179 4131 1217 4172 ae
1241 4129 1288 4172 oe-

139 4223 285 4283 terarum
307 4218 482 4303 neglegens
505 4240 646 4284 errorem
670 4218 763 4282 illum
782 4239 953 4302 perperam
972 4216 1134 4301 corrigere
1153 4217 1287 4279 conatus

141 4328 199 4390 est.
227 4361 271 4370 -
298 4324 333 4388 P.
355 4324 419 4389 491
449 4325 530 4389 med.
557 4323 665 4390 locum
692 4324 899 4390 Platonicum
927 4319 980 4408 (de
1006 4345 1074 4407 rep.
1101 4343 1132 4404 p.
1154 4320 1220 4386 439
1243 4317 1287 4408 E)

140 4431 171 4497 K
187 4432 235 4497 sie
249 4431 401 4496 reddidit:
419 4431 522 4496 ταῦτα
536 4427 597 4515 μὲν
610 4433 743 4511 τοίνυν,
761 4419 804 4514 ἦν
823 4423 853 4493 δ’
871 4425 950 4513 tyni,
974 4424 1045 4493 δύο
1065 4451 1130 4512 μοι
1149 4421 1286 4512 ὡρίσθω

195 4553 317 4600 (inlepide
332 4555 391 4593 Plau.
406 4555 462 4593 Ptol.
477 4559 498 4594 et
513 4555 620 4602 Hippoer.
636 4555 694 4594 libri.
1057 4557 1073 4612 ὓ
