3228 5148
607 367 829 432 ..69-

137 526 400 612 καταγίλαστον,
425 525 510 592 ἐκεί
529 549 590 592 τοι
607 524 664 591 καλ
683 524 757 612 περὶ
776 529 966 613 φλεγμονῆς
984 527 1145 612 γενέσεως
1161 529 1217 596 καλ
1235 553 1295 598 τιυ-

138 634 239 714 ρετοῦ
262 629 534 716 διαγνωσεωςὲν
555 656 590 698 τε
612 643 682 710 τοῖς
700 632 774 720 περὶ
792 636 1014 720 φλεβοτομιάς
1032 632 1145 719 λόγοις
1164 635 1218 702 καὶ
1238 633 1293 703 ἅλ-

138 743 212 816 λοις
233 739 299 806 τισί
323 747 576 826 θεραπευτικοίς
598 745 771 825 λογισμοῖς
794 740 929 825 ἐδείχθη
954 739 1169 827 ἐσφαλμένος.
1204 744 1294 810 Alte-

138 869 211 910 ram
230 844 304 910 ίιτεί
316 869 368 912 τοι
388 869 534 912 summae
554 847 726 912 offensioni
746 870 816 912 esse
834 869 930 914 nemo
950 849 1094 933 negabit.
1123 849 1163 916 ln
1181 848 1292 917 ABOh

138 952 262 1038 legitur
285 952 357 1018 ἐπεί
376 977 428 1018 τοι
451 949 492 1018 δὲ
520 951 592 1034 καὶ,
619 954 655 1020 in
676 952 711 1019 M
740 952 804 1018 ἐπί
826 978 878 1019 τοι
906 951 943 1020 δὲ
971 953 1042 1038 καλ,
1069 956 1153 1020 unde
1180 979 1292 1023 reram

138 1083 273 1126 manum
301 1060 468 1145 scriptoris
495 1059 712 1144 restituimus,
743 1082 817 1125 cum
844 1062 1034 1146 scripsimus
1063 1064 1118 1126 ἔτι
1147 1059 1188 1128 δὲ
1218 1066 1292 1132 καί.

138 1165 188 1230 De
219 1167 286 1232 alia
314 1166 380 1232 loci
407 1165 612 1250 difficultate,
643 1187 725 1250 quae
755 1167 791 1233 in
820 1169 914 1233 ἔατε
943 1169 988 1256 τῷ
1019 1169 1126 1234 inesse
1155 1169 1292 1256 ridetur,

138 1274 212 1338 ride
236 1274 416 1340 Comment.
439 1274 539 1337 nostr.
584 1270 619 1336 P.
644 1271 709 1336 ‘140
732 1277 808 1357 post
830 1273 873 1338 in.
897 1275 1004 1341 locum
1027 1275 1232 1343 Platonicum
1256 1279 1291 1343 in

137 1379 279 1444 deterius
303 1379 443 1444 mutavit
467 1377 635 1444 scribendo
659 1371 680 1462 ἢ
709 1382 984 1466 μακρολογοῦμεν
1010 1377 1072 1465 τήν
1094 1377 1131 1446 θ’
1150 1377 1290 1468 ὑφαντι-

136 1480 202 1568 κὴν
225 1483 377 1567 λέγοντες
399 1508 428 1549 κ.
450 1507 477 1549 τ.
500 1488 528 1548 λ.
550 1505 611 1567 pro
634 1487 910 1571 μακρολογῶμεν,
937 1488 1023 1573 quod
1045 1486 1205 1556 MABOh
1234 1491 1290 1557 ha·

137 1591 225 1656 beut.
271 1591 349 1676 (Pro
371 1587 434 1676 τήν
456 1584 493 1655 θ’
514 1583 703 1675 ὑφαντικήν
725 1591 760 1656 Μ
787 1589 850 1676 τήν
872 1618 906 1659 τε
928 1589 1118 1680 ὑφαντικήν
1144 1598 1289 1684 praebet,

135 1699 223 1782 quod
246 1695 472 1783 restituimus).
516 1695 551 1760 P.
577 1697 641 1761 750
663 1697 709 1763 K:
734 1697 915 1778 Δείξαντος
938 1691 1001 1766 οὖν
1022 1701 1084 1767 τοῦ
1107 1699 1289 1782 Πλάτωνος

136 1804 174 1870 e'v
197 1805 243 1894 τῷ
266 1803 384 1894 τρωτμ
407 1805 465 1889 τῆς
483 1805 659 1879 Πολιτείας
678 1800 729 1867 ἐπὶ
744 1803 910 1872 πλειόνων
924 1805 1215 1893 παραδειγμάτων,
1238 1800 1288 1876 oiv

135 1913 213 1976 εἰσι
242 1909 296 1976 καὶ
327 1911 565 1997 κυβερνῆται
593 1907 648 1973 καὶ
677 1910 822 1997 ίατροὶ,
851 1910 931 1991 τοὺς
960 1917 1123 1998 τεχνίτας,
1153 1905 1202 1982 ὧν
1231 1913 1286 2004 ἄρ-

134 2035 252 2102 χουσι
276 2017 329 2084 καλ
354 2017 582 2098 διοικοῦσιν,
607 2014 746 2094 ἐκείνοις
768 2012 831 2102 τὴν
853 2014 1034 2104 ὠφέλειαν,
1063 2016 1123 2106 οὐχ
1146 2019 1286 2107 ἑαυτοῖς,

134 2125 378 2210 ἐκπορίζεσθαι.
404 2120 577 2190 MABOh:
601 2117 743 2209 ἄρχωσι
762 2123 818 2190 καὶ
837 2127 1021 2209 διοικοῦσι,
1041 2129 1126 2212 quod
1146 2130 1193 2194 ita
1210 2132 1285 2196 reti·

134 2233 275 2298 nendum
303 2233 379 2316 fuit,
407 2236 444 2296 ut
471 2232 548 2317 post
574 2218 624 2294 civ
646 2229 813 2295 Particula
840 2227 897 2315 ἄν,
925 2255 1022 2318 quam
1051 2236 1242 2319 saepissime
1266 2261 1286 2302 a
1325 2305 1328 2312 ,

132 2340 280 2404 librariis
304 2340 459 2405 omissam
483 2359 552 2402 esse
576 2358 614 2400 ex
634 2336 689 2420 iis,
712 2359 794 2422 quae
818 2361 917 2423 supra
938 2339 1189 2426 disputavimus,
1213 2365 1285 2409 con-

132 2451 215 2530 stat,
239 2447 441 2512 insereretur.
488 2442 550 2510 Sed
572 2443 663 2508 locus
690 2465 895 2529 nequaquam
923 2450 1115 2530 personatus
1143 2449 1283 2536 videtum

131 2575 210 2618 uam
238 2555 273 2618 in
300 2553 408 2618 verbis
436 2545 715 2637 παραδειγμάτων
741 2538 791 2614 ὧν
820 2552 884 2616 είσι
913 2550 968 2617 καὶ
998 2554 1198 2638 κυβερνῆται
1228 2555 1284 2621 καλ

132 2662 247 2744 ίατροί
271 2661 387 2726 vitium
415 2658 547 2744 aliquod
575 2656 672 2742 inest,
705 2655 782 2724 AB:
810 2646 860 2723 aiv
888 2656 968 2724 ἐστὶ
1001 2657 1055 2724 καὶ
1083 2661 1284 2748 κυβερνηταλ

131 2765 208 2853 (sic)
232 2765 286 2832 καί
307 2764 430 2852 ίατροὶ,
458 2764 507 2828 M:
535 2750 584 2828 siv
612 2760 679 2827 ἐστὶ
709 2761 794 2850 (lege
823 2761 904 2850 ἐστι)
933 2763 988 2830 καί
1016 2767 1282 2853 κυβερνητικοὶ

130 2871 188 2938 καλ
212 2869 385 2959 ἰατρικά,
413 2871 499 2957 quod
527 2891 638 2935 omnes
666 2891 818 2936 numeros
847 2873 996 2937 veritatis
1025 2873 1125 2939 habet
1147 2875 1282 2961 ideoque

131 2980 271 3046 anobis
295 2981 483 3044 restitutum
507 2979 565 3041 est.

221 3086 297 3153 Non
319 3109 425 3172 pauca
447 3085 550 3170 igitur
568 3081 751 3165 attulimus,
775 3083 892 3168 quibus
911 3085 1081 3152 Kuehnius
1101 3091 1226 3154 textum
1245 3090 1281 3154 in

129 3195 225 3278 peius
257 3193 420 3258 effinxisse
453 3189 668 3273 convincitur,
703 3188 768 3253 alia
800 3191 904 3256 multa
935 3193 1214 3276 praetermisimus
1247 3196 1282 3260 in

129 3301 213 3366 alios
236 3301 326 3366 locos
350 3298 492 3365 dilaturi.
536 3295 632 3360 Patet
659 3299 769 3360 autem
797 3319 836 3361 ex
863 3297 918 3382 iis,
946 3321 1027 3382 quae
1056 3299 1095 3363 de
1124 3301 1192 3366 eius
1216 3301 1281 3365 edi·

128 3408 218 3472 tione
243 3407 494 3492 disputavimus,
520 3425 561 3468 ne
584 3401 677 3466 illum
700 3401 830 3486 quidem
858 3403 966 3470 officio
991 3405 1104 3470 critico
1133 3407 1213 3470 satis
1237 3406 1280 3471 fe·

129 3515 228 3596 cisse,
258 3514 379 3598 quippe
406 3513 461 3598 qui
484 3509 647 3595 permulta
677 3509 758 3572 vitia
781 3531 801 3573 a
824 3511 1046 3594 superioribus
1073 3511 1196 3577 tradita
1224 3517 1281 3578 aut

128 3643 264 3704 prorsus
296 3619 476 3704 neglexerit
508 3620 565 3681 aut
595 3637 766 3700 perperam
798 3618 983 3682 correxerit.
1033 3617 1148 3702 Itaque
1180 3641 1277 3704 quam

129 3728 216 3791 male
246 3725 379 3791 habitus
409 3728 516 3790 textus
547 3723 587 3787 ad
617 3727 758 3787 aetatem
788 3725 935 3788 nostram
967 3724 1162 3809 pervenerit,
1195 3726 1276 3791 satis

128 3855 290 3918 superque
314 3831 607 3898 demonstravimus
631 3829 791 3913 simulque
815 3829 996 3913 docuimus,
1019 3831 1053 3894 in
1076 3836 1156 3916 quot
1178 3854 1277 3917 quan.

128 3945 245 4024 tosque
270 3961 393 4006 errores
417 3938 558 4003 incidere
580 3957 711 4001 necesse
729 3936 829 4000 fuerit
852 3959 920 4021 eos,
943 3937 998 4021 qui
1017 3938 1086 4002 sine
1105 3938 1172 4003 ullo
1192 3939 1276 4004 codi-

128 4069 203 4112 cum
232 4047 418 4112 adiumento
447 4051 543 4129 atque
575 4044 707 4129 insuper
733 4043 854 4129 raptim
882 4045 1064 4129 cursimque
1091 4043 1206 4129 libros,
1236 4045 1275 4109 de

128 4153 247 4238 quibus
271 4153 469 4237 quaerimus,
491 4150 704 4216 recensendos
728 4151 937 4235 susceperint.

215 4259 286 4325 Iam
309 4260 431 4325 relictis
455 4257 664 4342 editionibus,
692 4278 829 4342 quarum
851 4259 992 4342 primam
1014 4279 1099 4321 nunc
1123 4256 1204 4320 satis
1227 4257 1273 4322 in·

127 4365 297 4454 tellegitur
319 4367 462 4434 codicem
488 4367 579 4450 typis
607 4385 807 4452 expressum,
835 4369 958 4430 ceteras
986 4364 1055 4428 eius
1082 4385 1198 4429 manus
1226 4387 1273 4430 so-
