3298 5136
761 380 999 442 -196-

304 533 510 622 φιλομαθής,
535 534 647 622 ἑτέρας
680 532 763 621 ὑπὲρ
795 535 924 602 τούτων
951 533 1108 603 ἁπάντων
1137 541 1201 622 ἔχει
1231 542 1454 623 πραγματείας

305 640 385 730 ἡμῖν
417 643 660 728 γεγραμμένας,
692 646 825 730 πρῶτον
857 640 918 728 μὲν
945 639 1007 728 τὴν
1038 643 1112 728 περὶ
1144 641 1302 727 θώρακάς
1332 668 1366 708 τε
1399 642 1453 708 καλ

304 748 493 835 πνεύμονος
533 747 710 834 κινήσεως,
753 754 839 815 ἔνθα
879 753 1057 835 δείκνυμεν
1093 746 1158 816 ὑπὸ
1198 753 1259 816 τοῦ
1298 748 1455 836 θώρακος

304 855 508 942 κινούμενον
530 853 590 922 τὸν
613 854 785 941 πνεύμονα
812 855 866 921 καὶ
893 853 975 922 κατὰ
1003 855 1065 942 μὲν
1091 853 1151 934 τὰς
1179 852 1357 932 διαστολὰς
1385 857 1454 920 διοι-

278 962 525 1049 ῦστελλόμενον
557 964 665 1030 ε’λκειν
696 960 756 1029 τὸν
778 964 915 1057 1ἔξωθεν
947 959 1028 1049 ἀέρα
1060 963 1114 1029 καὶ
1147 966 1245 1029 τούτο
1279 959 1363 1028 εἶναι
1391 958 1454 1046 τὴν

305 1068 481 1155 εἰσπνοήν,
515 1067 596 1135 κατὰ
632 1067 667 1134 δὲ
700 1066 761 1147 τὰς
792 1065 955 1146 συστολὰς
987 1068 1251 1155 συστελλόμενον
1284 1070 1453 1153 ἐκθλίβειν

304 1175 365 1244 τὸν
388 1177 425 1243 ἐν
448 1173 537 1265 αύτῷ
562 1173 798 1262 περιεχόμενον
821 1183 868 1252 είς
889 1201 923 1241 τε
947 1173 1009 1261 τὴν
1027 1175 1184 1263 φάρυγγα
1207 1174 1261 1242 καλ
1284 1173 1321 1242 τὸ
1347 1173 1451 1259 στόμα

304 1284 358 1350 καλ
388 1287 444 1348 δια
467 1281 597 1349 τούτων
621 1282 795 1367 ἐκπέμπειν
819 1283 879 1361 ἔξω
902 1283 956 1348 καλ
984 1286 1083 1349 τοῦτο
1107 1279 1277 1368 εἶναιτὴν
1301 1278 1454 1366 ἐκπνοήν.

305 1391 421 1476 ἑτέραν
444 1389 481 1455 δὲ
505 1394 569 1474 ἔχει
593 1394 820 1474 πραγματείαν
844 1389 960 1473 ἐφεξῆς
988 1393 1065 1477 τῇδε
1094 1389 1167 1474 περὶ
1195 1393 1264 1456 τῶν
1293 1391 1351 1473 τῆς
1374 1383 1453 1452 ἁνα-

265 1517 290 1556 10
304 1499 410 1582 πνοῆς
432 1500 565 1579 αίτίων,
593 1499 678 1561 ἔνθα
701 1495 756 1562 καὶ
784 1495 863 1573 τοὺς
885 1499 949 1581 μῦς
978 1493 1123 1574 ἅπαντας
1151 1495 1301 1582 ἐδήλωσα
1329 1493 1384 1560 κοιλ
1413 1489 1453 1558 τὰ

304 1601 387 1690 πρὸς
419 1599 531 1668 αὐτῶν
563 1599 690 1686 ὄργανα
723 1601 906 1687 κινούμενα
928 1603 983 1669 καὶ
1007 1599 1047 1669 τὰ
1079 1606 1183 1687 νεῦρα
1205 1600 1245 1669 τὰ
1275 1615 1345 1678 τοῖς
1372 1598 1450 1685 μυσὶ

303 1707 366 1795 τὴν
403 1709 435 1788 ἐξ
469 1706 654 1792 ἐγκεφάλου
689 1709 873 1793 παρέχοντα
907 1707 1053 1796 ὸύναμιν
1083 1707 1147 1794 τὴν
1176 1706 1330 1793 ψυχικήν.
1381 1702 1450 1771 εἶτα

304 1807 405 1892 αὖθις
424 1812 529 1899 ι’λλλην
548 1813 620 1899 ἑξῆς
643 1817 756 1880 ταῖσδε
775 1814 849 1899 περὶ
872 1819 930 1900 τῆς
949 1819 1064 1901 φωνῆς
1085 1820 1149 1902 ἔχει
1173 1814 1450 1900 πραγματείαν**

237 1937 292 1993 287
304 1919 387 2008 ὑπέρ
410 1948 443 1988 τε
467 1924 535 1988 τῶν
557 1923 660 1986 ταῦτα
682 1921 685 2008 l
706 1921 893 1988 κινούντων
911 1926 1007 2009 μυῶν
1030 1926 1076 1989 ἔτι
1096 1949 1130 1988 τε
1153 1926 1220 1989 τῶν
1243 1926 1290 1998 είς
1311 1918 1451 1995 τούτους

265 2046 289 2086 ιῡ
303 2025 523 2112 καθηκόντων
553 2028 585 2107 ἐξ
618 2027 802 2114 ἐγκεφάλου
834 2027 974 2114 νεύρων.
1031 2033 1078 2107 είς
1106 2030 1146 2095 δέ
1170 2054 1207 2114 γε
1234 2027 1274 2095 τὰ
1302 2025 1450 2112 παρόντα

302 2134 358 2200 καλ
380 2137 480 2200 τοῦτο
499 2131 601 2219 ’ἀρκεῖ
621 2159 677 2222 μοι
701 2133 809 2221 μόνον
832 2139 947 2218 εἰπεῖν,
971 2133 1031 2220 ὡς,
1055 2145 1144 2220 εἴπερ
1169 2133 1189 2222 ἡ
1209 2133 1306 2220 φωνὴ
1330 2157 1451 2200 τυπου-

338 2395 528 2484 4πνεύμφνα
553 2402 603 2468 (sio
623 2403 759 2486 saepius)
765 2403 859 2456 M.-
886 2409 900 2458 7
921 2399 952 2458 ἐν
978 2397 1055 2475 αύτῷ
1079 2401 1237 2456 cllassch
1262 2396 1294 2455 ἐν
1321 2395 1450 2453 αύτῶΚ.

304 2467 417 2539 -τὴν
437 2467 570 2540 φάρυγγα
596 2473 709 2526 ΟΜΑΒ
732 2494 781 2526 τον
800 2470 869 2542 λαρυ
889 2495 925 2542 γα
945 2475 1078 2528 ChK.-
1105 2482 1135 2527 11
1156 2493 1227 2555 προς
1245 2455 1449 2557 attonso,—

306 2550 337 2596 13
357 2547 421 2626 post
439 2546 635 2612 πραγματείαν
659 2545 744 2598 verba
768 2543 842 2598 ἔνθα
867 2494 1037 2610 initeris
1024 2544 1096 2612 υπέρ
1123 2565 1152 2598 τε
1176 2545 1232 2597 τῶν
1256 2542 1337 2596 ἰδίων
1362 2537 1451 2608 αὐτῆς

304 2609 766 2682 ὁργάνωνοιιοιιλίεεοιιιᾱοιιλιιι,ῃ
770 2624 828 2670 -16
843 2612 1105 2685 ελπερφωνὴθμ-
1073 2636 1174 2669 -τον
1163 2613 1406 2683 τυπουμένουῦ
1418 2643 1450 2650 -

304 2885 415 2948 eadem
445 2884 574 2967 saepius
602 2889 836 2969 repeterentur3
868 2886 922 2950 sed
952 2887 980 2951 si
1004 2887 1076 2970 quis
1106 2909 1181 2950 vere
1210 2884 1376 2951 studiosus
1404 2884 1450 2947 di-

304 2991 413 3055 scendi
442 2995 505 3074 est,
533 2990 560 3055 is
589 2992 689 3056 habet
717 2993 782 3057 alia
812 2991 851 3056 de
879 2992 931 3056 ln's
959 2994 1109 3059 omnibus
1139 3015 1158 3056 a
1185 3015 1236 3057 me
1265 2992 1451 3074 conscripta

303 3097 468 3180 opuscula,
491 3119 598 3180 unum,
622 3097 708 3180 quod
727 3101 777 3160 est
799 3098 838 3160 de
857 3098 1002 3163 thoracis
1021 3100 1248 3183 pulmonisque
1271 3102 1371 3181 motu,
1394 3097 1448 3160 ubi

302 3203 436 3270 thorace
455 3203 578 3268 moveri
597 3203 783 3287 pulmonem
802 3204 953 3268 docemus
974 3210 1015 3288 st,
1039 3229 1112 3270 eum
1131 3206 1296 3270 dilatando
1320 3204 1449 3269 attolla-

303 3314 365 3392 tur,
385 3315 490 3374 aerem
510 3309 703 3374 exteriorem
722 3309 846 3395 ducere,
869 3334 952 3396 quae
970 3313 1144 3396 inspiratio
1164 3311 1357 3396 appelletur,
1377 3334 1448 3375 oum

304 3421 412 3480 autem
431 3416 651 3482 contrahendo
675 3417 885 3501 deprimatur,
910 3419 1073 3502 spiritum,
1097 3441 1191 3501 quem
1215 3419 1302 3483 intra
1323 3442 1356 3482 se
1376 3441 1449 3483 con-

302 3523 418 3604 tineat,
442 3523 482 3586 ad
506 3526 619 3607 guttur
642 3546 742 3608 osque
766 3525 913 3590 elidendo
935 3525 1024 3591 foras
1044 3526 1192 3590 emittere
1220 3547 1355 3609 eamque
1379 3546 1449 3588 esse

304 3630 565 3713 exspirationem.
608 3629 702 3694 Alter
721 3632 928 3714 subsequitur
951 3635 1110 3696 tractatus
1131 3633 1169 3695 de
1189 3633 1295 3696 causis
1313 3633 1450 3716 respira-

304 3736 418 3818 tionis,
446 3736 572 3819 quode
599 3737 755 3801 musculis
784 3738 934 3803 omnibus
962 3739 1263 3822 instrumentisque,
1291 3761 1373 3822 quae
1397 3737 1448 3802 his

304 3846 526 3926 moverentur,
556 3846 589 3905 et
616 3844 738 3927 nervis,
766 3845 820 3927 qui
848 3844 914 3908 vim
944 3845 1142 3909 animantem
1171 3844 1211 3908 ad
1239 3845 1402 3909 musculos
1431 3867 1450 3908 a

305 3949 437 4014 cerebro
461 3949 729 4032 transmitterent,
753 3951 834 4013 satis
858 3951 1054 4034 explicatum
1079 3955 1136 4015 est.
1176 3951 1321 4016 Tertium
1345 3952 1449 4036 sequi-

304 4061 358 4118 tur
377 4054 568 4138 opusculum
588 4056 626 4120 de
646 4079 723 4122 voce
742 4055 844 4140 deque
863 4058 1028 4140 musculis,
1051 4059 1106 4141 qui
1125 4059 1214 4122 vocis
1234 4058 1450 4121 instrumenta

305 4161 434 4245 agitant
433 4162 637 4246 ,nervisque
661 4185 680 4226 a
703 4163 834 4229 cerebro
859 4163 899 4226 ad
921 4163 981 4228 hos
1005 4166 1168 4249 pertinent
1154 4166 1250 4229 tibus.
1292 4164 1450 4240 Quocirca

304 4265 413 4330 idt
361 4267 443 4330 satis
467 4268 508 4331 ad
530 4291 683 4352 praesens
706 4269 838 4333 institut
802 4274 893 4334 utum
912 4272 975 4334 erit
961 4271 1111 4354 tdioere,
1135 4275 1163 4337 si
1187 4271 1314 4354 spiritu,
1336 4270 1391 4354 qui
1415 4269 1450 4334 in

305 4372 457 4455 pulmone
481 4378 544 4458 est,
573 4377 613 4440 ab
638 4400 689 4459 eo,
717 4377 771 4459 qui
798 4377 833 4442 in
857 4378 952 4442 oorde
975 4381 1038 4461 est,
1069 4378 1271 4442 conformato
1296 4382 1328 4441 et
1352 4377 1450 4440 simul
