3298 5136
787 375 1025 438 —194—

328 535 390 623 μὲν
413 530 530 601 αὐτίκα
553 531 641 620 μάλα
661 531 808 617 ποιήσεις
830 529 891 598 τὸν
909 534 977 618 μῦν
996 531 1136 614 ἐκεῖνον,
1160 534 1207 608 εἰς
1230 525 1271 596 ὃν
1293 527 1330 596 τὸ
1356 532 1478 616 νεῦρον

328 643 498 727 ἐνέβαλεν,
527 636 685 725 άκίνητον
714 637 748 704 δὲ
777 638 831 704 καὶ
859 641 919 704 τοῦ
949 636 1033 726 ζῴου
1059 635 1096 703 τὸ
1125 638 1238 724 μέλος,
1269 634 1286 703 ο“
1315 635 1478 722 πρότερον

329 745 393 815 ὑπὸ
426 751 488 815 τοῦ
516 746 599 834 μυὸς
627 747 785 829 ἐκινεῖτο,
823 744 902 830 πρὶν
933 747 1103 830 τμηθῆναι
1135 742 1172 810 τὸ
1207 745 1339 829 νεῦρον.
1388 739 1478 819 ὅστις

330 845 393 920 οὖν
429 851 533 931 ὄντως
565 849 726 938 ἀληθείας
758 853 831 939 ἐρᾷ,
871 848 953 937 πρὸς
982 848 1067 937 ἡμᾶς
1104 847 1206 936 ἡκέτω
1241 847 1478 937 μαθησόμενος

303 961 478 1048 ῡέναργώς
503 960 553 1025 έπὶ
579 957 780 1026 αὐτῶντῶν
805 956 911 1046 ζῴων,
940 961 970 1022 εἰ
996 955 1103 1043 μόνον
1131 962 1199 1042 ε”χοι
1222 955 1281 1034 τὰς
1304 953 1477 1040 αἰσθήσεις

328 1064 539 1154 άπ-ηράτους,
563 1061 623 1150 ὑφ’
651 1065 771 1152 ἑτέρων
795 1062 856 1149 μὲν
880 1059 1035 1148 ὀργάνων
1058 1089 1092 1130 τε
1120 1064 1174 1129 καὶ
1199 1067 1294 1150 μυῶν
1321 1063 1375 1128 καὶ
1403 1060 1475 1128 νεύ-

328 1200 398 1262 ρων
419 1172 482 1260 τὴν
505 1169 664 1256 εἰσπνοὴν
687 1167 846 1254 άβιάστον
870 1170 1070 1255 γινομένην,
1095 1167 1155 1256 ὑφ’
1183 1171 1305 1256 ἑτέρων
1333 1170 1369 1235 δὲ
1397 1166 1476 1255 μετὰ

327 1286 417 1367 βιάς·
463 1276 615 1365 ὀνομάζω
647 1276 684 1360 δὲ
718 1273 878 1361 άβιάστου
915 1275 976 1362 μὲν
1008 1275 1070 1362 τὴν
1098 1291 1169 1355 τοῖς
1200 1274 1390 1363 ὑγιαίνουσι
1423 1273 1477 1341 καὶ

302 1390 495 1473 νμηὸεμίαν
523 1382 665 1472 ἰσχυρὰν
692 1389 826 1468 κίνησιν
857 1384 1069 1468 κινουμένοις
1103 1381 1336 1469 ὑπάρχουσαν,
1364 1388 1478 1467 βιαίαν

261 1492 366 1565 235ὁέ
390 1491 452 1578 τὴν
476 1497 513 1558 ἔν
535 1517 570 1558 τε
593 1490 720 1558 πάθεσί
738 1511 804 1557 τισι
828 1491 883 1556 καὶ
906 1505 975 1568 τοῖς
998 1494 1160 1575 σφοδροῖς
1183 1491 1389 1577 γυμναξσίοις
1412 1489 1477 1554 έπι-

326 1600 540 1686 τελουμένην,
564 1594 615 1682 ἐφ’
642 1589 680 1682 ἧς
703 1594 829 1675 εὐθέως
857 1595 931 1676 ὄψει
955 1596 1213 1682 συνεξαιρόμενα
1245 1596 1300 1663 καὶ
1327 1595 1367 1663 τά
1396 1593 1477 1662 κατὰ

327 1705 385 1783 τὰς
408 1702 604 1791 ὠμοπλάτας
627 1702 755 1770 άπαντα
779 1702 892 1789 μόρια·
917 1704 971 1769 καὶ
996 1703 1037 1789 δὴ
1058 1705 1112 1769 καὶ
1131 1701 1213 1770 κατὰ
1232 1701 1291 1781 τάς
1309 1699 1477 1786 ἀνάλογον

330 1809 448 1890 αὐτοῖς
479 1809 620 1888 ἐκπνοὰς
646 1807 706 1894 ὑφ’
738 1810 859 1896 ἑτέρων
889 1810 950 1897 μὲν
974 1807 1129 1897 ὀργάνων
1156 1837 1189 1876 τε
1217 1811 1272 1876 καὶ
1300 1812 1395 1896 μυῶν
1422 1808 1477 1874 καὶ

328 1917 459 2004 νεύρων
485 1927 547 2003 την
575 1914 737 2002 άβίαστόυ
764 1943 801 2010 τεΙ
832 1916 887 1982 καὶ
916 1916 1074 2003 σμικράν,
1107 1914 1165 2002 ὑφ’
1198 1917 1318 2002 ἑτέρων
1352 1914 1387 1982 δὲ
1415 1912 1477 2000 την

291 2047 315 2083 1⁵
330 2021 443 2108 βίαιόν
465 2050 498 2090 τε
522 2025 576 2090 καὶ
601 2023 764 2111 μεγάλην,
791 2003 836 2110 ἢν
859 2019 1035 2108 ὀνομάζειν
1063 2028 1142 2102 ἔθος
1172 2020 1253 2109 ἡμῖν
1284 2021 1478 2108 ἐκφάσησιυ.

329 2130 381 2196 ἐπὶ
410 2129 444 2196 δὲ
472 2128 603 2209 τούτοις
635 2129 759 2198 ἅπασιν
790 2131 863 2216 ἑξῆς
890 2131 1095 2216 έπιδεέξομέν
1125 2150 1178 2196 σοι
1206 2128 1242 2196 τὸ
1277 2133 1334 2214 τῆς
1363 2130 1478 2214 φωνῆς

364 2334 379 2378 3
400 2321 460 2380 ὅσοι
475 2327 511 2379 Μ.
530 2359 560 2366 -
581 2335 596 2381 t
616 2322 791 2394 ἀπειράτους
805 2326 861 2381 ΟΜ
879 2321 1045 2394 άπηράιους
1061 2328 1092 2379 Α.
1109 2358 1141 2364 -
1162 2332 1175 2379 ’λ
1196 2322 1247 2392 τὴν
1261 2328 1326 2378 ante
1341 2317 1477 2412 εἰσπνοέρν

328 2398 507 2464 inseruimus,
532 2403 596 2452 ante
616 2394 687 2467 μετά·
705 2401 767 2469 βίας
791 2399 930 2452 eiecimus.
951 2430 983 2437 —
1015 2406 1043 2451 11
1071 2391 1162 2458 saeta
1187 2392 1298 2458 εὐθέως
1316 2395 1345 2448 Μ
1370 2389 1420 2461 ἐφ’
1445 2415 1478 2462 ης

330 2464 440 2530 εὐθέως
464 2469 523 2523 CA.
548 2501 580 2508 —
605 2465 846 2538 συνεξαιροάμενα
871 2469 908 2522 M.
928 2501 959 2507 -
986 2476 1017 2521 12
1038 2470 1086 2521 καὶ
1110 2463 1144 2535 δὴ
1170 2463 1241 2520 κατά
1267 2463 1317 2528 τάς
1344 2465 1477 2520 ΜΑΒΟὴ

330 2540 378 2593 καλ
396 2537 431 2606 δὴ
451 2541 500 2593 καὶ
519 2535 570 2601 τὰς
589 2540 640 2594 CK
663 2541 712 2594 καλ
735 2536 770 2608 δὴ
796 2541 844 2594 καὶ
868 2536 940 2593 κατά
964 2537 1015 2602 τὰς
1038 2557 1096 2593 nos.
1117 2571 1149 2578 -
1175 2546 1207 2592 1³
1227 2534 1356 2607 ὀργάνων
1379 2557 1407 2591 τε
1428 2537 1494 2591 μαλ’

330 2609 349 2663 C
369 2630 397 2664 τε
419 2628 471 2665 om.
492 2611 662 2665 MABChK.
684 2643 716 2652 —
739 2619 771 2664 14
790 2607 892 2679 μικράν
912 2612 990 2664 codd.
1010 2611 1071 2664 edd.
1092 2605 1211 2680 σμικράν
1230 2627 1289 2664 nos.
1310 2641 1341 2649 —
1368 2616 1399 2662 la
1418 2603 1476 2662 rint

329 2683 460 2750 δείξομεν
480 2681 499 2735 C
518 2677 707 2751 ὑποδείξομεν
726 2682 858 2736 MABCh
878 2679 1056 2751 ἕπιοείξομεν
1076 2682 1109 2735 Κ.
1129 2713 1161 2720 —-

330 2882 481 2961 secueris,
504 2886 595 2945 motu
619 2883 732 2946 statim
757 2882 922 2946 orbaveris
943 2887 975 2945 et
994 2881 1173 2945 musculum
1197 2881 1300 2964 illurn,
1322 2881 1357 2946 in
1380 2904 1476 2965 quem

328 3009 446 3052 nervus
465 2988 630 3052 immissus
651 2993 709 3072 est,
732 2993 764 3053 ct
788 2990 968 3053 membrum
987 2988 1148 3071 animalis7
1171 2988 1266 3073 quod,
1288 2988 1476 3072 priusquam

330 3099 436 3158 sectus
473 3117 591 3159 nervus
625 3098 724 3179 esset,
764 3096 902 3159 musculi
939 3118 1000 3178 opo
1033 3096 1233 3159 movebatur.
1288 3095 1476 3179 Quicunque

329 3195 431 3284 igitui
451 3224 564 3265 amans
583 3202 730 3266 veritatis
751 3206 809 3285 est,
833 3201 872 3265 ad
892 3224 943 3265 me
963 3203 1095 3266 accedat
1119 3203 1154 3265 in
1172 3202 1253 3286 ipsis
1275 3201 1475 3265 animalibus

329 3307 426 3373 modo
450 3331 562 3372 sensus
585 3307 706 3372 habeat
733 3309 892 3393 integros,
923 3309 1088 3373 evidenter
1111 3309 1299 3393 cogniturus
1329 3308 1402 3372 aliis
1429 3308 1476 3371 in-

329 3415 521 3479 strumentis
545 3415 764 3500 museulisque
788 3420 821 3479 et
842 3415 951 3480 nervis
975 3415 1223 3498 inspirationem
1249 3415 1319 3478 ficri
1342 3414 1475 3478 minime

329 3525 486 3604 coactam,
509 3521 583 3585 aliis
608 3526 767 3606 coactam3
797 3545 863 3587 non
887 3527 1034 3586 coactam
1058 3521 1201 3606 appello,
1231 3544 1313 3606 quae
1337 3522 1372 3585 in
1395 3521 1475 3585 bene

328 3627 513 3692 valentibus
549 3651 609 3692 nec
645 3629 712 3692 ulla
748 3628 933 3692 vehementi
971 3629 1113 3693 motione
1148 3629 1282 3713 agitatis
1325 3628 1475 3708 cernitur,

329 3737 475 3798 coactam
504 3739 626 3816 autern,
653 3756 734 3817 quae
762 3738 832 3797 tum
860 3735 895 3798 in
922 3734 1147 3799 affectionibus
1171 3735 1378 3818 quibusdam,
1404 3738 1474 3796 tum

329 3840 363 3904 in
382 3839 669 3905 exercitationibus
689 3842 786 3924 paulo
805 3841 1098 3906 vehementioribus
1119 3842 1245 3924 accidit,
1268 3841 1302 3906 in
1321 3863 1385 3925 qua
1403 3863 1475 3924 pro·

329 3945 417 4010 tinus
438 3969 549 4010 omnes
570 3948 668 4010 etiam
689 3948 895 4030 scapularum
914 3951 1024 4032 pmtes
1044 3947 1140 4012 simul
1160 3948 1266 4012 attolli
1285 3948 1474 4031 conspicies.

330 4051 436 4137 Atque
461 4054 560 4117 etiam
584 4053 619 4117 in
638 4054 920 4136 exspirationibus,
945 4077 1025 4137 quae
1049 4054 1319 4137 inspirationibus
1343 4077 1473 4138 respon-

329 4157 418 4241 dent,
446 4159 519 4222 aliis
548 4159 774 4223 instrumentis
805 4163 838 4223 et
869 4161 1024 4224 musculis
1052 4165 1085 4224 et
1116 4160 1223 4225 nervis
1251 4161 1356 4226 lenem
1383 4162 1488 4226 illam.

329 4287 367 4328 ao
389 4288 534 4350 parvam,
558 4267 631 4330 aliis
655 4266 834 4331 violentam
856 4267 941 4332 hanc
964 4290 1189 4353 magnamque,
1213 4291 1310 4351 quam
1333 4261 1475 4350 ἐκφάση-

329 4389 383 4434 σιυ
396 4395 583 4456 nuncupare
603 4374 753 4457 solemus,
771 4374 841 4436 fieri
860 4373 1087 4457 deprehendes.
1124 4373 1257 4438 Praeter
1271 4375 1351 4438 haee
1367 4372 1474 4439 omnia
