3298 5136
756 487 800 498 -
849 451 1000 518 rsa-

309 612 363 678 καλ
397 606 440 697 ἢν
471 607 708 697 μεμαθήκεσαν
744 606 828 678 ὁδὸν
860 605 1111 695 ἀποδεικτικήν,
1149 605 1210 677 οὐκ
1246 601 1289 696 ἦν
1326 608 1455 694 ίκανόν,

309 714 392 784 ἀλλά
421 717 537 805 έχρῆν,
565 712 672 800 οἶμαι,
699 712 864 802 πρότερον
889 712 1058 802 ἠσκῆσθαι
1092 714 1175 783 κατὰ
1208 713 1324 803 αὐτήν.
1376 713 1455 784 οὐδὲ

309 822 373 910 γὰρ
396 837 466 901 τοῖς
492 822 651 910 ῥήτορσιν
679 819 806 909 ἀπόχρη
834 824 985 909 μέθοδον
1009 822 1184 910 ἐκμαθεῖν,
1211 819 1257 902 ῶς
1282 821 1344 910 χρὴ
1373 827 1456 890 διατ-

282 944 382 1017 4ρεῖν
404 926 571 996 ὑπόθεσιν
594 927 738 1013 άπασαν,
761 925 844 996 ἀλλά
868 929 920 995 ἐπὶ
942 931 983 1017 τῇ
1006 929 1128 1015 γνώσει
1145 933 1204 1016 τῆς
1226 929 1379 1016 μεθόδου
1401 930 1455 996 καὶ

243 1034 372 1122 τελετὴν
399 1033 541 1122 ἄσκησιν
569 1035 760 1120 ἐπάγουσιν.
809 1032 1003 1121 ἠβουλόμην
1031 1032 1075 1102 ἀν
1102 1027 1166 1102 οὖν
1195 1037 1199 1120 Ι
1228 1062 1286 1122 μοι
1314 1037 1369 1104 καὶ
1396 1035 1457 1104 τὸν

310 1139 542 1209 ἀποδεικτικὸν
565 1139 650 1210 εἶναι
669 1139 841 1228 φάσκοντα
859 1145 993 1229 πρῶτον
1011 1140 1074 1228 μὲν
1092 1145 1197 1209 εἰπεῖν
1214 1142 1277 1228 τὴν
1295 1143 1457 1231 μέθοδον,

310 1239 331 1338 ᾗ
354 1252 470 1336 χρῆται
493 1246 576 1335 πρὸς
597 1247 655 1327 τάς
682 1244 879 1330 ἀποδείξεις,
907 1244 987 1330 εἶθ’,
1018 1246 1107 1326 ὅπως
1129 1246 1268 1335 ἤσκηται
1295 1245 1377 1315 κατὰ
1400 1245 1458 1315 αὐ-

310 1354 387 1442 τήν,
416 1356 654 1437 ἐπιδείξασθαι.
702 1353 780 1421 νυνὶ
808 1353 845 1420 δὲ
872 1356 942 1431 πῶς
968 1353 1030 1440 μὲν
1055 1357 1092 1421 οἱ
1117 1352 1172 1421 διὰ
1202 1354 1264 1422 δύο
1291 1358 1458 1442 τροπικῶν

311 1456 331 1548 ἢ
367 1464 471 1549 τριῶν
507 1457 709 1528 ἀναλύονται
746 1461 962 1547 συλλογισμοὶ
999 1460 1054 1527 καὶ
1090 1465 1159 1539 πῶς
1196 1464 1232 1528 ol
1265 1458 1459 1549 ἀδιαφόρως

273 1590 298 1628 10
312 1572 526 1654 περαίνοντες
552 1565 573 1654 ἦ
600 1593 688 1646 τινες
715 1565 810 1633 ἀλλον
838 1569 984 1634 τοιοῦτοι
1011 1570 1057 1657 τῶ
1086 1566 1204 1657 πρώτῳ
1232 1569 1287 1635 καὶ
1315 1569 1458 1658 δευτέρῳ

311 1674 431 1760 θέματι
454 1672 722 1761 προσχρώμενοι,
745 1680 880 1751 πολλοῖς
903 1677 970 1739 ἔστι
994 1685 1170 1759 συντυχεῖν
1194 1672 1338 1762 ἀκριβῶς
1360 1672 1458 1762 ἠσκη-

312 1780 436 1865 μένοις,
459 1777 568 1866 ῶσπερ
588 1776 698 1866 ἀμέλει
721 1779 776 1846 καλ
800 1780 837 1846 ἐν
860 1777 973 1858 ἀλλοις
995 1787 1246 1868 συλλογισμοῖς,
1275 1780 1375 1861 ὅσους
1402 1787 1458 1849 δια

312 1889 373 1952 τοῦ
402 1891 516 1972 τρίτου
542 1887 686 1973 θέματος
713 1881 734 1972 ἢ
761 1885 919 1973 τετάρτου
946 1883 1140 1954 ἀναλύουσι.
1189 1894 1297 1955 καίτοι
1330 1887 1460 1956 τούτων
1486 1963 1490 1970 ⁴

312 1989 391 2069 τοὺς
417 1996 590 2072 πλείστους
617 1995 746 2059 ἔνεστιν
774 1991 891 2079 ἑτέρως
923 1988 1083 2061 ἀναλύειν
1114 1993 1383 2083 συντομώτερον,
1415 1993 1460 2075 ῶς

316 2156 527 2164 ——-—a—-—

351 2265 364 2312 1
389 2259 438 2312 καλ
457 2252 492 2344 ἢν
512 2258 566 2314 cM
590 2259 638 2312 καλ
657 2251 693 2326 ἣν
717 2257 860 2329 ABchK,
879 2259 913 2313 cf.
933 2260 1017 2316 Proll.
1036 2279 1063 2330 p.
1085 2268 1125 2315 18.
1144 2292 1181 2302 -
1203 2269 1219 2316 2
1238 2257 1310 2316 καθ’
1330 2257 1460 2330 oderint)

315 2323 378 2384 κατ’
399 2325 490 2398 αύτην
509 2331 575 2385 MA.
596 2363 628 2369 -
654 2337 669 2384 8
689 2331 829 2398 τροπικῶν
848 2332 976 2398 τριώνΑ
1000 2329 1030 2385 ot
1050 2327 1099 2386 διά
1119 2334 1259 2401 τροπικῶν
1277 2335 1361 2401 τριῶν
1380 2334 1460 2388 Corn.

316 2407 384 2455 -a
411 2397 557 2471 διαφόρως
580 2401 635 2454 CM
665 2397 832 2469 ἀδιαφόρως
854 2403 887 2455 A.
913 2434 945 2442 —
979 2410 1011 2456 10
1038 2407 1221 2470 περαίνοντες
1245 2404 1330 2458 CMA
1354 2405 1460 2458 Prantl.

315 2474 499 2539 περαίνονται
517 2471 628 2538 BchK;
652 2473 687 2528 cf.
706 2472 802 2540 Progr.
821 2474 858 2540 ll,
880 2480 920 2528 10.
941 2505 973 2512 -
1000 2481 1031 2527 1⁶2
1057 2470 1106 2528 ἐπ’
1127 2471 1221 2537 ἀλλοις
1240 2475 1325 2530 CMA
1343 2479 1409 2530 cett.
1429 2471 1460 2530 έν

315 2539 409 2606 ἀλλοις
428 2547 619 2613 συλλογισμοῖς
638 2560 695 2597 nos.
717 2574 748 2581 —
768 2538 844 2605 ὅσοις
859 2542 941 2597 ΟΜΑ
957 2547 1020 2598 cett
1041 2539 1125 2608 ὅσους
1143 2564 1201 2601 nos.
1222 2579 1254 2586 —
1276 2553 1307 2600 13
1327 2542 1461 2615 τετάρτω

316 2616 499 2684 συλλογισμοῦ
520 2614 539 2669 C
559 2636 581 2670 τ,
601 2611 799 2683 συλλογισμούς
819 2615 982 2669 MnssChK
1002 2620 1074 2673 συλλ,
1094 2635 1142 2670 nos
1162 2618 1188 2672 h.
1208 2618 1225 2672 l.
1246 2619 1407 2673 delevimus.
1427 2648 1460 2658 ·—

317 2848 468 2913 didicisse
494 2871 554 2914 nec
581 2871 640 2933 per
672 2871 706 2912 se
737 2850 827 2934 ipsos
854 2849 1029 2933 invenisse,
1058 2850 1177 2935 quippe
1210 2853 1264 2936 qui
1296 2874 1337 2916 ne
1369 2876 1462 2937 quae-

318 2955 453 3019 siverint
478 2955 617 3039 quidem,
641 2959 728 3020 certo
753 2956 866 3039 sciant,
890 2957 1082 3040 praesertim
1106 2967 1192 3041 turn,
1223 2959 1350 3022 etiarnsi
1374 2960 1461 3024 viam

318 3084 355 3126 ae
378 3062 538 3126 rationem
561 3063 802 3128 demonstrandi
821 3063 1018 3146 didicissent,
1040 3063 1073 3128 id
1096 3087 1161 3129 non
1185 3065 1265 3128 satis
1289 3069 1384 3148 esset,
1408 3066 1461 3129 sed

318 3167 501 3232 adhibenda
528 3168 627 3232 etiam
651 3171 736 3232 esset
758 3168 844 3232 haud
868 3170 964 3233 dubie
992 3170 1083 3253 prius
1107 3172 1304 3237 exercitatio.
1349 3171 1462 3257 Neque

319 3273 404 3338 enim
432 3278 577 3340 oratores
600 3275 633 3340 id
657 3276 736 3339 satis
760 3275 891 3360 habent,
914 3277 951 3359 si,
974 3299 1038 3360 qua
1060 3277 1186 3341 ratione
1209 3278 1381 3344 dividenda
1400 3279 1462 3344 sibi

319 3403 463 3466 quaeque
494 3405 591 3446 eausa
621 3382 677 3466 sit,
710 3383 895 3466 didicerint,
928 3384 982 3446 sed
1013 3384 1147 3466 insuper
1174 3384 1214 3448 ad
1242 3386 1463 3470 cognitionem

320 3488 400 3552 ortis
420 3489 601 3574 adiungunt
619 3489 890 3554 exercitationem.
928 3489 1054 3554 Vellem
1074 3491 1184 3574 igitur,
1207 3492 1263 3575 qui
1282 3514 1316 3556 sc
1335 3493 1464 3557 demon-

320 3595 444 3659 strandi
467 3596 608 3679 peritum
633 3617 702 3658 csse
727 3596 782 3678 ait,
805 3596 833 3658 is
857 3596 1011 3680 primurn,
1035 3619 1098 3680 qua
1121 3598 1247 3661 ratione
1271 3599 1311 3662 od
1334 3599 1463 3664 demon·

320 3702 494 3765 strationes
522 3706 680 3784 uteretur,
708 3702 843 3786 diceret,
871 3702 997 3786 deinde,
1025 3725 1122 3788 quam
1147 3704 1340 3768 exercitatus
1368 3705 1403 3768 in
1425 3727 1464 3768 ca

321 3809 415 3889 esset,
429 3807 620 3871 ostenderet.
654 3807 749 3872 Nunc
769 3811 876 3871 autem
896 3810 1015 3874 multos
1031 3810 1187 3893 invenias,
1206 3811 1270 3894 qui,
1289 3833 1351 3895 quo
1365 3813 1463 3877 modo

322 3911 506 3997 syllogismi
530 3935 547 3976 e
574 3912 699 3978 duobus
727 3914 870 3979 tribusve
899 3915 937 3978 de
965 3917 1060 3980 ruodo
1088 3917 1366 4001 propositionibus
1390 3939 1463 3984 eon·

322 4021 446 4082 stantes
473 4018 590 4103 quique
612 4020 833 4085 indifferenter
860 4023 1054 4087 concludunt
1078 4028 1110 4087 et
1132 4023 1189 4087 alii
1213 4023 1385 4108 eiusmodi,
1408 4024 1463 4109 qui

321 4125 428 4208 prima
451 4129 484 4189 et
507 4126 646 4189 secunda
669 4129 802 4190 utuntur
824 4128 1058 4214 propositione,
1080 4130 1293 4213 resolvantur,
1317 4131 1463 4215 apprime

323 4231 389 4296 sint
412 4231 580 4297 exercitati
606 4255 665 4298 nec
689 4233 794 4298 minus
818 4235 852 4298 in
876 4235 962 4319 aliie,
990 4259 1070 4320 quos
1094 4259 1133 4301 ex
1154 4236 1251 4301 tertia
1273 4238 1326 4302 vel
1349 4241 1465 4322 quarta

322 4338 484 4422 positione
513 4341 673 4405 resolvere
701 4342 814 4407 solent.
865 4341 1067 4427 Quamquam
1095 4342 1210 4408 horum
1237 4343 1370 4428 plurimi
1398 4344 1463 4408 alio

323 4444 419 4509 modo
430 4449 567 4529 possunt
577 4449 610 4511 et
623 4446 761 4532 brevius,
783 4447 867 4514 sicut
876 4447 1050 4534 Antipater
1060 4451 1202 4536 tradidit,
1217 4450 1310 4536 solvi,
1324 4454 1465 4537 praeter-
