3212 5146
596 470 838 533 -647-

148 649 227 710 χειν.
268 622 350 692 ὅταν
373 616 436 692 οὖν
459 625 616 713 διατέμης
638 624 700 712 τὴν
724 625 925 713 ἐντεριώνην
947 629 1010 695 τοῦ
1032 627 1168 715 νεύρου,
1192 655 1293 717 παρα-

147 733 254 818 χρῆμα
277 729 315 799 τὸ
334 732 442 818 μέλος,
465 727 549 810 είςδ
571 728 609 798 τὸ
630 735 753 819 νεῦρον
772 728 970 819 ἀφικνεῖται,
994 739 1149 819 φαίνεται
1172 735 1295 803 παντά-

148 858 250 905 πασιν
273 835 483 924 ἀναίσθητόν
506 863 540 904 τε
568 838 622 905 καί
652 833 820 926 ἀκίνητον.
866 837 916 908 ὅτι
945 838 981 908 δὲ
1009 841 1063 908 καὶ
1093 839 1110 908 ὁ
1141 858 1296 923 νωτιαίας

146 940 247 1024 αὐτὸς
271 941 334 1012 ἀπὸ
360 943 545 1031 ἐγκεφάλου
566 941 628 1035 τῆγ
655 941 762 1033 ἀρχῆν
791 951 855 1032 ἔχει
879 949 946 1014 των
976 945 1169 1034 δυνάμεων,
1197 947 1292 1037 εὔδη-

146 1057 208 1118 λον
232 1053 266 1118 ἐκ
289 1054 349 1118 τοῦ
370 1049 612 1138 διατμηθέντος
631 1047 736 1120 αὐτοῦ
758 1049 838 1120 καθ’
859 1050 975 1122 ὁτιοῦν
993 1055 1103 1140 μέρος,
1128 1053 1210 1124 ὅσον
1232 1057 1319 1144 pivs

145 1153 301 1246 ἀνωτέρω
325 1161 382 1244 τῆς
405 1161 507 1243 τομῆς
529 1157 634 1242 ἐστιν,
663 1153 754 1244 ὑγιὲς
777 1159 1077 1246 διαφυλάττεσθαι,
1103 1165 1164 1230 τοῦ
1191 1189 1293 1231 κατω-

145 1265 228 1352 τέρω
254 1264 290 1332 δὲ
313 1262 376 1352 τῆν
399 1273 559 1350 αἴσθησιν
582 1260 793 1334 ἀπόλλυσθαι
815 1269 1014 1354 παραχρῆμα
1038 1267 1093 1335 καὶ
1116 1266 1179 1354 τῆν
1201 1277 1293 1355 κίνη-

145 1391 212 1452 σιν,
236 1367 394 1438 ἁπάντων
417 1372 485 1438 τόν
507 1365 572 1437 ἀπὸ
601 1366 706 1439 αὐτοῦ
733 1371 977 1458 λαμβανόντων
998 1371 1038 1440 τὰ
1067 1378 1170 1461 νεῦρα
1197 1378 1293 1461 μυῶν

145 1471 365 1563 ἀναισθήτων
388 1503 422 1546 τε
446 1477 500 1545 καί
524 1473 691 1563 ἀκινήτων
714 1480 911 1565 γινομένων.
953 1475 1205 1566 Ἐρασίστρατος
1230 1479 1318 1568 μὲνε

145 1573 224 1665 οὖν,
257 1587 288 1650 εί
313 1585 368 1652 καὶ
396 1582 441 1672 μὴ
470 1582 635 1671 πρόσθεν,
665 1587 670 1670 Ι
699 1580 782 1651 ἀλλὰ
811 1585 863 1652 ἐπὶ
887 1584 997 1672 γῆρως
1025 1611 1062 1670 γε
1089 1591 1151 1673 τὴν
1178 1583 1290 1675 ἀληθῆ
1301 1608 1355 1663 647

141 1693 211 1756 τῶν
235 1688 366 1776 νεύρων
385 1688 492 1778 ἀρχὴν
514 1687 726 1776 κατενόησεν·
746 1687 971 1778 Ἀριστοτέλης
994 1690 1030 1758 δὲ
1053 1693 1148 1779 μέχρι
1170 1693 1293 1774 παντὸς

141 1793 311 1882 ἀγνοήσας
339 1796 473 1876 εἰκότως
499 1793 619 1881 ἀπορεῖ
644 1803 759 1884 χρείαν
786 1802 891 1866 εἰπεῖν
919 1796 1112 1884 ἐγκεφάλου.
1157 1805 1231 1867 τίνα
1255 1802 1296 1868 δέ

140 1903 252 1984 ἐστιν,
276 1897 297 1968 ἀ
321 1903 424 1990 λέγει,
452 1904 506 1971 καὶ
536 1901 625 1981 ὅπως
653 1903 867 1990 ἐξελέγχεται,
895 1914 1018 1991 μαθεῖν
1042 1911 1152 1972 ἔνεστί
1177 1927 1230 1973 σοι
1253 1906 1290 1975 τὸ

139 2009 217 2096 περὶ
241 2015 351 2095 χρείας
372 2017 502 2097 μορίων
525 2007 650 2095 όγδοον
673 2006 854 2097 ὑπόμνημα
881 2013 939 2098 τῆς
961 2007 1120 2097 ἡμετέρας
1142 2039 1291 2101 πραγμα-

139 2121 230 2194 τείας
255 2111 453 2200 ἀναγνόντι,
480 2114 632 2201 καθάπερ
662 2141 698 2201 γε
727 2117 781 2183 καὶ
805 2113 856 2184 ὅτι
883 2115 1013 2184 τούτων
1043 2113 1201 2186 ἁπάντων
1222 2123 1330 2189 voivre

140 2221 320 2308 δογμάτων
344 2213 392 2290 τόν
416 2226 560 2308 διῆλθον
582 2218 799 2308 Ἱπποκράτης
827 2222 917 2289 ἐστὶν
940 2219 1086 2309 ῆγεμαόν,
1114 2226 1151 2291 ἕν
1178 2223 1291 2306 ἄλλοις

139 2329 176 2395 τέ
196 2349 265 2395 τισι
287 2325 352 2396 κάν
372 2343 443 2408 τοῖς
459 2327 533 2415 περί
556 2331 615 2414 τῆς
632 2325 868 2414 Ἱπποκράτους
886 2325 1053 2414 ἀνατομῆς
1075 2327 1289 2419 ὑπομνήμασι

176 2586 188 2632 1
214 2572 377 2664 ἕνεεριόνην
401 2580 433 2646 (ω
457 2593 536 2632 eraso
556 2581 585 2631 et
608 2577 636 2630 in
656 2595 671 2629 ο
694 2577 813 2641 mutato)
838 2575 875 2628 M.
904 2583 971 2660 '³⁷
992 2570 1149 2632 ἀπολλόται
1171 2579 1232 2665 (cip)
1250 2581 1288 2636 M.

142 2681 172 2689 —
194 2653 229 2703 15
249 2643 412 2717 ἀναγνόντα
432 2647 798 2716 MAB;0f.Pr011.p.4s.
820 2677 852 2686 -
880 2653 913 2700 16
932 2665 966 2700 ον
986 2647 1022 2701 Μ.
1042 2679 1072 2687 -
1100 2645 1289 2720 λκποιιρατους

139 2723 171 2774 Α.
194 2749 227 2759 -
249 2725 280 2773 17
300 2719 351 2787 τῆς
370 2736 423 2775 om.
444 2719 521 2774 codd.
541 2718 604 2773 edd.
624 2750 656 2756 —

139 2973 263 3052 Quodsi
292 2971 467 3037 medullam
496 2970 585 3034 nervi
614 2968 820 3051 dissecueris,
853 2971 1007 3035 continuo
1031 2973 1226 3057 membrum,
1254 2976 1289 3041 in

137 3081 225 3166 quod
248 3101 366 3144 nervus
388 3077 546 3163 pervenit,
570 3097 682 3140 sensus
705 3077 739 3138 et
761 3077 868 3139 motus
892 3096 1024 3159 prorsus
1050 3099 1164 3161 expers
1188 3081 1287 3146 cerni-

30 3217 38 3236 ·
137 3193 200 3253 tur.
240 3184 302 3261 sed
326 3189 359 3250 et
381 3185 468 3251 dorsi
488 3183 662 3248 medullam
684 3181 791 3266 ipsam
810 3203 829 3244 a
853 3181 985 3247 cerebro
1004 3182 1163 3267 originem
1187 3185 1287 3250 facul·

138 3298 248 3360 tetum
267 3291 388 3356 habere
407 3291 481 3356 inde
500 3289 706 3374 perspicuum
727 3291 785 3372 est,
808 3288 903 3372 quod,
926 3288 954 3352 si
978 3288 1012 3353 in
1031 3289 1177 3372 qualibet
1194 3297 1286 3374 parte

137 3399 341 3481 dissecueris,
365 3395 520 3482 quidquid
543 3417 641 3479 supra
659 3395 835 3460 incisuram
856 3399 913 3477 est,
937 3417 1052 3460 sanum
1075 3399 1287 3482 permanebit,

137 3505 276 3574 inferior
298 3507 407 3571 autem
430 3527 505 3588 pars
530 3524 658 3568 sensum
683 3501 796 3566 statim
815 3505 849 3565 et
871 3505 996 3566 motum
1015 3501 1140 3566 amittit
1161 3525 1286 3569 muscu-

137 3615 180 3678 lis
212 3611 380 3693 omnibus,
413 3611 468 3695 qui
492 3611 533 3674 ab
561 3609 620 3673 illa
648 3628 764 3672 nervos
797 3607 973 3692 accipiunt,
1006 3630 1102 3672 sensu
1130 3615 1163 3672 et
1195 3615 1285 3674 motu

138 3719 276 3786 orbatis
322 3717 542 3781 Erasistratus
566 3714 710 3799 quidem,
734 3714 762 3778 si
785 3736 852 3779 non
874 3717 984 3797 antea,
1007 3717 1041 3778 et
1064 3713 1098 3778 in
1122 3719 1285 3780 senectute

137 3829 226 3892 certe
250 3845 360 3888 veram
383 3845 556 3888 nervorum
581 3819 741 3906 originem
765 3819 896 3884 tandem
919 3820 1066 3904 agnovit3
1091 3820 1285 3886 Aristoteles

137 3936 249 3998 autem
280 3951 353 3994 cum
382 3951 509 4012 semper
537 3929 717 4014 ignoraret,
746 3927 861 3992 merito
891 3927 926 3991 in
949 3926 1138 4009 explicando
1162 3928 1285 3992 cerebri

136 4061 201 4105 usu
224 4035 410 4102 haesitavit.
447 4033 519 4109 Qua
542 4034 580 4098 de
603 4055 638 4098 re
661 4033 738 4118 quid
761 4033 850 4097 dicat
868 4037 901 4096 et
924 4055 988 4117 quo
1012 4033 1108 4098 modo
1131 4055 1286 4120 coargua-

135 4149 202 4228 tur,
224 4161 420 4227 cognoscere
443 4140 579 4224 poterie,
603 4141 630 4204 ri
655 4144 805 4205 octavum
829 4139 950 4205 librum
978 4139 1085 4224 operis
1113 4141 1217 4206 nostri
1246 4141 1284 4205 de

135 4273 200 4316 usu
232 4247 375 4332 partium
407 4245 597 4332 perlegeris3
634 4247 714 4311 item
745 4246 862 4310 horum
895 4246 1040 4310 omnium
1073 4247 1284 4331 decretorum,

134 4377 220 4442 quae
242 4354 398 4438 recensui,
420 4353 601 4438 principem
623 4353 725 4418 fuisse
748 4351 982 4436 Hippocratem
1006 4374 1079 4418 cum
1102 4353 1192 4437 alibi,
1214 4357 1283 4418 tum

133 4464 171 4528 in
196 4461 438 4528 commentariis
461 4461 500 4525 de
519 4459 732 4544 Hippocratis
756 4458 922 4524 anatomia
943 4458 1202 4523 demonstratum
1225 4463 1284 4524 est.
