3300 5146
639 369 881 435 -295—

185 524 357 612 εἰρημένα,
389 523 518 593 τούτων
545 524 610 614 ἤδη
642 525 872 615 μνημονεύσω.
918 535 986 600 ἔστι
1015 532 1052 600 δὲ
1081 533 1086 621 l
1119 530 1159 598 τά
1186 557 1221 600 τε
1248 531 1398 608 noricus

183 628 241 710 τὰς
264 628 371 719 φορὰς
393 634 461 700 τῶν
483 636 614 721 χειροῖν,
637 631 718 703 ὅταν
742 634 965 723 ἐφαπτάμεθα
986 643 1055 707 τῶν
1077 640 1224 726 στέρνων
1248 636 1333 727 ἡμᾶς

184 733 308 817 αὐτοὺς
335 735 539 823 δεικνύντες,
572 743 619 808 ἔτι
651 765 686 809 τε
713 739 753 808 τὰ
784 739 867 810 κατὰ
891 742 953 831 τὴν
982 744 1047 831 ἐγώ
1075 743 1210 833 φωνην,
1239 740 1260 812 ἃ
1288 743 1330 832 δὴ

184 840 248 912 κάν
269 855 340 924 τοῖς
363 845 611 932 ἐτυμολογικοῑς
634 843 725 916 εἶπεν
755 853 843 935 ἔχειν
865 875 896 916 τι
920 849 1060 935 φάσκων
1083 849 1189 938 αὐτὴν
1213 855 1330 919 δεικτι-

182 947 244 1020 κὸν
273 952 308 1018 ἐκ
333 957 396 1020 τοῦ
423 953 631 1039 φαινομένου
664 951 720 1020 διὰ
747 951 785 1024 τὸ
814 954 898 1023 κατὰ
925 953 988 1044 τὴν
1019 957 1155 1045 πρωτην
1184 960 1221 1026 ἐν
1245 955 1356 1047 scirpo

183 1055 354 1146 συλλαβὴν
380 1055 426 1140 ὡς
453 1059 505 1127 ἐπὶ
532 1055 569 1128 τὸ
599 1063 724 1147 στῆθος
746 1056 931 1147 άπάμεσθαι
961 1061 1023 1151 τήν
1054 1090 1089 1132 τε
1116 1063 1204 1133 κάτω
1227 1065 1329 1150 γένυν

181 1163 301 1233 καὶτὸ
330 1173 446 1252 χεῖλος.
496 1173 626 1254 εἴρηταί
654 1193 712 1254 μοι
746 1167 800 1236 καὶ
827 1171 903 1257 περὶ
930 1170 1060 1238 τούτων
1088 1170 1152 1259 ἤδη
1180 1169 1263 1240 κατὰ
1290 1169 1327 1240 τὸ

182 1271 340 1360 δεύτερον
366 1275 473 1340 τῶνδε
499 1277 567 1340 τῶν
594 1269 843 1362 ὑπομνημάτων
869 1273 933 1344 κάν
958 1291 1029 1356 τοῖς
1055 1279 1128 1366 περὶ
1153 1275 1329 1365 ὀνομάτων

181 1376 374 1466 ὀρθότητος.
428 1376 528 1465 ὅμοια
565 1378 600 1447 δὲ
637 1393 707 1459 τοῖς
739 1379 905 1462 τοιούτοις
941 1382 1169 1472 ἐπιχειρήμασι
1200 1383 1256 1450 καὶ
1287 1379 1329 1449 τὰ

180 1485 261 1554 κατὰ
289 1485 352 1573 τὴν
379 1487 600 1572 έτυμολομίαν
633 1485 695 1554 είσί
723 1488 784 1554 τοῦ
815 1491 874 1574 τῆς
899 1493 1038 1576 καρδίας
1065 1487 1228 1577 ὀνόματος
1256 1489 1328 1576 ἑξῆς
1342 1517 1368 1554 ιο

181 1599 248 1662 των
270 1594 520 1682 προειρημένων
546 1590 611 1662 ὑπὸ
639 1596 699 1661 τοῦ
722 1599 920 1681 Χρυσίππου
942 1599 1153 1684 γεγραμμένα
1179 1593 1263 1663 κατὰ
1288 1592 1326 1663 τὸ

180 1703 313 1789 πρῶτον
340 1699 415 1788 περὶ
443 1704 549 1788 ψυχῆς
576 1691 644 1769 ὧδέ
669 1725 739 1780 πως
766 1706 896 1788 ἔχοντα·
920 1701 1062 1784 πράτοις
1088 1708 1168 1771 πᾶσι
1192 1700 1327 1789 συμφά-

181 1811 260 1886 ενιος
286 1807 340 1876 καὶ
367 1805 515 1894 τοῦνομα
542 1811 641 1876 τοῦτο
670 1813 808 1896 ἔσχηκεν
839 1806 859 1896 ἡ
887 1812 1009 1895 καρδία
1036 1808 1118 1877 κατά
1146 1835 1221 1876 τινα
1248 1805 1327 1895 κρά-

181 1917 288 2002 ’τησιν
315 1913 369 1982 καὶ
397 1920 535 2002 κυρείαν
557 1910 622 1982 άπὸ
651 1918 711 1983 τοῦ
739 1916 776 1982 ἐν
799 1912 883 2004 αὐτῇ
912 1913 998 1984 εἶναι
1025 1914 1062 1985 τὸ
1091 1919 1249 2004 κυριεῦον
1271 1914 1326 1982 καὶ

180 2023 338 2108 ’κρατοῦν
360 2023 418 2107 τῆς
441 2023 548 2108 ψυχῆς
570 2021 680 2109 μέρος,
703 2019 747 2103 ὦς
770 2018 813 2090 άν
836 2029 952 2110 κρατία
976 2023 1158 2110 λεγομένη]
1203 2019 1240 2089 τὸ
1265 2020 1326 2109 μὲν
1342 2046 1366 2086 ιι

180 2118 243 2196 οὖν
265 2123 310 2206 oie
331 2125 415 2214 πρὸς
436 2123 499 2213 τὴν
518 2125 605 2214 ζωὴν
627 2125 722 2215 ἡμῶν
740 2127 947 2214 κυριώτατον
970 2127 1055 2198 εἶναι
1078 2127 1115 2197 τὸ
1136 2126 1326 2215 σπλάγχνον

214 2333 229 2380 2
249 2318 320 2380 ὅταν
338 2319 536 2394 ἒφαπιάμεθα
550 2323 578 2377 Μ
597 2317 644 2378 ὅτε
661 2319 707 2393 έφ.
727 2325 778 2378 ΑΒ
797 2317 844 2380 ὅτε
860 2320 1052 2394 {canopoeo
1067 2323 1143 2380 chK.
1160 2355 1192 2363 —
1215 2319 1322 2392 ίέηειν

178 2397 207 2454 τὲ
227 2399 256 2450 τί
276 2395 337 2465 (sic)
360 2395 397 2450 M.
421 2425 454 2436 -
484 2389 557 2448 αὐτὰ
586 2396 665 2450 codd.
689 2395 752 2450 edd.
776 2391 868 2464 αὐτὴν
891 2395 985 2462 (lom.;
1014 2397 1048 2451 cl.
1071 2393 1156 2451 Proll.
1180 2412 1206 2464 p.
1227 2399 1270 2450 96.
1290 2425 1323 2432 -

180 2475 212 2524 15
231 2463 261 2524 τὸ
281 2464 334 2538 μὲν
353 2457 406 2521 οὖν
424 2461 508 2529 cicli
527 2463 558 2522 τὸ
578 2464 631 2538 μὲν
650 2461 844 2529 άςΑΒΟΙιΚ.
863 2498 897 2508 -

176 2655 283 2738 locum
305 2666 340 2732 in
364 2663 540 2750 Chrysippi
563 2665 648 2732 libro
671 2666 772 2732 allata
795 2671 880 2751 sunt,
902 2689 1013 2731 eorum
1037 2665 1101 2732 iem
1126 2663 1323 2731 mentionem

177 2776 306 2840 faciam.
351 2771 434 2839 Sunt
457 2777 566 2838 eutem
590 2795 641 2856 ea,
669 2795 751 2859 quae
780 2774 945 2858 pertinent
973 2777 1005 2838 et
1028 2773 1068 2837 ad
1091 2795 1246 2836 manuum
1270 2772 1322 2836 ad-

177 2881 351 2964 motiones,
375 2903 447 2946 cum
471 2882 583 2964 pectus
611 2903 670 2946 nos
698 2880 787 2964 ipsos
812 2884 1030 2944 monstrantes
1056 2879 1263 2964 attingimus,
1292 2883 1324 2942 et

177 2988 218 3054 cd
240 3009 352 3054 rocem
376 3008 450 3073 ego,
478 3009 542 3071 que
565 2987 603 3052 de
632 3011 666 3052 re
690 2988 788 3052 etiam
816 2986 850 3052 in
874 2986 1114 3072 Etymologicis
1142 2985 1323 3068 disputavit

115 3098 119 3109 '
177 3095 344 3160 affirmans
372 3094 407 3160 in
430 3115 469 3158 ec
491 3093 613 3178 aliquid
637 3093 924 3160 demonstrationis
949 3115 987 3157 ex
1015 3091 1177 3157 evidentia
1199 3091 1322 3176 petitae

176 3202 283 3266 inesse
306 3203 495 3285 propterea,
527 3201 612 3284 quod
640 3200 674 3263 in
697 3202 804 3285 prima
832 3201 900 3265 eius
931 3199 1059 3282 syllaba
1081 3197 1322 3283 pronuntianda

176 3309 320 3373 mentum
343 3306 530 3392 labiumque
552 3307 687 3372 inferius
707 3312 874 3393 tamqnam
893 3307 933 3372 ad
952 3311 1064 3389 pectus
1083 3305 1322 3369 deducerentur.

175 3413 298 3480 Verum
327 3414 366 3479 de
397 3413 449 3480 his
482 3437 608 3499 quoque
636 3415 670 3479 in
704 3414 842 3479 secundo
870 3414 987 3479 hermu
1015 3411 1321 3478 commentariorum

176 3524 209 3585 et
231 3521 266 3585 in
287 3520 391 3603 libris,
414 3522 467 3606 qui
492 3525 569 3586 sinit
586 3521 625 3586 de
645 3525 733 3586 rectu
751 3521 920 3586 nominum
939 3521 1074 3604 ratione,
1098 3519 1178 3582 setis
1198 3519 1320 3582 dictum

176 3631 234 3692 est
285 3627 482 3712 Sequuntur,
509 3651 590 3714 quae
619 3629 657 3693 de
681 3627 787 3694 cordis
816 3627 1017 3712 etymologia
1039 3626 1091 3690 his
1120 3623 1319 3709 argumentis

176 3734 298 3800 similia
325 3733 360 3798 in
387 3735 492 3818 primo
522 3735 561 3799 de
589 3735 699 3800 enimn
725 3735 811 3799 libro
842 3757 862 3798 a
885 3733 1069 3820 Chrysippo
1098 3732 1220 3815 scripta
1244 3734 1319 3794 sunt

175 3840 227 3906 his
250 3841 371 3905 verbis:
404 3839 490 3904 ‘His
515 3840 690 3906 omnibus
714 3840 911 3904 consentit
932 3861 1068 3904 nomen
1091 3839 1216 3922 ipsum
1240 3859 1319 3903 cor-

175 3947 248 4032 dis,
276 3947 375 4032 quod
399 3945 535 4011 Graeci
558 3947 727 4029 καρδίαν
750 3949 981 4030 nuncupant
1026 3945 1088 4009 lte
1111 3946 1212 4010 enim
1236 3944 1317 4009 dic-

174 4058 255 4118 tum
289 4054 347 4116 est
378 4053 489 4137 quasi
524 4055 662 4136 κρανία
701 4075 743 4117 ex
779 4053 939 4137 quadam
975 4052 1245 4118 dominatione
1281 4055 1318 4115 et

174 4157 422 4246 principatu,
449 4159 539 4244 qnia
561 4159 600 4223 in
628 4160 714 4243 ipso
737 4159 918 4244 princeps
942 4181 985 4224 oc
1008 4159 1210 4224 dominans
1235 4157 1317 4222 cni·

175 4288 255 4332 mae
279 4287 369 4349 pars
393 4263 660 4331 contineatur?
707 4263 871 4342 Quantum
899 4265 1065 4329 advitam
1089 4266 1218 4350 quidem
1242 4265 1316 4330 etti-

173 4374 242 4457 net,
271 4371 353 4438 illud
381 4371 489 4438 riscus
520 4389 590 4436 esse
620 4370 654 4436 in
680 4372 776 4438 nobis
803 4371 1015 4457 praecipuum
1044 4393 1165 4437 nenos
1189 4371 1317 4457 quidem
