3444 5140
696 413 940 479 -685-

239 595 274 637 τε
308 569 382 656 περὶ
415 569 575 655 γενέσεως
610 572 678 636 τῶν
708 572 822 655 χυμῶν
841 556 906 635 ’καλ
938 571 1102 655 διαφορᾶς
1130 568 1186 636 καὶ
1214 568 1388 656 δυνάμεως

241 673 331 754 ὅστις
357 701 391 741 τε
420 671 497 741 καθ’
528 672 648 762 ἥντινα
675 674 787 762 χῶραν
815 671 835 762 ἢ
859 672 952 760 ῶραν
979 669 998 760 ἢ
1027 673 1160 760 ἡλικίαν
1187 671 1208 761 ἢ
1236 674 1387 762 σῶματος

241 782 310 862 ἕξιν
341 782 514 868 ἐπικρατεῖ.
559 778 600 848 ού
628 779 695 867 μὴν
725 777 910 866 ἀναγκαῖον
940 779 1096 848 Πλάτωνι
1128 777 1227 848 ταῦθ’
1262 778 1386 868 ὁμοίως

236 884 443 974 Ἱπποκράτει
468 886 659 974 διέρχεσθαι
683 886 806 971 πάντα,
829 887 980 972 καθάπερ
1005 884 1084 955 odet
1101 885 1307 974 Ἱπποκράτει
1336 893 1386 976 ζη-

240 1008 328 1078 τεῖν,
353 993 408 1060 διὰ
431 1000 467 1060 τί
486 992 603 1072 λευκὸς
625 993 686 1080 μὲν
709 991 727 1061 ὁ
751 997 812 1062 τοῦ
835 996 1021 1080 φλέγματος
1043 993 1157 1081 χυμός,
1180 993 1325 1082 ἐρυθρὸς
1348 994 1411 1062 dtr

241 1098 341 1168 ὁτοῦ
361 1103 365 1188 1
386 1103 522 1187 αἵματος
545 1096 565 1187 ἢ
590 1099 715 1181 ξανθὸς
737 1099 756 1168 ὁ
779 1104 838 1187 τῆς
859 1104 978 1187 πικρᾶς
1000 1105 1100 1188 χολῆς
1122 1097 1142 1188 ἢ
1165 1103 1265 1188 μέλας
1287 1099 1305 1168 ὁ
1329 1106 1387 1189 τῆς
1396 1121 1453 1177 oss

241 1203 358 1288 ὀξείας.
412 1203 566 1294 ἀφορμὰς
595 1206 657 1294 μὲν
687 1206 752 1296 γὰρ
781 1204 882 1286 αὐτὸς
913 1211 1015 1275 ἔδωκε
1047 1211 1105 1294 τῆς
1135 1206 1265 1276 τούτων
1296 1205 1386 1295 εὑρέ-

241 1332 334 1396 σεως,
357 1310 466 1400 ῶσπερ
490 1311 572 1380 ὅταν
596 1315 716 1381 ἐκτῶν
737 1317 796 1402 τῆς
817 1313 963 1401 γλῶττης
981 1313 1165 1400 χρωμάτων
1183 1313 1385 1404 ὃιαγινῶσκῃ

241 1417 301 1499 τὰς
325 1421 362 1485 έν
384 1423 429 1510 τῷ
458 1419 584 1506 σῶματι
613 1422 782 1500 διαθέσεις
808 1426 966 1507 μελαίνας
988 1421 1095 1507 λέγων
1123 1417 1225 1500 αύτύις
1248 1417 1311 1489 ἀπὸ
1336 1421 1386 1506 έγ·

241 1524 392 1604 καύσεως
411 1524 623 1612 λιγνυῶὸους
644 1533 808 1613 γίνεσθαι.
853 1525 1005 1614 καθάπερ
1028 1526 1092 1614 γὰρ
1112 1525 1204 1605 ἐκτὸς
1226 1523 1246 1614 ἡ
1270 1527 1387 1615 λιγνὺς
1401 1552 1426 1590 1⁰

241 1632 324 1700 κατά
351 1659 385 1700 τε
412 1631 491 1711 τοὺς
517 1632 662 1719 λύχνους
687 1634 742 1701 καὶ
769 1632 830 1713 τὰς
861 1636 966 1723 δᾷδας
992 1632 1047 1699 καὶ
1075 1630 1159 1700 ἄλλα
1185 1631 1291 1701 πολλὰ
1318 1637 1387 1702 τῶν

241 1742 392 1824 λιπαρῶν
414 1743 599 1824 γεννᾶσθαι
623 1739 781 1825 πέφυκεν,
804 1737 892 1808 οὕτω
915 1740 970 1806 καλ
994 1737 1075 1807 κατὰ
1098 1738 1138 1807 τὰ
1161 1740 1296 1827 πύματα
1318 1744 1386 1808 τῶν

242 1844 336 1936 ζῴων
358 1844 516 1924 πολλάκις
538 1842 824 1933 ὑπεροπτωμένων
846 1849 915 1913 τῶν
941 1850 1056 1933 χυμῶν
1078 1846 1132 1914 καὶ
1156 1845 1297 1934 μάλιστα
1319 1851 1387 1916 τῶν

136 2015 139 2022 .
240 1955 392 2040 λιπαρῶν
415 1955 575 2037 γεννᾶταί
594 1979 625 2019 τι
642 1950 875 2039 παραπλήσιον
897 1951 1019 2037 λιγνύι.
1055 1951 1092 2020 τὸ
1116 1951 1178 2039 μὲν
1201 1951 1243 2040 δὴ
1267 1954 1387 2023 λευκὸν

241 2064 425 2144 φαίνεσθαι
448 2057 485 2126 τὸ
510 2060 651 2146 φλέγμα,
675 2058 760 2126 διότι
784 2056 867 2126 κατὰ
889 2057 952 2144 τὴν
975 2060 1106 2144 γένεσιν
1125 2056 1229 2127 αύτοῦ
1252 2062 1387 2148 σμικραὶ
1402 2085 1426 2124 1⁵

239 2165 359 2232 πολλαὶ
396 2164 610 2252 πομφόλυγες
646 2163 992 2252 έναπολαμβύνονται,
1028 2165 1138 2250 λέγειν
1170 2163 1387 2254 Ἱπποκράτης

278 2389 399 2460 λῶοτες
417 2413 468 2466 pro
493 2391 570 2460 ὅστις
592 2397 686 2483 M-
710 2403 726 2452 8
751 2391 950 2482 διαγιγνύσκει
972 2395 1065 2450 Μ.-
1090 2393 1248 2467 9μελύνας
1267 2397 1329 2464 ΑΒ;
1349 2398 1383 2453 of.

239 2465 795 2553 Prollp.4e.-1avd0m.u.-
825 2475 855 2522 13
874 2463 1120 2538 ὑπερωπτημένον
1144 2467 1283 2522 (ΜΚ-
1310 2472 1384 2523 14Α

239 2486 368 2594 verbisp
357 2535 389 2594 τὸ
412 2537 496 2609 μὲν
489 2540 572 2608 incip.
597 2557 655 2594 exo.
678 2539 781 2593 XXXV
809 2539 936 2593 codicum
959 2539 1075 2593 FR—
1100 2534 1136 2607 δὴ
1160 2557 1214 2594 om.
1238 2539 1324 2595 P-
1354 2535 1384 2606 ἐξ

239 2611 444 2665 λεοκοῦΡμ-
471 2617 504 2664 lo
523 2610 572 2664 καλ
590 2607 663 2664 διότι
681 2610 794 2665 FP.-
818 2609 923 2680 μακραὶ
942 2627 993 2693 prq
1012 2610 1124 2680 σμικραὶ
1143 2611 1236 2665 Μ.-
1263 2617 1295 2666 16
1314 2629 1385 2682 πομ-

241 2677 383 2751 φάλαγγες
401 2680 491 2735 Μ.-
460 2680 604 2750 -λέγειν
623 2676 677 2736 ούκ
696 2676 847 2752 ἐτόλμησεν
867 2675 1140 2750 έπποκρύτηςλῖ-

239 2918 424 2985 differentia
447 2921 481 2982 et
507 2917 541 2982 vi
568 2915 749 3003 disputavit
776 2923 872 3004 atque
895 2939 1006 2984 eorum
1035 2917 1107 3003 quis
1131 2940 1258 3004 quaque
1281 2919 1315 2986 in
1338 2943 1386 2985 re·

240 3027 339 3112 gione
358 3027 409 3092 rel
432 3030 579 3110 tempore
602 3026 653 3091 rel
672 3028 779 3089 aetate
802 3026 854 3089 vel
874 3026 1019 3109 corporis
1041 3025 1157 3090 habitu
1176 3028 1386 3110 praevaleret.

239 3132 333 3199 Haec
361 3137 472 3197 tamen
499 3131 630 3197 Platoni
657 3153 723 3196 non
755 3133 973 3197 necessarium
999 3130 1063 3196 fuit
1089 3133 1238 3217 persequi
1267 3134 1386 3216 omnio,

239 3238 512 3325 quemadmodum
544 3261 584 3302 ne
611 3238 807 3323 Hippocrati
839 3239 968 3324 quidem
1005 3261 1172 3326 quaerere,
1203 3261 1260 3304 cur
1292 3239 1385 3305 albus

240 3351 331 3412 esset
357 3345 496 3430 pituitae
524 3345 654 3429 humor,
683 3346 851 3431 sanguinis
879 3345 989 3430 ruber,
1016 3347 1121 3410 flavus
1144 3368 1274 3411 amarae
1301 3346 1387 3432 bilis,

241 3454 354 3519 acidae
377 3452 480 3538 niger.
521 3451 581 3516 Rei
604 3455 712 3516 tamen
736 3453 947 3518 inveniendae
972 3475 1067 3518 ansas
1091 3454 1161 3537 ipse
1179 3453 1276 3538 dedit,
1298 3453 1388 3517 velut

241 3581 317 3626 oum
341 3582 357 3623 e
380 3559 511 3644 linguae
530 3559 693 3626 coloribus
713 3560 857 3644 corporis
878 3559 1064 3626 affectiones
1083 3559 1253 3644 cognoscit
1274 3560 1386 3644 nigras

241 3689 282 3732 ex
306 3653 476 3731 adustione
499 3666 678 3752 fuliginosa
700 3667 771 3730 fieri
790 3688 845 3732 eas
870 3667 1045 3732 affirmans.
1083 3665 1173 3731 Sicut
1192 3666 1278 3731 enim
1297 3671 1387 3732 extra

241 3795 360 3857 corpus
383 3772 488 3857 fuligo
512 3774 547 3838 in
569 3773 722 3856 lucernis,
745 3772 872 3838 facibus
896 3773 1032 3858 aliisque
1059 3772 1173 3836 multis
1197 3773 1293 3837 rebus
1316 3773 1387 3857 pin-

241 3879 362 3965 guibus
394 3880 543 3964 generari
576 3880 673 3963 solet,
705 3879 753 3943 ita
785 3879 884 3944 etiam
917 3881 951 3944 in
979 3879 1169 3948 animalium
1197 3879 1386 3966 corporibus

242 4008 476 4070 saepenumero
500 3987 546 4070 fit,
568 3989 618 4069 ut,
642 3985 670 4050 si
693 4008 791 4070 supra
814 3988 946 4052 modum
973 3987 1152 4050 aduruntur
1174 3985 1325 4053 humores
1349 4007 1387 4050 aa

241 4093 416 4178 praecipue
439 4075 590 4178 pingues,
617 4090 748 4177 fuligini
776 4094 882 4158 simile
910 4091 1062 4178 quiddam
1086 4095 1266 4177 generetur.
1310 4091 1386 4158 Jam

239 4199 397 4284 pituitam
425 4198 467 4264 ob
497 4220 568 4262 eam
597 4220 726 4262 oausam
756 4199 865 4264 albam
892 4221 1062 4284 apparere,
1089 4199 1166 4282 quia
1192 4199 1227 4264 iu
1255 4219 1386 4284 genera·

240 4305 332 4370 tione
370 4306 437 4369 eius
475 4305 597 4369 multae
626 4326 745 4388 parvae
777 4305 885 4370 bullae
923 4307 1152 4389 excitarentur,
1184 4304 1290 4370 dicere
1321 4328 1387 4371 non

241 4416 343 4480 ausus
380 4415 430 4477 cst
460 4411 692 4497 Hippocrates,
733 4435 806 4477 oum
841 4415 977 4476 naturae
1009 4433 1116 4476 rerum
1153 4413 1387 4498 contemplatio
