3210 5148
606 345 759 411 -453
806 384 849 393 -

149 503 342 591 τρέφοντες,
364 501 444 584 τοὺς
467 503 503 572 dl
527 503 781 591 θυμικωτέρους
807 503 862 572 καὶ
885 504 1112 593 μανικώτερον
1139 503 1298 596 ᾅττοντας

150 611 187 678 ἐν
208 623 279 690 ταῖς
302 610 479 689 ἐναντίαις.
524 609 593 678 ἐπεὶ
618 608 674 678 διὰ
697 615 733 678 τί
751 609 834 698 πρὸς
856 615 958 697 θεῶν,
983 611 1138 700 ἐρωτήσω
1161 612 1224 703 γὰρ
1240 620 1296 684 ’ἔτι

148 720 247 785 τοῦτο
274 715 354 798 τοὺς
380 713 444 786 ἀπὸ
472 721 534 786 τοῦ
562 722 777 804 Χρυσίππου,
806 717 935 805 Δάμων
961 716 979 786 ὁ
1008 719 1168 806 μουσικὸς
1195 717 1295 808 αὐλη-

148 827 235 911 τρίδι
263 823 534 912 παραγενόμενος
561 819 710 912 αὐλοίση
742 821 779 891 τὸ
811 823 962 911 Φρύγιον
994 831 1182 906 νεανίσκοις
1206 829 1296 897 τισίν

149 931 345 1018 οἰνωμένοις
367 930 421 998 καὶ
444 929 567 1018 μανικὰ
591 927 671 998 ἅττα
690 932 985 1019 θιαπραττομίνοις
1003 933 1172 1001 ἐκέλευσεν
1196 931 1322 1021 odiri-⁵

148 1056 203 1104 σαι
222 1036 259 1106 τὸ
280 1037 429 1126 Δώριον,
452 1040 488 1106 ol
508 1036 544 1104 dt
565 1033 669 1117 εὐθὺς
686 1036 873 1106 ἐπαύσαντο
891 1031 949 1126 τής
967 1038 1154 1128 ἐμπλήκτου
1172 1043 1294 1127 φορᾶςς

148 1140 190 1213 ori
220 1143 285 1232 γὰρ
317 1144 427 1234 δήπου
458 1143 517 1224 τὰς
549 1142 649 1226 δόξας
679 1146 740 1212 τοῦ
774 1149 964 1230 λογιστικοῦ
995 1144 1295 1234 μεταθιθάσκονται

146 1249 229 1338 πρὸς
250 1255 319 1320 τῶν
342 1249 559 1340 αὐλημάτων,
582 1249 666 1318 ἀλλὰ
689 1246 726 1319 τὸ
750 1249 939 1338 παθητικὸν
960 1255 1018 1339 τῆς
1041 1239 1147 1340 φυχῆς
1170 1251 1295 1340 ἄλογον

147 1354 298 1444 ὑπάρχον
321 1357 548 1447 ἐπεγείρονταί
571 1384 606 1426 τε
633 1356 688 1425 καὶ
716 1357 922 1444 πραΰνονται
946 1357 1002 1425 διὰ
1029 1357 1195 1446 κινήσεων
1217 1355 1294 1429 ιἰλό-

147 1490 226 1550 γων.
270 1467 315 1532 roi
338 1463 458 1554 μὲν
422 1491 486 1553 γαρ
509 1463 620 1556 ἀλόγφ
644 1460 700 1532 διὰ
723 1467 791 1532 τῶν
814 1459 991 1551 ἆλόγων”
970 1493 991 1552 η
1013 1491 1048 1534 τε
1070 1462 1213 1554 ὠφέλεια
1236 1465 1291 1534 καί
1307 1491 1332 1530 ro

146 1598 166 1657 η
189 1569 313 1658 βλαβη,
335 1575 380 1663 roi
404 1575 524 1674 λογικῶ
554 1571 591 1640 δέ
618 1569 674 1639 διὰ
699 1569 876 1660 ἐπιστήμης
903 1569 1293 1660 sanctipelliacum

144 1680 248 1746 ταῦτα
272 1669 335 1747 οὖν
356 1640 454 1747 ἐκ
415 1707 473 1766 της
494 1682 563 1747 τῶν
584 1681 707 1746 παθῶν
729 1681 836 1757 αἰτίας
858 1685 1066 1765 γνωσθείσης
1088 1676 1296 1767 desistebat

145 1804 249 1872 φησιν
277 1782 362 1872 ἡμᾶς
388 1781 406 1852 d
436 1782 665 1865 Ποσειδώνιος
691 1811 747 1852 και
778 1784 913 1871 προσέτι
946 1784 1002 1852 ‘ric
1029 1786 1291 1875 θιαπορούμενα’

145 1898 231 1980 φησί
251 1891 335 1979 επερὶ
358 1895 417 1978 τῆς
440 1892 475 1959 ἐκ
498 1891 630 1973 πάθους
647 1889 752 1980 ὁρμής
771 1890 950 1979 ἐξέφηνεν]
987 1888 1055 1959 εἶτα
1075 1889 1187 1978 αὐτός,
1210 1892 1291 1962 ἅττα

144 1997 222 2068 ποτε
241 1995 325 2066 αὐτά
344 1998 445 2083 ἐστιν,
464 1999 632 2086 ἐπιφέρων
651 1998 811 2085 ἐξηγεῖται
829 1996 928 2065 τόνδε
945 1995 1006 2066 τὸν
1024 1998 1162 2086 τρόπον·
1187 1998 1291 2088 ‘cipro
1307 2023 1331 2064 ιε

145 2101 232 2193 γάρ,
251 2101 301 2172 ὄτι
319 2101 421 2174 πάλαι
439 2105 584 2190 βλέπετε,
602 2107 671 2184 πῶς
689 2102 745 2172 διὰ
764 2102 868 2190 λόγου
886 2103 948 2192 μὲν
961 2106 1152 2185 πεισθέντες
1170 2089 1289 2180 κακὸνΙ

180 2277 282 2344 θεοὺς
299 2277 460 2337 dadL-
478 2281 708 2344 lescaloaorrL
728 2281 818 2348 νεανί,
837 2279 981 2366 (fortasse
983 2298 1017 2336 ex
1036 2283 1153 2352 νεανί,“
1145 2302 1171 2339 1.
1183 2300 1206 2338 e.
1225 2303 1289 2338 νεα-

145 2357 218 2416 νίαις
236 2356 401 2447 παλαια)
363 2353 393 2408 Μ
411 2355 536 2414 νεανίαις
549 2354 606 2408 AB
625 2353 752 2414 νεανίαις
771 2349 902 2406 call.-
927 2346 1135 2408 θᾶτταΙι.-
1158 2348 1243 2422 θδόρ
1246 2373 1290 2408 ιον

145 2426 297 2481 Mela-
322 2419 401 2480 οιδ’
426 2424 522 2478 Μ.-
548 2431 578 2478 11
599 2443 631 2479 ευ
634 2425 744 2494 θίας
765 2421 928 2479 ΜΔΒΟΙιΚ
952 2418 1081 2492 ἀμαθίας
1105 2423 1185 2479 Corn.
1207 2424 1236 2478 L.
1257 2455 1289 2464 -

147 2505 179 2552 14
198 2498 271 2584 φησί
291 2443 735 2622 om.11};ef.1³roll.p.cc.-
760 2489 907 2565 ἐμφανοῦς
930 2511 981 2564 pro
1005 2489 1037 2549 ἐκ
1059 2491 1175 2558 πάθους
1201 2495 1231 2549 L.
1255 2525 1288 2535 -

146 2575 178 2624 15
198 2587 271 2624 αντα
291 2585 345 2624 om.
415 2597 447 2606 -

144 2750 202 2814 riis
230 2751 340 2814 autem
368 2746 580 2812 animosiores
612 2745 816 2830 ferociusque
843 2746 1043 2812 exsultantes
1072 2747 1289 2815 educabimus,

143 2857 231 2922 Nam
263 2876 322 2940 per
350 2853 427 2918 deos
455 2853 670 2918 immortales!
703 2853 779 2938 quid
811 2857 861 2918 est
893 2875 1008 2918 causae
1038 2891 1082 2902 —-
1108 2855 1156 2920 ita
1185 2854 1288 2940 Chry-

144 2964 275 3048 sippum
307 2959 439 3045 eiusque
469 2963 589 3025 sectam
622 2961 832 3046 interrogabo
857 2997 915 3044 -,
953 2982 1024 3042 our,
1057 2983 1131 3026 curn
1160 2961 1290 3028 Damon

143 3070 286 3135 musicus
317 3067 489 3134 tibicinam
519 3067 777 3132 adulescentibus
805 3067 999 3152 quibusdam
1026 3067 1223 3134 temulentis·
1240 3069 1288 3134 in·

143 3199 285 3262 sanaque
317 3175 490 3261 agentibus
522 3173 700 3268 Pbrygium
734 3175 900 3238 canentem
931 3175 1057 3238 mutare
1090 3175 1220 3240 modum
1252 3175 1288 3241 in

143 3281 298 3348 Doricum
321 3282 485 3364 iussisset,
511 3281 561 3344 illi
585 3281 738 3346 continuo
763 3303 782 3344 a
809 3281 981 3345 temerario
1004 3280 1129 3364 impetu
1157 3281 1286 3347 destite-

144 3387 230 3452 rint?
266 3387 429 3452 Nimirum
453 3409 519 3452 non
539 3386 576 3468 de
596 3385 804 3470 opinionibus
822 3385 988 3450 facultatis
1008 3387 1178 3453 rationalis
1198 3387 1286 3453 dece-

144 3492 217 3556 dere
245 3492 417 3558 cantilenis
446 3493 592 3578 discunt,
628 3492 697 3577 sed,
731 3515 804 3557 cum
837 3493 1006 3559 affectibus
1038 3493 1179 3559 obnoxia
1210 3519 1286 3579 pars

145 3599 245 3664 animi
268 3597 469 3665 irrationalis
492 3600 545 3684 sit,
568 3600 710 3665 motibus
733 3599 977 3666 irrationalibus
1002 3603 1035 3664 et
1053 3600 1235 3666 excitantur
1254 3605 1287 3667 et

145 3707 305 3772 sedantur.
363 3704 557 3772 Inrationale
590 3705 676 3771 enirn
713 3707 754 3771 ab
787 3705 1046 3789 irrationalibus,
1078 3708 1237 3774 rationale
1266 3733 1285 3774 a

144 3812 278 3878 scientia
298 3814 331 3876 et
350 3811 480 3878 inscitia
499 3815 532 3876 et
550 3811 726 3878 utilitatem
741 3816 774 3877 et
791 3813 1021 3878 detrimentum
1036 3813 1163 3898 accipit.
1195 3814 1284 3900 Ergo

144 3925 176 3986 et
211 3919 273 3985 hoc
311 3941 349 3983 ex
385 3917 517 4004 cognita
552 3919 832 4004 perturbationum
869 3941 967 3984 causa
1001 3918 1097 3985 nobis
1134 3919 1284 3985 accedere

144 4027 395 4092 emolumentum
419 4025 467 4090 ait
488 4025 737 4104 Posidoniuspet
759 4026 890 4110 insuper
913 4024 1155 4092 ‘dubitationes’
1179 4026 1285 4110 inquit

144 4133 193 4199 ‘de
210 4134 494 4220 perturbationum
513 4131 712 4218 appetitione
732 4131 938 4216 explanavit?
980 4133 1062 4198 Tum
1081 4131 1161 4215 ipse,
1180 4132 1283 4196 euius·

144 4241 230 4306 modi
253 4241 330 4306 illae
353 4240 428 4324 sint,
451 4239 596 4305 declarat
617 4239 678 4323 his,
700 4261 782 4324 quae
806 4244 996 4324 sequuntur,
1019 4237 1140 4303 verbis:
1178 4237 1283 4303 ‘Exi-

145 4347 257 4414 stimo
281 4348 383 4414 enim
410 4346 630 4412 iamdudum
652 4368 718 4412 sos
741 4345 885 4428 videre,
912 4348 954 4409 ut
975 4345 1017 4428 ii,
1045 4343 1282 4428 quitatione
