<?xml version="1.0" encoding="UTF-8"?>
<!DOCTYPE html PUBLIC "-//W3C//DTD XHTML 1.0 Transitional//EN"
    "http://www.w3.org/TR/xhtml1/DTD/xhtml1-transitional.dtd">
<html xmlns="http://www.w3.org/1999/xhtml" xml:lang="en" lang="en">
 <head>
  <title>
</title>
<meta http-equiv="Content-Type" content="text/html;charset=utf-8" />
  <meta name='ocr-system' content='tesseract 3.04.00' />
  <meta name='ocr-capabilities' content='ocr_page ocr_carea ocr_par ocr_line ocrx_word'/>
</head>
<body>
  <div class='ocr_page' id='page_1' title='image "./claudiigalenide02mlgoog/claudiigalenide02mlgoog_0476.png"; bbox 0 0 3210 5148; ppageno 0'>
   <div class='ocr_carea' id='block_1_1' title="bbox 618 453 861 520">
    <p class='ocr_par' dir='ltr' id='par_1_1' title="bbox 618 453 861 520">
     <span class='ocr_line' id='line_1_1' title="bbox 618 453 861 520; baseline 0 -1"><span class='ocrx_word' id='word_1_1' title='bbox 618 453 861 520; x_wconf 88' lang='grc'>-461-</span> 
     </span>
    </p>
   </div>
   <div class='ocr_carea' id='block_1_2' title="bbox 46 601 1377 2298">
    <p class='ocr_par' dir='ltr' id='par_1_2' title="bbox 166 601 1307 702">
     <span class='ocr_line' id='line_1_2' title="bbox 166 601 1307 702; baseline -0.001 -21"><span class='ocrx_word' id='word_1_2' title='bbox 166 610 336 702; x_wconf 84' lang='grc' dir='ltr'><strong><em>δυνάμεις,</em></strong></span> <span class='ocrx_word' id='word_1_3' title='bbox 364 608 426 699; x_wconf 84' lang='grc' dir='ltr'><strong><em>ὑφ’</em></strong></span> <span class='ocrx_word' id='word_1_4' title='bbox 452 601 500 680; x_wconf 81' lang='grc' dir='ltr'><strong><em>τόν</em></strong></span> <span class='ocrx_word' id='word_1_5' title='bbox 524 607 542 679; x_wconf 89' lang='grc' dir='ltr'><strong><em>ό</em></strong></span> <span class='ocrx_word' id='word_1_6' title='bbox 565 617 639 698; x_wconf 83' lang='grc' dir='ltr'><strong><em>βίος</em></strong></span> <span class='ocrx_word' id='word_1_7' title='bbox 661 609 756 698; x_wconf 77' lang='grc' dir='ltr'><strong><em>ἡμῶν</em></strong></span> <span class='ocrx_word' id='word_1_8' title='bbox 779 614 964 697; x_wconf 76' lang='grc' dir='ltr'><strong><em>διοικεῖται,</em></strong></span> <span class='ocrx_word' id='word_1_9' title='bbox 990 614 1166 696; x_wconf 76' lang='grc' dir='ltr'><strong><em>βιαστικός</em></strong></span> <span class='ocrx_word' id='word_1_10' title='bbox 1191 638 1225 680; x_wconf 87' lang='grc' dir='ltr'><strong><em>τε</em></strong></span> <span class='ocrx_word' id='word_1_11' title='bbox 1253 613 1307 680; x_wconf 78' lang='grc' dir='ltr'><strong><em>καί</em></strong></span> 
     </span>
    </p>

    <p class='ocr_par' dir='ltr' id='par_1_3' title="bbox 46 714 1377 2298">
     <span class='ocr_line' id='line_1_3' title="bbox 46 714 1309 807; baseline 0.005 -25"><span class='ocrx_word' id='word_1_12' title='bbox 46 772 50 782; x_wconf 97' lang='grc'><strong><em>.</em></strong></span> <span class='ocrx_word' id='word_1_13' title='bbox 166 715 414 807; x_wconf 79' lang='grc' dir='ltr'><strong><em>όναυτιρρήτως</em></strong></span> <span class='ocrx_word' id='word_1_14' title='bbox 435 714 679 786; x_wconf 73' lang='grc' dir='ltr'><strong><em>ἀποδείκνυται.</em></strong></span> <span class='ocrx_word' id='word_1_15' title='bbox 724 715 885 786; x_wconf 79' lang='grc' dir='ltr'><strong><em>ὥστεκαὶ</em></strong></span> <span class='ocrx_word' id='word_1_16' title='bbox 913 718 1038 786; x_wconf 78' lang='grc' dir='ltr'><strong><em>ἐκτῶν</em></strong></span> <span class='ocrx_word' id='word_1_17' title='bbox 1062 720 1126 786; x_wconf 85' lang='grc' dir='ltr'><strong><em>νῦν</em></strong></span> <span class='ocrx_word' id='word_1_18' title='bbox 1148 725 1309 806; x_wconf 85' lang='grc' dir='ltr'><strong><em>λεχθησο-</em></strong></span> 
     </span>
     <span class='ocr_line' id='line_1_4' title="bbox 166 822 1309 913; baseline 0.002 -21"><span class='ocrx_word' id='word_1_19' title='bbox 166 825 276 912; x_wconf 79' lang='grc' dir='ltr'><strong><em>μὲνων</em></strong></span> <span class='ocrx_word' id='word_1_20' title='bbox 298 823 318 913; x_wconf 82' lang='grc' dir='ltr'><em>ἡ</em></span> <span class='ocrx_word' id='word_1_21' title='bbox 341 823 404 913; x_wconf 71' lang='grc' dir='ltr'><strong><em>μὲν</em></strong></span> <span class='ocrx_word' id='word_1_22' title='bbox 421 827 482 892; x_wconf 86' lang='grc' dir='ltr'><strong><em>τοῦ</em></strong></span> <span class='ocrx_word' id='word_1_23' title='bbox 501 830 697 910; x_wconf 76' lang='grc' dir='ltr'><strong><em>Χρυσίππου</em></strong></span> <span class='ocrx_word' id='word_1_24' title='bbox 716 822 975 910; x_wconf 79' lang='grc' dir='ltr'><strong><em>διαβληθήσεται</em></strong></span> <span class='ocrx_word' id='word_1_25' title='bbox 995 822 1088 909; x_wconf 82' lang='grc' dir='ltr'><strong><em>δόξα,</em></strong></span> <span class='ocrx_word' id='word_1_26' title='bbox 1110 846 1309 896; x_wconf 85' lang='grc' dir='ltr'><strong><em>κατασκευα-</em></strong></span> 
     </span>
     <span class='ocr_line' id='line_1_5' title="bbox 167 927 1309 1018; baseline 0.003 -19"><span class='ocrx_word' id='word_1_27' title='bbox 167 930 327 1018; x_wconf 79' lang='grc' dir='ltr'><strong><em>σθήσεται</em></strong></span> <span class='ocrx_word' id='word_1_28' title='bbox 350 930 387 997; x_wconf 75' lang='grc' dir='ltr'><strong><em>δὲ</em></strong></span> <span class='ocrx_word' id='word_1_29' title='bbox 414 929 451 999; x_wconf 88' lang='grc' dir='ltr'><strong><em>τὸ</em></strong></span> <span class='ocrx_word' id='word_1_30' title='bbox 475 929 593 1000; x_wconf 90' lang='grc' dir='ltr'><strong><em>κοινὸν</em></strong></span> <span class='ocrx_word' id='word_1_31' title='bbox 613 927 826 1017; x_wconf 78' lang='grc' dir='ltr'><strong><em>Ἀριστοτέλει</em></strong></span> <span class='ocrx_word' id='word_1_32' title='bbox 854 931 908 999; x_wconf 80' lang='grc' dir='ltr'><strong><em>καὶ</em></strong></span> <span class='ocrx_word' id='word_1_33' title='bbox 933 928 1090 999; x_wconf 81' lang='grc' dir='ltr'><strong><em>Πλάτωνι</em></strong></span> <span class='ocrx_word' id='word_1_34' title='bbox 1113 931 1167 999; x_wconf 79' lang='grc' dir='ltr'><strong><em>καὶ</em></strong></span> <span class='ocrx_word' id='word_1_35' title='bbox 1190 940 1309 1002; x_wconf 86' lang='grc' dir='ltr'><strong><em>Ποσει-</em></strong></span> 
     </span>
     <span class='ocr_line' id='line_1_6' title="bbox 168 1033 1342 1130; baseline 0.003 -25"><span class='ocrx_word' id='word_1_36' title='bbox 168 1041 277 1130; x_wconf 77' lang='grc' dir='ltr'><strong><em>δωνίῳ</em></strong></span> <span class='ocrx_word' id='word_1_37' title='bbox 301 1035 420 1125; x_wconf 81' lang='grc' dir='ltr'><em>δόγμα,</em></span> <span class='ocrx_word' id='word_1_38' title='bbox 442 1035 480 1106; x_wconf 89' lang='grc' dir='ltr'><strong><em>τὸ</em></strong></span> <span class='ocrx_word' id='word_1_39' title='bbox 504 1033 582 1104; x_wconf 87' lang='grc' dir='ltr'><strong><em>καθ’</em></strong></span> <span class='ocrx_word' id='word_1_40' title='bbox 609 1037 725 1125; x_wconf 79' lang='grc' dir='ltr'><strong><em>ἑτέραν</em></strong></span> <span class='ocrx_word' id='word_1_41' title='bbox 747 1036 808 1126; x_wconf 69' lang='grc' dir='ltr'><strong><em>μὲν</em></strong></span> <span class='ocrx_word' id='word_1_42' title='bbox 831 1034 916 1125; x_wconf 80' lang='grc' dir='ltr'><strong><em>ἡμᾶς</em></strong></span> <span class='ocrx_word' id='word_1_43' title='bbox 938 1037 1085 1124; x_wconf 84' lang='grc' dir='ltr'><strong><em>δύναμιν</em></strong></span> <span class='ocrx_word' id='word_1_44' title='bbox 1108 1045 1309 1126; x_wconf 80' lang='grc' dir='ltr'><strong><em>λογίζεσθαι,</em></strong></span> <span class='ocrx_word' id='word_1_45' title='bbox 1330 1059 1342 1100; x_wconf 79' lang='lat'>⁵</span> 
     </span>
     <span class='ocr_line' id='line_1_7' title="bbox 167 1141 1309 1232; baseline 0.003 -20"><span class='ocrx_word' id='word_1_46' title='bbox 167 1141 244 1212; x_wconf 88' lang='grc' dir='ltr'><strong><em>καθ’</em></strong></span> <span class='ocrx_word' id='word_1_47' title='bbox 275 1144 390 1232; x_wconf 78' lang='grc' dir='ltr'><em>ἑτέραν</em></span> <span class='ocrx_word' id='word_1_48' title='bbox 418 1141 454 1212; x_wconf 70' lang='grc' dir='ltr'><strong><em>δὲ</em></strong></span> <span class='ocrx_word' id='word_1_49' title='bbox 482 1146 695 1232; x_wconf 84' lang='grc' dir='ltr'><strong><em>θυμοῦσθαι,</em></strong></span> <span class='ocrx_word' id='word_1_50' title='bbox 722 1143 803 1213; x_wconf 82' lang='grc' dir='ltr'><strong><em>κατὰ</em></strong></span> <span class='ocrx_word' id='word_1_51' title='bbox 832 1143 937 1230; x_wconf 78' lang='grc' dir='ltr'><strong><em>ἄλλην</em></strong></span> <span class='ocrx_word' id='word_1_52' title='bbox 965 1143 1001 1212; x_wconf 78' lang='grc' dir='ltr'><strong><em>δὲ</em></strong></span> <span class='ocrx_word' id='word_1_53' title='bbox 1029 1144 1214 1232; x_wconf 78' lang='grc' dir='ltr'><strong><em>ἐπιθυμεῖν.</em></strong></span> <span class='ocrx_word' id='word_1_54' title='bbox 1259 1143 1309 1215; x_wconf 86' lang='grc' dir='ltr'><strong><em>ότι</em></strong></span> 
     </span>
     <span class='ocr_line' id='line_1_8' title="bbox 167 1245 1310 1338; baseline 0.001 -20"><span class='ocrx_word' id='word_1_55' title='bbox 167 1251 278 1337; x_wconf 77' lang='grc' dir='ltr'><strong><em>μέντοι</em></strong></span> <span class='ocrx_word' id='word_1_56' title='bbox 306 1251 361 1319; x_wconf 79' lang='grc' dir='ltr'><strong><em>καὶ</em></strong></span> <span class='ocrx_word' id='word_1_57' title='bbox 389 1263 460 1330; x_wconf 87' lang='grc' dir='ltr'><strong><em>ταῖς</em></strong></span> <span class='ocrx_word' id='word_1_58' title='bbox 488 1245 617 1329; x_wconf 80' lang='grc' dir='ltr'><strong><em>οὐσίαις</em></strong></span> <span class='ocrx_word' id='word_1_59' title='bbox 648 1247 802 1338; x_wconf 81' lang='grc' dir='ltr'><strong><em>ἀλλήλων</em></strong></span> <span class='ocrx_word' id='word_1_60' title='bbox 828 1255 932 1319; x_wconf 80' lang='grc' dir='ltr'><strong><em>ταῦτα</em></strong></span> <span class='ocrx_word' id='word_1_61' title='bbox 959 1252 1110 1337; x_wconf 76' lang='grc' dir='ltr'><strong><em>διαφέρει</em></strong></span> <span class='ocrx_word' id='word_1_62' title='bbox 1137 1251 1191 1318; x_wconf 81' lang='grc' dir='ltr'><strong><em>καὶ</em></strong></span> <span class='ocrx_word' id='word_1_63' title='bbox 1223 1250 1310 1321; x_wconf 84' lang='grc' dir='ltr'><strong><em>πολὺ</em></strong></span> 
     </span>
     <span class='ocr_line' id='line_1_9' title="bbox 167 1355 1311 1445; baseline 0.002 -21"><span class='ocrx_word' id='word_1_64' title='bbox 167 1361 294 1445; x_wconf 82' lang='grc' dir='ltr'><strong><em>μᾶλλον</em></strong></span> <span class='ocrx_word' id='word_1_65' title='bbox 322 1355 374 1425; x_wconf 87' lang='grc' dir='ltr'><strong><em>ότι</em></strong></span> <span class='ocrx_word' id='word_1_66' title='bbox 401 1355 483 1425; x_wconf 82' lang='grc' dir='ltr'><strong><em>κατὰ</em></strong></span> <span class='ocrx_word' id='word_1_67' title='bbox 511 1357 732 1444; x_wconf 76' lang='grc' dir='ltr'><strong><em>διαφέροντας</em></strong></span> <span class='ocrx_word' id='word_1_68' title='bbox 758 1361 890 1445; x_wconf 77' lang='grc' dir='ltr'><strong><em>ἵδρυται</em></strong></span> <span class='ocrx_word' id='word_1_69' title='bbox 916 1355 1055 1440; x_wconf 85' lang='grc' dir='ltr'><strong><em>τόπους,</em></strong></span> <span class='ocrx_word' id='word_1_70' title='bbox 1088 1357 1123 1423; x_wconf 78' lang='grc' dir='ltr'><strong><em>ἐκ</em></strong></span> <span class='ocrx_word' id='word_1_71' title='bbox 1154 1356 1216 1445; x_wconf 71' lang='grc' dir='ltr'><strong><em>μὲν</em></strong></span> <span class='ocrx_word' id='word_1_72' title='bbox 1242 1361 1311 1426; x_wconf 77' lang='grc' dir='ltr'><strong><em>τῶν</em></strong></span> 
     </span>
     <span class='ocr_line' id='line_1_10' title="bbox 168 1458 1310 1552; baseline 0 -20"><span class='ocrx_word' id='word_1_73' title='bbox 168 1467 233 1532; x_wconf 82' lang='grc' dir='ltr'><strong><em>νῦν</em></strong></span> <span class='ocrx_word' id='word_1_74' title='bbox 251 1465 509 1552; x_wconf 77' lang='grc' dir='ltr'><strong><em>λεχθησομένου</em></strong></span> <span class='ocrx_word' id='word_1_75' title='bbox 523 1463 781 1552; x_wconf 78' lang='grc' dir='ltr'><strong><em>ἐπιστημονικὴν</em></strong></span> <span class='ocrx_word' id='word_1_76' title='bbox 794 1460 965 1544; x_wconf 79' lang='grc' dir='ltr'><strong><em>ἀπόδειξιν</em></strong></span> <span class='ocrx_word' id='word_1_77' title='bbox 984 1458 1045 1532; x_wconf 85' lang='grc' dir='ltr'><strong><em>οὐκ</em></strong></span> <span class='ocrx_word' id='word_1_78' title='bbox 1059 1467 1166 1531; x_wconf 80' lang='grc' dir='ltr'><strong><em>ἔνεστι</em></strong></span> <span class='ocrx_word' id='word_1_79' title='bbox 1184 1470 1310 1551; x_wconf 83' lang='grc' dir='ltr'><strong><em>λαβεῖν,</em></strong></span> 
     </span>
     <span class='ocr_line' id='line_1_11' title="bbox 169 1566 1350 1662; baseline 0.002 -25"><span class='ocrx_word' id='word_1_80' title='bbox 169 1571 205 1637; x_wconf 76' lang='grc' dir='ltr'><strong><em>ἐν</em></strong></span> <span class='ocrx_word' id='word_1_81' title='bbox 236 1570 274 1638; x_wconf 71' lang='grc' dir='ltr'><strong><em>δὲ</em></strong></span> <span class='ocrx_word' id='word_1_82' title='bbox 305 1573 350 1662; x_wconf 75' lang='grc' dir='ltr'><strong><em>τῷ</em></strong></span> <span class='ocrx_word' id='word_1_83' title='bbox 382 1567 463 1659; x_wconf 86' lang='grc' dir='ltr'><strong><em>μετδι</em></strong></span> <span class='ocrx_word' id='word_1_84' title='bbox 494 1566 596 1637; x_wconf 84' lang='grc' dir='ltr'><strong><em>ταῦθ’</em></strong></span> <span class='ocrx_word' id='word_1_85' title='bbox 631 1567 841 1657; x_wconf 80' lang='grc' dir='ltr'><strong><em>ὑπομνήματι</em></strong></span> <span class='ocrx_word' id='word_1_86' title='bbox 873 1569 1118 1660; x_wconf 79' lang='grc' dir='ltr'><strong><em>γραφησομένῳ</em></strong></span> <span class='ocrx_word' id='word_1_87' title='bbox 1149 1597 1222 1658; x_wconf 89' lang='grc' dir='ltr'><strong><em>μοι,</em></strong></span> <span class='ocrx_word' id='word_1_88' title='bbox 1252 1575 1311 1658; x_wconf 81' lang='grc' dir='ltr'><strong><em>τῆς</em></strong></span> <span class='ocrx_word' id='word_1_89' title='bbox 1325 1593 1350 1631; x_wconf 88' lang='lat'><strong><em>¹⁰</em></strong></span> 
     </span>
     <span class='ocr_line' id='line_1_12' title="bbox 168 1673 1310 1767; baseline 0.002 -23"><span class='ocrx_word' id='word_1_90' title='bbox 168 1673 247 1764; x_wconf 83' lang='grc' dir='ltr'><strong><em>ὅλης</em></strong></span> <span class='ocrx_word' id='word_1_91' title='bbox 275 1681 498 1765; x_wconf 79' lang='grc' dir='ltr'><strong><em>πραγματείας</em></strong></span> <span class='ocrx_word' id='word_1_92' title='bbox 529 1677 611 1767; x_wconf 79' lang='grc' dir='ltr'><strong><em>ἕκτῳ</em></strong></span> <span class='ocrx_word' id='word_1_93' title='bbox 642 1675 844 1764; x_wconf 83' lang='grc' dir='ltr'><strong><em>γενήσεσθαι</em></strong></span> <span class='ocrx_word' id='word_1_94' title='bbox 871 1677 1041 1764; x_wconf 76' lang='grc' dir='ltr'><strong><em>μέλλοντι,</em></strong></span> <span class='ocrx_word' id='word_1_95' title='bbox 1069 1675 1125 1744; x_wconf 81' lang='grc' dir='ltr'><strong><em>διὰ</em></strong></span> <span class='ocrx_word' id='word_1_96' title='bbox 1159 1679 1310 1766; x_wconf 76' lang='grc' dir='ltr'><strong><em>ἐναργῶν</em></strong></span> 
     </span>
     <span class='ocr_line' id='line_1_13' title="bbox 169 1780 1311 1871; baseline 0.003 -21"><span class='ocrx_word' id='word_1_97' title='bbox 169 1783 348 1871; x_wconf 77' lang='grc' dir='ltr'><strong><em>λημμάτων</em></strong></span> <span class='ocrx_word' id='word_1_98' title='bbox 367 1780 643 1871; x_wconf 77' lang='grc' dir='ltr'><strong><em>ἀποδειχθήσεται</em></strong></span> <span class='ocrx_word' id='word_1_99' title='bbox 662 1783 744 1850; x_wconf 78' lang='grc' dir='ltr'><strong><em>κατὰ</em></strong></span> <span class='ocrx_word' id='word_1_100' title='bbox 766 1781 825 1863; x_wconf 82' lang='grc' dir='ltr'><strong><em>τὰς</em></strong></span> <span class='ocrx_word' id='word_1_101' title='bbox 837 1781 1073 1871; x_wconf 75' lang='grc' dir='ltr'><strong><em>Ἱπποκράτους</em></strong></span> <span class='ocrx_word' id='word_1_102' title='bbox 1094 1810 1128 1853; x_wconf 88' lang='grc' dir='ltr'><strong><em>τε</em></strong></span> <span class='ocrx_word' id='word_1_103' title='bbox 1147 1785 1201 1852; x_wconf 82' lang='grc' dir='ltr'><strong><em>καὶ</em></strong></span> <span class='ocrx_word' id='word_1_104' title='bbox 1222 1783 1311 1853; x_wconf 84' lang='grc' dir='ltr'><strong><em>Πλά-</em></strong></span> 
     </span>
     <span class='ocr_line' id='line_1_14' title="bbox 167 1886 1312 1978; baseline 0.001 -19"><span class='ocrx_word' id='word_1_105' title='bbox 167 1917 272 1970; x_wconf 91' lang='grc' dir='ltr'><strong><em>τωνος</em></strong></span> <span class='ocrx_word' id='word_1_106' title='bbox 294 1889 470 1978; x_wconf 83' lang='grc' dir='ltr'><strong><em>μεθόδους.</em></strong></span> <span class='ocrx_word' id='word_1_107' title='bbox 521 1891 631 1958; x_wconf 79' lang='grc' dir='ltr'><strong><em>ίστίον</em></strong></span> <span class='ocrx_word' id='word_1_108' title='bbox 658 1891 711 1975; x_wconf 78' lang='grc' dir='ltr'><strong><em>δι’,</em></strong></span> <span class='ocrx_word' id='word_1_109' title='bbox 738 1887 789 1958; x_wconf 84' lang='grc' dir='ltr'><strong><em>ὅτι</em></strong></span> <span class='ocrx_word' id='word_1_110' title='bbox 817 1889 871 1958; x_wconf 81' lang='grc' dir='ltr'><strong><em>καὶ</em></strong></span> <span class='ocrx_word' id='word_1_111' title='bbox 900 1886 917 1958; x_wconf 88' lang='grc' dir='ltr'>ὁ</span> <span class='ocrx_word' id='word_1_112' title='bbox 948 1889 1091 1959; x_wconf 80' lang='grc' dir='ltr'><strong><em>Πλάτων</em></strong></span> <span class='ocrx_word' id='word_1_113' title='bbox 1119 1889 1218 1971; x_wconf 86' lang='grc' dir='ltr'><strong><em>αὐτὸς</em></strong></span> <span class='ocrx_word' id='word_1_114' title='bbox 1245 1891 1312 1960; x_wconf 81' lang='grc' dir='ltr'><strong><em>ἐπί-</em></strong></span> 
     </span>
     <span class='ocr_line' id='line_1_15' title="bbox 169 1994 1311 2085; baseline 0.001 -20"><span class='ocrx_word' id='word_1_115' title='bbox 169 2017 282 2065; x_wconf 90' lang='grc' dir='ltr'><strong><em>σταται</em></strong></span> <span class='ocrx_word' id='word_1_116' title='bbox 301 1998 363 2084; x_wconf 76' lang='grc' dir='ltr'><strong><em>τὴν</em></strong></span> <span class='ocrx_word' id='word_1_117' title='bbox 382 1996 529 2084; x_wconf 87' lang='grc' dir='ltr'><strong><em>δύναμιν</em></strong></span> <span class='ocrx_word' id='word_1_118' title='bbox 546 1999 614 2063; x_wconf 77' lang='grc' dir='ltr'><strong><em>τῶν</em></strong></span> <span class='ocrx_word' id='word_1_119' title='bbox 633 1999 891 2084; x_wconf 74' lang='grc' dir='ltr'><strong><em>λεγθησομίνων</em></strong></span> <span class='ocrx_word' id='word_1_120' title='bbox 909 1994 1119 2079; x_wconf 74' lang='grc' dir='ltr'><strong><em>ἀποδείξεων.</em></strong></span> <span class='ocrx_word' id='word_1_121' title='bbox 1150 1996 1311 2085; x_wconf 78' lang='grc' dir='ltr'><strong><em>ἄρχεσθαι</em></strong></span> 
     </span>
     <span class='ocr_line' id='line_1_16' title="bbox 169 2096 1352 2192; baseline 0.002 -21"><span class='ocrx_word' id='word_1_122' title='bbox 169 2107 254 2190; x_wconf 86' lang='grc' dir='ltr'><strong><em>γοῦν</em></strong></span> <span class='ocrx_word' id='word_1_123' title='bbox 281 2101 393 2172; x_wconf 77' lang='grc' dir='ltr'><strong><em>αὐτῶν</em></strong></span> <span class='ocrx_word' id='word_1_124' title='bbox 426 2104 555 2190; x_wconf 76' lang='grc' dir='ltr'><strong><em>μέλλων</em></strong></span> <span class='ocrx_word' id='word_1_125' title='bbox 581 2101 660 2170; x_wconf 83' lang='grc' dir='ltr'><strong><em>τόδε</em></strong></span> <span class='ocrx_word' id='word_1_126' title='bbox 691 2102 899 2191; x_wconf 73' lang='grc' dir='ltr'><strong><em>προῦγρανε·</em></strong></span> <span class='ocrx_word' id='word_1_127' title='bbox 932 2105 1002 2172; x_wconf 56' lang='grc' dir='ltr'><strong><em>εκαὶ</em></strong></span> <span class='ocrx_word' id='word_1_128' title='bbox 1031 2096 1069 2172; x_wconf 85' lang='grc' dir='ltr'><strong><em>εὖ</em></strong></span> <span class='ocrx_word' id='word_1_129' title='bbox 1100 2101 1131 2190; x_wconf 88' lang='grc' dir='ltr'><strong><em>γ’</em></strong></span> <span class='ocrx_word' id='word_1_130' title='bbox 1163 2113 1254 2192; x_wconf 89' lang='grc' dir='ltr'><strong><em>ίσθι,</em></strong></span> <span class='ocrx_word' id='word_1_131' title='bbox 1285 2097 1352 2173; x_wconf 76' lang='lat' dir='ltr'><strong>ala</strong></span> 
     </span>
     <span class='ocr_line' id='line_1_17' title="bbox 170 2205 1377 2298; baseline 0.008 -22"><span class='ocrx_word' id='word_1_132' title='bbox 170 2208 354 2294; x_wconf 62' lang='lat' dir='ltr'><strong>‘mortuom</strong></span> <span class='ocrx_word' id='word_1_133' title='bbox 379 2209 384 2298; x_wconf 87' lang='lat' dir='ltr'><strong>l</strong></span> <span class='ocrx_word' id='word_1_134' title='bbox 409 2205 453 2288; x_wconf 79' lang='grc' dir='ltr'><strong><em>ὡς</em></strong></span> <span class='ocrx_word' id='word_1_135' title='bbox 475 2206 495 2296; x_wconf 83' lang='grc' dir='ltr'><em>ἡ</em></span> <span class='ocrx_word' id='word_1_136' title='bbox 519 2207 579 2297; x_wconf 80' lang='grc' dir='ltr'><strong><em>ἐμὴ</em></strong></span> <span class='ocrx_word' id='word_1_137' title='bbox 604 2209 696 2294; x_wconf 82' lang='grc' dir='ltr'><strong><em>δόξα,</em></strong></span> <span class='ocrx_word' id='word_1_138' title='bbox 719 2206 863 2297; x_wconf 75' lang='grc' dir='ltr'><strong><em>’ἀκριβῶς</em></strong></span> <span class='ocrx_word' id='word_1_139' title='bbox 885 2210 947 2298; x_wconf 73' lang='grc' dir='ltr'><strong><em>μὲν</em></strong></span> <span class='ocrx_word' id='word_1_140' title='bbox 968 2213 1067 2290; x_wconf 82' lang='grc' dir='ltr'><strong><em>τοῦτο</em></strong></span> <span class='ocrx_word' id='word_1_141' title='bbox 1092 2211 1126 2278; x_wconf 81' lang='grc' dir='ltr'><strong><em>ἐκ</em></strong></span> <span class='ocrx_word' id='word_1_142' title='bbox 1148 2210 1312 2280; x_wconf 79' lang='grc' dir='ltr'><strong><em>τοιούτων</em></strong></span> <span class='ocrx_word' id='word_1_143' title='bbox 1321 2228 1377 2286; x_wconf 75' lang='grc'><strong><em>481</em></strong></span> 
     </span>
    </p>
   </div>
   <div class='ocr_carea' id='block_1_3' title="bbox 169 2453 1312 2616">
    <p class='ocr_par' dir='ltr' id='par_1_4' title="bbox 169 2453 1311 2602">
     <span class='ocr_line' id='line_1_18' title="bbox 205 2453 1311 2570; baseline 0.001 -56"><span class='ocrx_word' id='word_1_144' title='bbox 205 2467 221 2514; x_wconf 78' lang='lat'>2</span> <span class='ocrx_word' id='word_1_145' title='bbox 250 2455 489 2528; x_wconf 76' lang='grc' dir='ltr'><strong><em>ἅναντιρρητικός</em></strong></span> <span class='ocrx_word' id='word_1_146' title='bbox 514 2453 582 2512; x_wconf 91' lang='lat' dir='ltr'><strong><em>L’</em></strong></span> <span class='ocrx_word' id='word_1_147' title='bbox 564 2453 783 2527; x_wconf 78' lang='grc' dir='ltr'><strong><em>αναιτῆρρήτως</em></strong></span> <span class='ocrx_word' id='word_1_148' title='bbox 811 2458 870 2530; x_wconf 82' lang='lat' dir='ltr'><strong>(sic)</strong></span> <span class='ocrx_word' id='word_1_149' title='bbox 897 2457 997 2514; x_wconf 93' lang='lat' dir='ltr'><strong><em>M—</em></strong></span> <span class='ocrx_word' id='word_1_150' title='bbox 1029 2455 1233 2570; x_wconf 52' lang='grc' dir='ltr'><strong><em>ηηθησομίνων</em></strong></span> <span class='ocrx_word' id='word_1_151' title='bbox 1261 2477 1311 2548; x_wconf 73' lang='lat' dir='ltr'><strong>pro</strong></span> 
     </span>
     <span class='ocr_line' id='line_1_19' title="bbox 169 2526 1312 2616; baseline -0.001 -29"><span class='ocrx_word' id='word_1_152' title='bbox 169 2535 320 2602; x_wconf 76' lang='grc' dir='ltr'><strong><em>λεχθησομ.</em></strong></span> <span class='ocrx_word' id='word_1_153' title='bbox 340 2531 455 2587; x_wconf 85' lang='grc' dir='ltr'><strong><em>ΡΡ.-</em></strong></span> <span class='ocrx_word' id='word_1_154' title='bbox 479 2529 788 2598; x_wconf 67' lang='grc' dir='ltr'><strong><em>ἑῖιιιιτατιιευιιιοθηΡ1</em></strong></span> <span class='ocrx_word' id='word_1_155' title='bbox 814 2561 846 2570; x_wconf 94' lang='grc'><strong>-</strong></span> <span class='ocrx_word' id='word_1_156' title='bbox 868 2527 1051 2616; x_wconf 71' lang='grc' dir='ltr'><strong><em>θήσεταιΡ.</em></strong></span> <span class='ocrx_word' id='word_1_157' title='bbox 1133 2526 1312 2601; x_wconf 80' lang='grc' dir='ltr'><strong><em>4Ἅριστοτὲ</em></strong></span> 
     </span>
    </p>
   </div>
   <div class='ocr_carea' id='block_1_4' title="bbox 170 2597 1312 2760">
    <p class='ocr_par' dir='ltr' id='par_1_5' title="bbox 170 2597 1312 2741">
     <span class='ocr_line' id='line_1_20' title="bbox 170 2597 1312 2666; baseline -0.002 -9"><span class='ocrx_word' id='word_1_158' title='bbox 170 2608 288 2666; x_wconf 87' lang='grc' dir='ltr'><strong><em>λους-</em></strong></span> <span class='ocrx_word' id='word_1_159' title='bbox 308 2597 511 2664; x_wconf 83' lang='grc' dir='ltr'><strong><em>Πλότωνος-</em></strong></span> <span class='ocrx_word' id='word_1_160' title='bbox 531 2603 724 2656; x_wconf 86' lang='grc' dir='ltr'><strong><em>Ποσειδωνίου</em></strong></span> <span class='ocrx_word' id='word_1_161' title='bbox 743 2600 939 2656; x_wconf 46' lang='grc' dir='ltr'><strong><em>ΑΒΟΙιΚμ-</em></strong></span> <span class='ocrx_word' id='word_1_162' title='bbox 963 2597 1046 2658; x_wconf 79' lang='grc' dir='ltr'><strong><em>δὸτι</em></strong></span> <span class='ocrx_word' id='word_1_163' title='bbox 1069 2599 1101 2656; x_wconf 76' lang='lat' dir='ltr'><strong><em>ol</em></strong></span> <span class='ocrx_word' id='word_1_164' title='bbox 1125 2603 1174 2656; x_wconf 80' lang='grc' dir='ltr'><strong><em>καλ</em></strong></span> <span class='ocrx_word' id='word_1_165' title='bbox 1197 2601 1255 2656; x_wconf 75' lang='lat' dir='ltr'><strong><em>FP.</em></strong></span> <span class='ocrx_word' id='word_1_166' title='bbox 1277 2634 1312 2642; x_wconf 93' lang='grc'>-</span> 
     </span>
     <span class='ocr_line' id='line_1_21' title="bbox 171 2668 1311 2760; baseline -0.001 -31"><span class='ocrx_word' id='word_1_167' title='bbox 171 2671 253 2730; x_wconf 70' lang='lat' dir='ltr'><strong>Stre</strong></span> <span class='ocrx_word' id='word_1_168' title='bbox 276 2690 327 2744; x_wconf 90' lang='lat' dir='ltr'><strong>pro</strong></span> <span class='ocrx_word' id='word_1_169' title='bbox 352 2693 395 2727; x_wconf 89' lang='grc' dir='ltr'><strong><em>οτι</em></strong></span> <span class='ocrx_word' id='word_1_170' title='bbox 415 2671 528 2728; x_wconf 78' lang='lat' dir='ltr'><strong><em>FP</em></strong></span> <span class='ocrx_word' id='word_1_171' title='bbox 554 2668 725 2742; x_wconf 79' lang='grc' dir='ltr'><strong><em>9ἐπιστημο</em></strong></span> <span class='ocrx_word' id='word_1_172' title='bbox 727 2672 927 2728; x_wconf 78' lang='grc' dir='ltr'><strong><em>νιιῶνΜ.-</em></strong></span> <span class='ocrx_word' id='word_1_173' title='bbox 956 2681 988 2728; x_wconf 88' lang='grc'><strong><em>13</em></strong></span> <span class='ocrx_word' id='word_1_174' title='bbox 1013 2669 1206 2729; x_wconf 77' lang='lat' dir='ltr'><strong>bom.L.—</strong></span> <span class='ocrx_word' id='word_1_175' title='bbox 1233 2668 1311 2760; x_wconf 75' lang='grc' dir='ltr'><strong><em>λίγ’</em></strong></span> 
     </span>
    </p>
   </div>
   <div class='ocr_carea' id='block_1_5' title="bbox 170 2692 1313 2886">
    <p class='ocr_par' dir='ltr' id='par_1_6' title="bbox 170 2692 1313 2886">
     <span class='ocr_line' id='line_1_22' title="bbox 170 2692 1313 2830; baseline 0.001 -32"><span class='ocrx_word' id='word_1_176' title='bbox 170 2760 225 2798; x_wconf 85' lang='lat' dir='ltr'><strong>orn.</strong></span> <span class='ocrx_word' id='word_1_177' title='bbox 249 2692 482 2830; x_wconf 62' lang='grc' dir='ltr'><strong><em>ΜΡΡΡΑΒΟθΚ;</em></strong></span> <span class='ocrx_word' id='word_1_178' title='bbox 506 2743 540 2798; x_wconf 81' lang='lat' dir='ltr'><strong>cf.</strong></span> <span class='ocrx_word' id='word_1_179' title='bbox 560 2743 632 2798; x_wconf 87' lang='lat' dir='ltr'><strong>Plat.</strong></span> <span class='ocrx_word' id='word_1_180' title='bbox 657 2744 725 2814; x_wconf 83' lang='lat' dir='ltr'><strong>Rep.</strong></span> <span class='ocrx_word' id='word_1_181' title='bbox 749 2743 787 2796; x_wconf 86' lang='lat' dir='ltr'><strong><em>IV</em></strong></span> <span class='ocrx_word' id='word_1_182' title='bbox 810 2761 837 2814; x_wconf 91' lang='lat' dir='ltr'><strong><em>p.</em></strong></span> <span class='ocrx_word' id='word_1_183' title='bbox 856 2745 1016 2799; x_wconf 72' lang='lat'><strong>4361).-</strong></span> <span class='ocrx_word' id='word_1_184' title='bbox 1041 2735 1063 2799; x_wconf 81' lang='grc' dir='ltr'><strong><em>τό</em></strong></span> <span class='ocrx_word' id='word_1_185' title='bbox 1089 2739 1267 2798; x_wconf 83' lang='grc' dir='ltr'><strong><em>Γλαόκων”</em></strong></span> <span class='ocrx_word' id='word_1_186' title='bbox 1247 2764 1313 2814; x_wconf 80' lang='grc' dir='ltr'><strong><em>αγρι</em></strong></span> 
     </span>
     <span class='ocr_line' id='line_1_23' title="bbox 170 2785 1194 2886; baseline 0.001 -17"><span class='ocrx_word' id='word_1_187' title='bbox 170 2816 221 2869; x_wconf 81' lang='grc' dir='ltr'><strong><em>τοῦ</em></strong></span> <span class='ocrx_word' id='word_1_188' title='bbox 241 2809 274 2870; x_wconf 81' lang='lat' dir='ltr'><strong>ori</strong></span> <span class='ocrx_word' id='word_1_189' title='bbox 294 2811 400 2886; x_wconf 81' lang='grc' dir='ltr'><strong><em>μήποτε</em></strong></span> <span class='ocrx_word' id='word_1_190' title='bbox 419 2785 549 2886; x_wconf 67' lang='grc' dir='ltr'><strong><em>λάβωμεν</em></strong></span> <span class='ocrx_word' id='word_1_191' title='bbox 568 2816 606 2885; x_wconf 94' lang='lat' dir='ltr'><strong><em>(p.</em></strong></span> <span class='ocrx_word' id='word_1_192' title='bbox 625 2821 686 2882; x_wconf 77' lang='lat' dir='ltr'><strong>loa,</strong></span> <span class='ocrx_word' id='word_1_193' title='bbox 708 2817 733 2884; x_wconf 91' lang='lat'><strong><em>1)</em></strong></span> <span class='ocrx_word' id='word_1_194' title='bbox 752 2815 861 2870; x_wconf 82' lang='grc' dir='ltr'><strong><em>ΡΡ.-</em></strong></span> <span class='ocrx_word' id='word_1_195' title='bbox 884 2822 916 2870; x_wconf 86' lang='grc'><strong><em>16</em></strong></span> <span class='ocrx_word' id='word_1_196' title='bbox 935 2815 1019 2870; x_wconf 82' lang='grc' dir='ltr'><strong><em>τοῦτο</em></strong></span> <span class='ocrx_word' id='word_1_197' title='bbox 1037 2832 1091 2870; x_wconf 90' lang='lat' dir='ltr'><strong><em>om.</em></strong></span> <span class='ocrx_word' id='word_1_198' title='bbox 1111 2816 1140 2870; x_wconf 93' lang='lat' dir='ltr'><strong><em>L.</em></strong></span> <span class='ocrx_word' id='word_1_199' title='bbox 1161 2847 1194 2856; x_wconf 91' lang='lat'><strong><em>—-</em></strong></span> 
     </span>
    </p>
   </div>
   <div class='ocr_carea' id='block_1_6' title="bbox 171 2963 381 2972">
    <p class='ocr_par' dir='ltr' id='par_1_7' title="bbox 171 2963 381 2972">
     <span class='ocr_line' id='line_1_24' title="bbox 171 2963 381 2972; baseline 0 -2"><span class='ocrx_word' id='word_1_200' title='bbox 171 2965 182 2970; x_wconf 90' lang='lat'>-</span> <span class='ocrx_word' id='word_1_201' title='bbox 221 2963 381 2972; x_wconf 65' lang='lat'>————-——</span> 
     </span>
    </p>
   </div>
   <div class='ocr_carea' id='block_1_7' title="bbox 170 3065 1418 4550">
    <p class='ocr_par' dir='ltr' id='par_1_8' title="bbox 170 3065 1418 4550">
     <span class='ocr_line' id='line_1_25' title="bbox 171 3065 1313 3154; baseline -0.002 -20"><span class='ocrx_word' id='word_1_202' title='bbox 171 3091 266 3135; x_wconf 84' lang='lat' dir='ltr'><strong>nomo</strong></span> <span class='ocrx_word' id='word_1_203' title='bbox 283 3067 475 3154; x_wconf 80' lang='lat' dir='ltr'><strong>impugnare</strong></span> <span class='ocrx_word' id='word_1_204' title='bbox 493 3067 607 3152; x_wconf 86' lang='lat' dir='ltr'><strong>possit,</strong></span> <span class='ocrx_word' id='word_1_205' title='bbox 624 3067 875 3134; x_wconf 86' lang='lat' dir='ltr'><strong>demonstratur.</strong></span> <span class='ocrx_word' id='word_1_206' title='bbox 911 3065 1003 3132; x_wconf 84' lang='lat' dir='ltr'>Unde</span> <span class='ocrx_word' id='word_1_207' title='bbox 1022 3068 1088 3151; x_wconf 88' lang='lat' dir='ltr'><strong>fiet,</strong></span> <span class='ocrx_word' id='word_1_208' title='bbox 1106 3071 1144 3132; x_wconf 90' lang='lat' dir='ltr'><strong><em>ut</em></strong></span> <span class='ocrx_word' id='word_1_209' title='bbox 1157 3067 1255 3133; x_wconf 87' lang='lat' dir='ltr'><strong>etiam</strong></span> <span class='ocrx_word' id='word_1_210' title='bbox 1275 3089 1313 3133; x_wconf 83' lang='lat' dir='ltr'><strong>ex</strong></span> 
     </span>
     <span class='ocr_line' id='line_1_26' title="bbox 170 3171 1314 3260; baseline -0.002 -20"><span class='ocrx_word' id='word_1_211' title='bbox 170 3175 234 3258; x_wconf 90' lang='lat' dir='ltr'><strong>his,</strong></span> <span class='ocrx_word' id='word_1_212' title='bbox 248 3197 330 3260; x_wconf 91' lang='lat' dir='ltr'><strong>quae</strong></span> <span class='ocrx_word' id='word_1_213' title='bbox 339 3174 458 3240; x_wconf 88' lang='lat' dir='ltr'><strong>dicturi</strong></span> <span class='ocrx_word' id='word_1_214' title='bbox 473 3197 593 3258; x_wconf 91' lang='lat' dir='ltr'><strong>sumus,</strong></span> <span class='ocrx_word' id='word_1_215' title='bbox 608 3171 783 3260; x_wconf 81' lang='lat' dir='ltr'>Chrysippi</span> <span class='ocrx_word' id='word_1_216' title='bbox 799 3175 1006 3240; x_wconf 84' lang='lat' dir='ltr'><strong>subvertatur</strong></span> <span class='ocrx_word' id='word_1_217' title='bbox 1015 3173 1136 3258; x_wconf 91' lang='lat' dir='ltr'><strong>opinio,</strong></span> <span class='ocrx_word' id='word_1_218' title='bbox 1145 3197 1314 3240; x_wconf 89' lang='lat' dir='ltr'><strong>commune</strong></span> 
     </span>
     <span class='ocr_line' id='line_1_27' title="bbox 171 3280 1316 3366; baseline -0.002 -19"><span class='ocrx_word' id='word_1_219' title='bbox 171 3286 280 3348; x_wconf 86' lang='lat' dir='ltr'><strong>autem</strong></span> <span class='ocrx_word' id='word_1_220' title='bbox 298 3281 496 3364; x_wconf 84' lang='lat' dir='ltr'><strong>Aristotelis,</strong></span> <span class='ocrx_word' id='word_1_221' title='bbox 519 3281 665 3346; x_wconf 88' lang='lat' dir='ltr'><strong>Platonis</strong></span> <span class='ocrx_word' id='word_1_222' title='bbox 688 3280 918 3366; x_wconf 88' lang='lat' dir='ltr'><strong>Posidoniiquc</strong></span> <span class='ocrx_word' id='word_1_223' title='bbox 941 3281 1105 3347; x_wconf 85' lang='lat' dir='ltr'><strong>decretum</strong></span> <span class='ocrx_word' id='word_1_224' title='bbox 1128 3281 1316 3346; x_wconf 65' lang='lat' dir='ltr'><strong>stabiliatur</strong></span> 
     </span>
     <span class='ocr_line' id='line_1_28' title="bbox 172 3388 1315 3473; baseline 0 -20"><span class='ocrx_word' id='word_1_225' title='bbox 172 3388 385 3454; x_wconf 78' lang='lat' dir='ltr'><strong>statuentium</strong></span> <span class='ocrx_word' id='word_1_226' title='bbox 410 3388 522 3472; x_wconf 89' lang='lat' dir='ltr'><strong>aliam,</strong></span> <span class='ocrx_word' id='word_1_227' title='bbox 549 3409 614 3472; x_wconf 86' lang='lat' dir='ltr'><strong>qua</strong></span> <span class='ocrx_word' id='word_1_228' title='bbox 641 3389 884 3472; x_wconf 64' lang='lat' dir='ltr'><strong>ratiocinemur,</strong></span> <span class='ocrx_word' id='word_1_229' title='bbox 907 3389 1019 3472; x_wconf 89' lang='lat' dir='ltr'><strong>aliam,</strong></span> <span class='ocrx_word' id='word_1_230' title='bbox 1043 3410 1106 3473; x_wconf 91' lang='lat' dir='ltr'><strong>qua</strong></span> <span class='ocrx_word' id='word_1_231' title='bbox 1128 3389 1315 3472; x_wconf 86' lang='lat' dir='ltr'><strong>irascamur,</strong></span> 
     </span>
     <span class='ocr_line' id='line_1_29' title="bbox 173 3494 1315 3580; baseline 0.002 -23"><span class='ocrx_word' id='word_1_232' title='bbox 173 3495 281 3578; x_wconf 89' lang='lat' dir='ltr'><strong>aliam,</strong></span> <span class='ocrx_word' id='word_1_233' title='bbox 304 3517 368 3580; x_wconf 90' lang='lat' dir='ltr'><strong>qua</strong></span> <span class='ocrx_word' id='word_1_234' title='bbox 391 3495 670 3580; x_wconf 80' lang='lat' dir='ltr'><strong>concupiscamus,</strong></span> <span class='ocrx_word' id='word_1_235' title='bbox 694 3517 764 3561; x_wconf 88' lang='lat' dir='ltr'><strong>esse</strong></span> <span class='ocrx_word' id='word_1_236' title='bbox 787 3495 986 3561; x_wconf 76' lang='lat' dir='ltr'><strong>facultatem.</strong></span> <span class='ocrx_word' id='word_1_237' title='bbox 1031 3494 1103 3560; x_wconf 90' lang='lat' dir='ltr'><strong><em>Hae</em></strong></span> <span class='ocrx_word' id='word_1_238' title='bbox 1125 3501 1237 3564; x_wconf 86' lang='lat' dir='ltr'><strong>tamen</strong></span> <span class='ocrx_word' id='word_1_239' title='bbox 1259 3517 1315 3560; x_wconf 90' lang='lat' dir='ltr'><strong><em>cur</em></strong></span> 
     </span>
     <span class='ocr_line' id='line_1_30' title="bbox 173 3601 1314 3688; baseline 0.004 -24"><span class='ocrx_word' id='word_1_240' title='bbox 173 3601 358 3667; x_wconf 84' lang='lat' dir='ltr'><strong>substantia</strong></span> <span class='ocrx_word' id='word_1_241' title='bbox 379 3603 464 3668; x_wconf 87' lang='lat' dir='ltr'><strong>inter</strong></span> <span class='ocrx_word' id='word_1_242' title='bbox 490 3624 524 3666; x_wconf 91' lang='lat' dir='ltr'><strong>se</strong></span> <span class='ocrx_word' id='word_1_243' title='bbox 548 3601 697 3668; x_wconf 87' lang='lat' dir='ltr'><strong>differant</strong></span> <span class='ocrx_word' id='word_1_244' title='bbox 720 3604 753 3666; x_wconf 88' lang='lat' dir='ltr'><strong><em>et</em></strong></span> <span class='ocrx_word' id='word_1_245' title='bbox 779 3603 882 3668; x_wconf 90' lang='lat' dir='ltr'><strong>multo</strong></span> <span class='ocrx_word' id='word_1_246' title='bbox 911 3603 1017 3688; x_wconf 87' lang='lat' dir='ltr'><strong>magis</strong></span> <span class='ocrx_word' id='word_1_247' title='bbox 1040 3625 1098 3667; x_wconf 91' lang='lat' dir='ltr'><strong><em>cur</em></strong></span> <span class='ocrx_word' id='word_1_248' title='bbox 1119 3603 1257 3669; x_wconf 82' lang='lat' dir='ltr'><strong>diversis</strong></span> <span class='ocrx_word' id='word_1_249' title='bbox 1279 3603 1314 3668; x_wconf 90' lang='lat' dir='ltr'><strong><em>in</em></strong></span> 
     </span>
     <span class='ocr_line' id='line_1_31' title="bbox 171 3707 1315 3794; baseline 0.003 -23"><span class='ocrx_word' id='word_1_250' title='bbox 171 3707 253 3772; x_wconf 89' lang='lat' dir='ltr'><strong>locis</strong></span> <span class='ocrx_word' id='word_1_251' title='bbox 277 3709 453 3774; x_wconf 84' lang='lat' dir='ltr'><strong>collocatae</strong></span> <span class='ocrx_word' id='word_1_252' title='bbox 477 3710 550 3792; x_wconf 89' lang='lat' dir='ltr'><strong>sint,</strong></span> <span class='ocrx_word' id='word_1_253' title='bbox 574 3732 612 3774; x_wconf 83' lang='lat' dir='ltr'><strong>ex</strong></span> <span class='ocrx_word' id='word_1_254' title='bbox 635 3710 686 3794; x_wconf 90' lang='lat' dir='ltr'><strong>iis,</strong></span> <span class='ocrx_word' id='word_1_255' title='bbox 708 3731 790 3794; x_wconf 84' lang='lat' dir='ltr'><strong>quae</strong></span> <span class='ocrx_word' id='word_1_256' title='bbox 813 3731 898 3776; x_wconf 92' lang='lat' dir='ltr'><strong>nunc</strong></span> <span class='ocrx_word' id='word_1_257' title='bbox 916 3710 1075 3793; x_wconf 89' lang='lat' dir='ltr'><strong>dicentur,</strong></span> <span class='ocrx_word' id='word_1_258' title='bbox 1098 3709 1181 3774; x_wconf 89' lang='lat' dir='ltr'><strong>nihil</strong></span> <span class='ocrx_word' id='word_1_259' title='bbox 1199 3711 1315 3794; x_wconf 87' lang='lat' dir='ltr'><strong>proba-</strong></span> 
     </span>
     <span class='ocr_line' id='line_1_32' title="bbox 171 3813 1315 3902; baseline 0.004 -25"><span class='ocrx_word' id='word_1_260' title='bbox 171 3813 282 3898; x_wconf 87' lang='lat' dir='ltr'><strong>tionis,</strong></span> <span class='ocrx_word' id='word_1_261' title='bbox 305 3837 386 3899; x_wconf 88' lang='lat' dir='ltr'><strong>quae</strong></span> <span class='ocrx_word' id='word_1_262' title='bbox 410 3815 537 3900; x_wconf 90' lang='lat' dir='ltr'><strong>quidem</strong></span> <span class='ocrx_word' id='word_1_263' title='bbox 561 3817 778 3882; x_wconf 84' lang='lat' dir='ltr'><strong>subtilitatem</strong></span> <span class='ocrx_word' id='word_1_264' title='bbox 801 3815 935 3902; x_wconf 84' lang='lat' dir='ltr'><strong>habeat,</strong></span> <span class='ocrx_word' id='word_1_265' title='bbox 959 3818 1067 3882; x_wconf 87' lang='lat' dir='ltr'><strong>afferri</strong></span> <span class='ocrx_word' id='word_1_266' title='bbox 1089 3817 1179 3902; x_wconf 86' lang='lat' dir='ltr'><strong>licet,</strong></span> <span class='ocrx_word' id='word_1_267' title='bbox 1203 3817 1257 3883; x_wconf 88' lang='lat' dir='ltr'><strong>sed</strong></span> <span class='ocrx_word' id='word_1_268' title='bbox 1281 3817 1315 3882; x_wconf 92' lang='lat' dir='ltr'><strong><em>in</em></strong></span> 
     </span>
     <span class='ocr_line' id='line_1_33' title="bbox 172 3921 1314 4008; baseline 0.003 -24"><span class='ocrx_word' id='word_1_269' title='bbox 172 3921 321 4004; x_wconf 86' lang='lat' dir='ltr'><strong>proximo</strong></span> <span class='ocrx_word' id='word_1_270' title='bbox 344 3921 438 4004; x_wconf 90' lang='lat' dir='ltr'><strong>libro,</strong></span> <span class='ocrx_word' id='word_1_271' title='bbox 461 3943 556 4007; x_wconf 82' lang='lat' dir='ltr'><strong>quem</strong></span> <span class='ocrx_word' id='word_1_272' title='bbox 578 3924 721 3988; x_wconf 84' lang='lat' dir='ltr'><strong>universi</strong></span> <span class='ocrx_word' id='word_1_273' title='bbox 743 3923 839 3989; x_wconf 83' lang='lat' dir='ltr'><strong>huius</strong></span> <span class='ocrx_word' id='word_1_274' title='bbox 859 3925 966 4008; x_wconf 84' lang='lat' dir='ltr'><strong>operis</strong></span> <span class='ocrx_word' id='word_1_275' title='bbox 990 3929 1116 3990; x_wconf 74' lang='lat' dir='ltr'><strong>sextum</strong></span> <span class='ocrx_word' id='word_1_276' title='bbox 1136 3924 1314 4008; x_wconf 86' lang='lat' dir='ltr'><strong>scripturus</strong></span> 
     </span>
     <span class='ocr_line' id='line_1_34' title="bbox 172 4015 1315 4118; baseline 0.003 -27"><span class='ocrx_word' id='word_1_277' title='bbox 172 4050 254 4112; x_wconf 89' lang='lat' dir='ltr'><strong>sum,</strong></span> <span class='ocrx_word' id='word_1_278' title='bbox 272 4015 448 4093; x_wconf 75' lang='lat' dir='ltr'><strong>disserendi</strong></span> <span class='ocrx_word' id='word_1_279' title='bbox 467 4029 627 4095; x_wconf 87' lang='lat' dir='ltr'><strong>rationem</strong></span> <span class='ocrx_word' id='word_1_280' title='bbox 646 4031 687 4095; x_wconf 90' lang='lat' dir='ltr'><strong>ab</strong></span> <span class='ocrx_word' id='word_1_281' title='bbox 701 4029 900 4116; x_wconf 86' lang='lat' dir='ltr'><strong>Hippocrate</strong></span> <span class='ocrx_word' id='word_1_282' title='bbox 919 4031 1117 4118; x_wconf 90' lang='lat' dir='ltr'><strong>Platoncque</strong></span> <span class='ocrx_word' id='word_1_283' title='bbox 1135 4031 1315 4116; x_wconf 85' lang='lat' dir='ltr'><strong>profectam</strong></span> 
     </span>
     <span class='ocr_line' id='line_1_35' title="bbox 172 4134 1315 4223; baseline 0.003 -24"><span class='ocrx_word' id='word_1_284' title='bbox 172 4139 302 4200; x_wconf 88' lang='lat' dir='ltr'><strong>secutus</strong></span> <span class='ocrx_word' id='word_1_285' title='bbox 339 4134 577 4202; x_wconf 87' lang='lat' dir='ltr'><strong>demonstrabo.</strong></span> <span class='ocrx_word' id='word_1_286' title='bbox 632 4135 694 4202; x_wconf 84' lang='lat' dir='ltr'><strong>Sed</strong></span> <span class='ocrx_word' id='word_1_287' title='bbox 730 4137 812 4203; x_wconf 90' lang='lat' dir='ltr'><strong>scito</strong></span> <span class='ocrx_word' id='word_1_288' title='bbox 848 4137 965 4203; x_wconf 89' lang='lat' dir='ltr'><strong>harum</strong></span> <span class='ocrx_word' id='word_1_289' title='bbox 1002 4161 1082 4223; x_wconf 88' lang='lat' dir='ltr'><strong>quas</strong></span> <span class='ocrx_word' id='word_1_290' title='bbox 1119 4137 1315 4223; x_wconf 88' lang='lat' dir='ltr'><strong>subiungam</strong></span> 
     </span>
     <span class='ocr_line' id='line_1_36' title="bbox 172 4241 1314 4340; baseline 0.002 -34"><span class='ocrx_word' id='word_1_291' title='bbox 172 4241 487 4340; x_wconf 83' lang='lat' dir='ltr'><strong>demonstrationum</strong></span> <span class='ocrx_word' id='word_1_292' title='bbox 509 4243 575 4309; x_wconf 87' lang='lat' dir='ltr'><strong><em>vim</em></strong></span> <span class='ocrx_word' id='word_1_293' title='bbox 598 4267 639 4308; x_wconf 89' lang='lat' dir='ltr'><strong>ne</strong></span> <span class='ocrx_word' id='word_1_294' title='bbox 657 4243 828 4310; x_wconf 87' lang='lat' dir='ltr'><strong>Platonem</strong></span> <span class='ocrx_word' id='word_1_295' title='bbox 847 4245 976 4330; x_wconf 87' lang='lat' dir='ltr'><strong>quidem</strong></span> <span class='ocrx_word' id='word_1_296' title='bbox 999 4245 1158 4329; x_wconf 89' lang='lat' dir='ltr'><strong>ignorare,</strong></span> <span class='ocrx_word' id='word_1_297' title='bbox 1181 4246 1236 4329; x_wconf 89' lang='lat' dir='ltr'><strong><em>qui</em></strong></span> <span class='ocrx_word' id='word_1_298' title='bbox 1259 4267 1314 4308; x_wconf 89' lang='lat' dir='ltr'><strong><em>cas</em></strong></span> 
     </span>
     <span class='ocr_line' id='line_1_37' title="bbox 173 4349 1316 4436; baseline 0 -20"><span class='ocrx_word' id='word_1_299' title='bbox 173 4371 387 4436; x_wconf 82' lang='lat' dir='ltr'><strong>aggressurus</strong></span> <span class='ocrx_word' id='word_1_300' title='bbox 410 4349 457 4415; x_wconf 88' lang='lat' dir='ltr'><strong><em>ita</em></strong></span> <span class='ocrx_word' id='word_1_301' title='bbox 479 4351 646 4435; x_wconf 86' lang='lat' dir='ltr'><strong>praelatus</strong></span> <span class='ocrx_word' id='word_1_302' title='bbox 670 4355 734 4416; x_wconf 87' lang='lat' dir='ltr'><strong>est:</strong></span> <span class='ocrx_word' id='word_1_303' title='bbox 784 4351 852 4416; x_wconf 77' lang='lat' dir='ltr'><strong>‘Ac</strong></span> <span class='ocrx_word' id='word_1_304' title='bbox 881 4354 986 4416; x_wconf 85' lang='lat' dir='ltr'><strong>certo</strong></span> <span class='ocrx_word' id='word_1_305' title='bbox 1015 4351 1130 4435; x_wconf 92' lang='lat' dir='ltr'><strong>scito,</strong></span> <span class='ocrx_word' id='word_1_306' title='bbox 1159 4349 1316 4436; x_wconf 86' lang='lat' dir='ltr'><strong>Glauco,</strong></span> 
     </span>
     <span class='ocr_line' id='line_1_38' title="bbox 172 4457 1418 4550; baseline 0.001 -27"><span class='ocrx_word' id='word_1_307' title='bbox 172 4481 256 4524; x_wconf 89' lang='lat' dir='ltr'><strong><em>mea</em></strong></span> <span class='ocrx_word' id='word_1_308' title='bbox 283 4459 433 4543; x_wconf 90' lang='lat' dir='ltr'><strong>quidem</strong></span> <span class='ocrx_word' id='word_1_309' title='bbox 462 4459 657 4526; x_wconf 85' lang='lat' dir='ltr'><strong>sententia</strong></span> <span class='ocrx_word' id='word_1_310' title='bbox 684 4481 756 4524; x_wconf 91' lang='lat' dir='ltr'><strong><em>nos</em></strong></span> <span class='ocrx_word' id='word_1_311' title='bbox 783 4458 869 4543; x_wconf 91' lang='lat' dir='ltr'><strong>hac,</strong></span> <span class='ocrx_word' id='word_1_312' title='bbox 895 4479 968 4542; x_wconf 91' lang='lat' dir='ltr'><strong>qua</strong></span> <span class='ocrx_word' id='word_1_313' title='bbox 996 4481 1093 4524; x_wconf 89' lang='lat' dir='ltr'><strong>nunc</strong></span> <span class='ocrx_word' id='word_1_314' title='bbox 1121 4461 1160 4524; x_wconf 93' lang='lat' dir='ltr'><strong><em>in</em></strong></span> <span class='ocrx_word' id='word_1_315' title='bbox 1183 4457 1315 4546; x_wconf 89' lang='lat' dir='ltr'><strong>dispa-</strong></span> <span class='ocrx_word' id='word_1_316' title='bbox 1415 4543 1418 4550; x_wconf 88' lang='lat'><strong>.</strong></span> 
     </span>
    </p>
   </div>
   <div class='ocr_carea' id='block_1_8' title="bbox 0 0 1620 5148">
    <p class='ocr_par' dir='ltr' id='par_1_9' title="bbox 0 0 1620 5148">
     <span class='ocr_line' id='line_1_39' title="bbox 0 0 1620 5148; baseline 0 0"><span class='ocrx_word' id='word_1_317' title='bbox 0 0 1620 5148; x_wconf 95' lang='lat' dir='ltr'><strong><em> </em></strong></span> 
     </span>
    </p>
   </div>
  </div>
 </body>
</html>
