3298 5136
785 359 1026 422 -eos-

265 535 320 590 247
332 524 393 584 λον
417 514 576 583 ὁντινοῦν
604 519 672 582 τῶν
700 516 738 580 έν
764 516 842 581 nodi
871 529 960 581 κινεῖ
968 519 1177 642 παραχρῆμα
1199 513 1306 600 μηδὲν
1335 515 1370 579 ἰιι
1400 513 1478 600 τοῦΙ

332 622 553 709 διαστήματος
577 622 848 709 ἰμποὸιζομένη
839 620 922 708 πρὸς
944 621 981 689 τὸ
1005 620 1112 706 τάχος.
1158 629 1221 686 εἰτε
1245 618 1309 704 γὰρ
1333 621 1370 686 ἐν
1394 621 1481 704 ἐγκε-

332 729 427 819 φάλῳ
451 735 547 814 θειης
573 737 636 795 ειτε
665 730 702 795 ἰν
728 732 848 816 καρὸιά
876 726 939 814 τῆν
966 734 1163 837 προαίρεσιν
1185 722 1208 855 ῆ
1229 721 1432 793 διάνοιαν
1413 753 1432 811 η
1461 722 1481 793 6

331 864 362 903 τι
389 836 467 902 ποτὶ
496 836 550 902 καί
578 835 693 920 βούλει
721 843 847 920 καλεῖν,
876 832 978 902 οὐὸἰν
1009 832 1145 920 7695
1101 838 1148 911 εἰς
1173 832 1213 899 τὰ
1236 832 1386 918 παρόντα
1409 835 1480 898 δια-

307 945 442 1028 σφίρει,
470 942 591 1028 χρόνος
618 939 730 1020 οὐδεὶς
753 939 969 1028 εὑρεθήσεται
1002 937 1125 1027 μεταξὺ
1153 938 1329 1025 γινόμενος
1356 941 1417 1005 τοῦ
1445 965 1480 1004 τε

332 1053 542 1135 βουληθῆναι
566 1053 700 1135 κινῆσαι
728 1048 789 1116 τὸν
813 1048 979 1114 όάκτυίον
1005 1048 1059 1114 καί
1088 1051 1146 1132 τῆς
1173 1048 1339 1132 ἐνεργείας
1366 1043 1481 1128 αὐτοῦ,

331 1155 495 1243 καθάπερ,
519 1153 621 1241 οἶμαι,
644 1152 723 1222 κᾶπί
746 1159 805 1240 τῆς
827 1154 1016 1239 αἰσθήσεως
1040 1159 1115 1239 ἔχει.
1160 1150 1202 1219 οὐ
1225 1151 1289 1240 γὰρ
1313 1145 1377 1219 οὖν
1400 1149 1480 1218 οὐδὲ

333 1263 385 1330 ἰπί
408 1262 529 1348 ταύτης
552 1261 726 1349 ἀναμεῖναι
757 1266 810 1328 δεῖ
830 1261 955 1348 χρόνον
982 1258 1058 1327 τινὰ
1081 1263 1142 1327 τοῦ
1166 1259 1327 1338 νύξαντος
1351 1254 1370 1344 ἢ
1397 1256 1481 1344 spoi-

333 1389 464 1447 σαντος,
488 1373 544 1435 ἵνα
563 1378 721 1454 αἰσθηται
743 1367 781 1435 τὸ
807 1373 902 1458 ζῷον,
925 1365 1007 1434 ἀλλὰ
1032 1365 1098 1452 ἅμα
1117 1392 1151 1432 τε
1174 1365 1210 1432 τὸ
1231 1367 1353 1451 τέμνον
1371 1367 1480 1452 τέμνει

307 1475 387 1542 luat
410 1475 447 1542 τὸ
474 1479 558 1563 ζῷον
582 1475 788 1541 αἰσθάνεται.
833 1477 889 1541 καὶ
912 1478 1010 1541 τοῦτο
1039 1473 1198 1558 βούλεταί
1221 1498 1257 1557 γε
1282 1472 1403 1558 Ζήνων
1426 1473 1479 1538 καί

334 1585 528 1667 Χρύσιππος
550 1579 617 1667 ἅμα
639 1584 684 1670 τῷ
708 1582 855 1671 σφετέρῳ
878 1584 967 1671 χορῷ
986 1586 1096 1662 παντί,
1120 1582 1337 1645 oeconomum
1360 1577 1423 1663 τῆν
1446 1579 1482 1644 έκ

333 1691 395 1754 τοῦ
430 1686 675 1773 προσπεσόντος
716 1690 843 1767 ἔξωθεν
879 1687 1100 1772 ἐγγινομένου
1130 1689 1174 1775 τῷ
1208 1692 1314 1775 μορίῳ
1346 1692 1482 1770 κίνησιν

334 1799 381 1872 εἰς
406 1793 469 1879 τῆν
496 1789 602 1880 ἀρχὴν
629 1797 687 1878 τῆς
714 1797 835 1879 ψυχῆς,
863 1796 919 1859 ἵνα
947 1801 1106 1878 αἴσθηται
1132 1790 1171 1858 τὸ
1202 1796 1295 1881 ζῷον.
1345 1787 1391 1869 ὡς
1418 1782 1483 1858 οὖν

335 1898 446 1978 οὐδείς
470 1902 538 1966 ἰστι
565 1898 686 1986 χρόνος
709 1898 870 1985 αἰσθητός
897 1901 934 1967 έν
956 1901 1003 1990 τῷ
1025 1896 1147 1985 μεταξὺ
1167 1900 1229 1964 τοῦ
1252 1901 1429 1984 τρωθῆναί
1447 1923 1483 1962 τε

308 2031 320 2067 .·,
335 2005 371 2074 τὸ
395 2006 517 2093 μόριον
539 2007 721 2072 αἰσθέσθαι
745 2032 778 2072 τε
802 2005 838 2072 τὸ
865 2009 965 2096 ζῷον,
988 2003 1148 2082 ὡσαύτως
1170 2000 1249 2071 οὐὸἰ
1276 2007 1339 2069 τοῦ
1360 2009 1482 2088 βουλη-

334 2117 439 2198 θῆναι
462 2111 590 2199 κάμψαι
617 2110 677 2180 τὸν
700 2110 884 2198 ἄνθρωπον
912 2112 1078 2178 δάκτυλον
1102 2106 1121 2197 ἢ
1144 2109 1205 2177 τὸν
1227 2110 1314 2177 πόδα
1342 2110 1396 2176 καί
1424 2107 1484 2176 αὐ-

337 2261 546 2268 ·—---.—..--q

371 2335 384 2380 1
405 2321 537 2410 όντιγοῦν
556 2321 704 2380 LllAB‘
693 2326 844 2380 οντιναοῦν
864 2324 1000 2378 ChK.-
1022 2319 1054 2392 ἰμ
1058 2321 1232 2377 no66vL'
1219 2343 1250 2377 εν
1270 2325 1336 2377 ποδὶ
1355 2325 1421 2376 MA.
1446 2355 1484 2363 -

335 2394 404 2452 4ον
421 2419 474 2480 χρῆ
492 2395 569 2466 γὰρ
562 2400 587 2450 Μ
608 2394 695 2451 οὐδὲν
714 2418 768 2465 γαρ
783 2398 892 2450 LA
914 2346 1366 2462 12πρεπόντοςΜπροπεσόντος
1357 2394 1481 2447 ABCh

334 2464 541 2536 προσπεσόντος
561 2470 677 2522 LK.—
705 2466 890 2536 ἐγγινομένῆν
909 2467 930 2519 L
931 2462 1080 2550 έγγενομ.
1104 2468 1223 2520 .llA-
1249 2474 1281 2519 13
1307 2462 1481 2533 αἰσθάνηται

335 2542 418 2594 L.—
441 2547 473 2594 15
493 2537 696 2593 αἰσθέσθαι
669 2560 700 2593 το
721 2542 741 2593 L
762 2538 841 2593 αἰσθ.
860 2558 889 2592 τε
909 2533 940 2591 τό
962 2539 1028 2590 MA.
1050 2567 1081 2578 -

336 2679 546 2686 ——0-.

334 2757 472 2841 digitum
497 2756 547 2820 vel
571 2755 760 2841 longissime
789 2756 830 2819 ab
861 2777 899 2818 ea
927 2753 1101 2818 distantem
1130 2753 1219 2818 illico
1248 2758 1357 2818 movet
1379 2776 1483 2836 neque

334 2864 436 2928 ullum
455 2885 494 2927 ex
512 2863 684 2927 intervallo
704 2863 743 2926 ad
758 2863 961 2926 celeritatem
980 2862 1247 2945 impedimentum
1265 2860 1374 2924 hebet.
1407 2859 1483 2923 Sive

336 2971 422 3035 enim
444 2971 479 3034 in
498 2971 629 3035 cerebro
654 2971 721 3032 sive
740 2969 774 3032 in
793 2969 888 3033 corde
908 2969 1047 3033 colloces
1067 2969 1269 3032 voluntatem
1289 2968 1340 3031 vel
1359 2967 1484 3051 cogita·

335 3078 459 3142 tionem
490 3077 542 3141 vel
574 3097 764 3160 quocunque
790 3075 920 3140 nomine
949 3076 1113 3158 appellare
1141 3075 1223 3137 velis
1251 3110 1295 3119 —
1324 3073 1364 3136 ad
1391 3094 1482 3157 pree

337 3207 410 3248 sens
443 3183 529 3247 enim
559 3182 644 3247 nihil
676 3182 811 3245 interest
844 3218 901 3264 -,
929 3181 1055 3244 nullum
1086 3181 1243 3264 temporis
1275 3179 1484 3242 intervallrmr

335 3291 513 3374 reperietur
535 3290 621 3354 inter
643 3289 844 3354 volontatem
868 3287 1006 3373 digitum
1025 3287 1175 3352 movendi
1200 3289 1232 3350 et
1254 3286 1361 3368 ipsum
1385 3285 1483 3349 actio-

335 3420 418 3461 nem.
469 3396 561 3472 Quod
590 3396 688 3459 etiam
717 3396 752 3459 in
780 3396 928 3458 sensibus
960 3418 1019 3458 usu
1047 3394 1157 3459 venire
1185 3393 1344 3457 existimo.
1396 3392 1483 3468 Quos

336 3505 392 3568 ubi
414 3504 556 3588 pupugit
578 3501 701 3584 aliquid
725 3502 776 3565 vel
800 3501 910 3584 laesit,
937 3502 1029 3565 nullo
1056 3501 1214 3585 temporis
1242 3521 1334 3562 mora
1357 3519 1484 3582 exspec—

336 3611 434 3675 tando
458 3614 516 3693 est,
539 3613 576 3673 ut
599 3609 720 3671 sentiat
743 3607 878 3690 animal,
908 3607 964 3671 sed
988 3607 1085 3671 simul
1113 3611 1147 3671 et
1168 3607 1291 3670 ferrum
1315 3605 1430 3669 incidit
1450 3609 1483 3666 et

337 3716 457 3781 animal
478 3717 585 3780 sentit.
630 3715 736 3799 Atque
757 3715 791 3778 id
807 3713 928 3780 Zenoni
949 3717 981 3778 et
996 3712 1180 3797 Chrysippo
1200 3734 1274 3775 cum
1293 3714 1365 3776 toto
1384 3711 1482 3774 choro

337 3845 395 3888 suo
413 3823 531 3906 placet,
554 3822 731 3884 motionem
747 3845 766 3884 a
779 3843 814 3884 re
833 3823 986 3906 quopiam
1001 3820 1200 3884 extrinsecus
1220 3818 1367 3882 membro
1386 3815 1483 3880 alicui

337 3930 482 3994 oblatum
513 3927 554 3991 ad
586 3928 798 4011 principalem
822 3929 948 3992 animae
976 3931 1102 4011 partem
1126 3924 1276 4007 diffundi,
1303 3927 1341 3987 ut
1364 3923 1481 3986 sentiat

338 4035 467 4100 animal.
513 4033 605 4099 Sicut
622 4035 724 4118 igitur
746 4035 887 4117 nullum,
910 4034 996 4118 quod
1019 4033 1149 4118 quidem
1173 4053 1269 4095 sensu
1297 4030 1482 4113 percipitur,

337 4141 494 4225 temporis
523 4144 723 4205 momentum
750 4141 837 4204 inter
864 4142 968 4223 partis
1002 4140 1139 4204 alicuius
1168 4137 1425 4202 vulnerationem
1451 4137 1481 4196 et

338 4247 488 4312 animalis
521 4269 655 4336 sensum
684 4246 870 4330 intercedit,
907 4245 955 4308 ito
987 4267 1027 4309 ne
1064 4245 1149 4310 inter
1180 4243 1323 4310 hominis
1357 4241 1480 4326 quidem

337 4355 538 4418 voluntatem
563 4355 703 4436 digitum
726 4353 778 4417 vel
801 4353 916 4436 pedem
939 4351 1124 4416 inflectendi
1152 4355 1184 4414 et
1212 4352 1318 4434 ipsam
1342 4348 1481 4414 inflexio-
