3088 5134
780 378 1020 442 -552-

326 537 465 608 ἁπασῶν
487 539 633 624 φλεβῶν,
656 533 766 622 ὥσπερ
788 534 844 602 καὶ
866 531 929 620 τὴν
951 537 1094 620 καρδίαν
1117 533 1265 620 έθέμεθα
1286 535 1351 599 τῶν
1370 529 1453 618 ἀρτη-

327 649 419 734 ριῶν.
464 641 527 712 ὅσα
555 642 619 730 γάρ
641 639 758 728 ἀγγεῖα
785 644 854 708 τῶν
881 642 915 721 ἐξ
943 640 1058 727 ἑτέρου
1079 637 1279 726 πεφυκότων
1301 640 1454 724 εἀτέφνιε.

325 752 388 840 τὴν
411 748 518 838 αὐτὴν
540 747 648 838 ἀρχὴν
671 750 810 826 ἐκείνοις
836 752 911 834 ἔχει.
955 745 1043 815 πολὺ
1069 749 1199 833 μᾶλλον
1228 737 1293 813 οὖν
1318 744 1354 814 τὸ
1381 737 1453 832 ἧπαρ

326 857 433 948 ἀρχὴν
450 861 519 926 τῶν
536 861 671 944 φλεβῶν
689 856 758 923 έστι
781 855 901 922 θετέον
923 848 943 940 ἢ
962 852 1024 940 τὴν
1046 856 1188 940 καρδίαν
1205 855 1277 920 τόν
1295 849 1454 938 ἀρτηριῶν.

299 965 411 1035 νόσον
443 965 495 1033 ἐπὶ
526 977 597 1043 τοῖς
626 963 660 1044 ἐξ
692 959 860 1048 ἀνατομῆς
895 961 1127 1047 φαινομένοις,
1160 959 1374 1045 ἐναργέστερα
1402 957 1455 1044 γὰρ

326 1071 415 1165 αὐτῷ
442 1071 482 1140 τὰ
511 1074 569 1158 τῆς
595 1067 699 1157 ἀρχῆς
728 1066 867 1155 ὑπάρχει
895 1072 1118 1155 γνωρίσματα.
1160 1061 1214 1152 ’μὴ
1244 1071 1360 1133 τοίνυν
1385 1063 1455 1152 μηδὲ

326 1178 433 1248 έκείνό
466 1197 502 1245 σε
534 1176 745 1260 λανθανέτω,
778 1172 828 1241 ὅτι
861 1172 993 1252 πάντως
1024 1168 1068 1240 ἀν
1099 1177 1245 1258 ἔσφαζον
1279 1175 1316 1238 αί
1342 1173 1456 1257 φλέβες.

326 1295 416 1374 είαερ
440 1285 476 1352 έκ
498 1287 556 1370 τῆς
578 1286 717 1371 καρδίας
739 1279 957 1367 ἐπεφύκεσαν.
1236 1365 1241 1376 1

409 1390 445 1460 Ὁ
466 1391 566 1478 λόγος
589 1389 626 1457 δέ
645 1386 754 1458 οὐκέτι
777 1413 835 1475 μοι
858 1383 942 1474 πρὸς
957 1383 1215 1474 Ἐρασίστρατον
1237 1381 1258 1472 ἢ
1284 1385 1360 1465 τοὺς
1377 1383 1456 1470 Ἐρα-

286 1523 312 1562 1⁰
326 1505 552 1587 σιστρατείονς
584 1496 690 1580 ἐστίν,
722 1491 805 1562 ἀλλά
837 1490 921 1582 πρὸς
951 1491 1030 1572 τοὺς
1062 1489 1271 1579 ἡγουμένους
1303 1490 1358 1578 οὐ,
1386 1492 1455 1560 διότι

260 1626 315 1680 561
326 1608 531 1693 πληροῦνται
554 1601 741 1689 πνεύματος
763 1604 801 1668 αλ
821 1597 986 1688 ἀρτηρίαι,
1010 1598 1066 1668 διὰ
1089 1603 1189 1668 τοῦτο
1213 1599 1460 1669 διαῗστέλλεσθαί

325 1739 359 1781 τε
382 1712 438 1781 καλ
461 1711 598 1798 σφόζειν
621 1705 733 1792 αὐτός,
756 1704 852 1793 ἀλλά,
875 1706 961 1775 διότι
981 1707 1235 1775 διαστέλλονταί
1254 1731 1289 1772 τε
1312 1707 1365 1772 καλ
1387 1703 1456 1790 σφό-

327 1828 433 1904 ζουσι,
467 1817 522 1885 διὰ
554 1819 654 1885 τοῦτο
686 1817 911 1902 πληροῦσθαι.
962 1813 1083 1883 ’κοινὸν
1120 1813 1182 1901 μὲν
1216 1805 1280 1882 οὖν
1311 1813 1398 1881 romi
1427 1809 1456 1878 ri

326 1927 434 2014 δόγμα
461 1927 595 1993 πολλῶν
617 1923 654 1990 τέ
680 1924 748 1990 ἐστι
775 1921 830 1988 καλ
859 1923 1008 2007 δοκίμων
1030 1917 1183 2008 ἀνδρῶν,
1210 1915 1324 2006 ὥσπερ
1352 1945 1387 2006 γε
1412 1919 1455 1984 καί

289 2055 313 2095 1⁵
328 2033 378 2104 ότι
405 2031 469 2120 τὴν
496 2030 642 2117 δύναμιν
670 2030 705 2096 ἐκ
732 2030 791 2114 τῆς
821 2031 961 2116 καρδίας
988 2031 1024 2095 ot
1048 2030 1184 2114 χιτῶνες
1213 2030 1282 2094 τῶν
1309 2023 1457 2114 ἀρτηριὸν

325 2143 387 2208 τοῦ
406 2138 658 2206 διαστέλλεσθαι
672 2134 727 2202 καί
743 2133 983 2203 συστέλλεσθαι
999 2131 1240 2220 λαμβάνουσιν.
1276 2130 1458 2220 ἀπεσχλσθτρ

326 2267 391 2314 σαν
420 2245 456 2314 δὲ
485 2236 549 2312 οὖν
572 2240 633 2312 οὐκ
662 2240 739 2310 eido
763 2239 853 2320 ,ὅπως
882 2237 995 2308 αὐτῶν
1022 2242 1059 2308 έν
1085 2243 1170 2333 τῷδε
1193 2239 1410 2328 Πραξαγόρας
1431 2263 1458 2304 ιε

364 2451 380 2500 5
405 2439 453 2498 έιιλ
470 2442 520 2510 τῆς
543 2435 573 2506 ἐξ
591 2439 628 2495 Μ.
654 2469 686 2479 -
711 2445 726 2492 ’ί
746 2434 819 2492 διότι
838 2437 919 2492 codd.
938 2437 1001 2492 edd.
1022 2431 1067 2493 ότι
1085 2453 1146 2502 nos;
1173 2435 1209 2491 ef.
1228 2435 1313 2492 Prolt
1331 2455 1356 2508 p.
1378 2443 1416 2490 9³.
1432 2465 1456 2476 -

328 2524 344 2572 8
365 2509 558 2584 έπεφόιιειααν
573 2510 686 2578 scum
705 2509 739 2566 oi.
755 2509 852 2580 Progr.
867 2509 902 2578 11,
918 2515 959 2564 12.
975 2539 1008 2550 -
1030 2515 1064 2564 lt
1081 2502 1242 2578 ἀπεσχίσθη
1257 2509 1287 2563 M
1304 2503 1457 2578 ἀποσχέσθαι
1526 2577 1527 2588 ρ

325 2586 434 2642 asca.
456 2616 487 2626 -
509 2647 513 2659 ,

327 2782 522 2850 arteriarum
554 2778 751 2866 principium
784 2777 973 2863 statuimus,
1004 2779 1053 2844 ita
1082 2799 1239 2844 venarum
1272 2779 1455 2845 omninmet

327 2888 474 2955 umbilici
506 2891 540 2952 et
572 2887 784 2954 secundarum
816 2885 907 2950 ieeur
939 2889 1089 2950 statuere.
1145 2885 1236 2962 Quae
1275 2885 1357 2951 enim
1392 2905 1455 2948 rasa

327 3020 366 3061 ex
389 2997 440 3080 iis,
463 3017 544 3080 quae
568 2995 610 3060 ab
635 2993 700 3060 alio
723 2997 801 3058 nata
825 2997 915 3076 sunt,
942 2993 1209 3078 proficiscuntur,
1237 2995 1368 3058 eandem
1396 3015 1453 3056 run
1524 2973 1525 2982 ί

328 3105 394 3169 illis
423 3102 583 3188 originem
610 3099 742 3165 habent
796 3098 901 3164 Multo
934 3100 1041 3184 magis
1072 3099 1175 3186 igitur
1203 3101 1293 3166 ieeur
1320 3121 1452 3166 renerum

329 3233 426 3296 quam
459 3231 515 3274 eor
543 3206 736 3272 arteriarum
764 3205 961 3290 principium
988 3207 1195 3272 statuendum
1228 3211 1292 3292 est,
1319 3211 1451 3292 quantun

329 3318 368 3382 ad
392 3339 440 3399 ea,
463 3336 546 3399 quae
569 3336 607 3378 er
631 3313 798 3378 anatomia
826 3312 990 3378 avidentia
1019 3317 1108 3398 sunt3
1137 3313 1361 3380 manifestiora
1384 3311 1450 3378 enin

328 3422 408 3487 illud
440 3420 593 3506 principii
629 3419 751 3484 indicia
787 3418 896 3484 habet.
955 3419 1058 3486 Porro
1094 3443 1135 3486 ne
1165 3421 1245 3484 illud
1283 3421 1401 3506 quidem
1428 3430 1450 3480 u

327 3530 438 3606 lateat,
461 3549 570 3612 venas,
593 3527 622 3591 si
646 3549 662 3590 e
687 3525 783 3591 eorde
806 3525 967 3612 originem
990 3526 1172 3610 traherent,
1195 3527 1308 3613 utique
1331 3529 1449 3614 pulsatu·

329 3657 383 3699 ras
406 3655 486 3698 esse.

416 3741 492 3806 Jam
515 3763 581 3805 non
604 3738 763 3824 adversus,
780 3737 1021 3818 Erasistratum
1050 3744 1108 3806 aut
1129 3741 1367 3807 Erasistrateos
1385 3737 1447 3804 nihi

289 3839 297 3853 '
328 3846 507 3931 disputatio
531 3850 593 3930 est,
622 3845 677 3910 sed
706 3845 859 3912 adversus
883 3846 972 3930 illos,
1000 3847 1055 3932 qui
1083 3869 1162 3932 non,
1190 3849 1269 3932 quia
1291 3849 1447 3932 repleantur

328 3953 448 4038 spiritu
476 3953 628 4036 arteriae,
655 3953 728 4018 ideo
755 3954 895 4018 distendi
919 3958 953 4019 et
980 3954 1124 4040 pulsare,
1152 3953 1222 4038 sed,
1250 3955 1328 4040 quio
1351 3955 1445 4020 dutm-

329 4061 447 4125 dantur
470 4063 503 4124 et
525 4060 668 4144 pulsent,
694 4059 766 4124 ideo
789 4061 907 4146 repleri
930 4059 1127 4126 existimant
1172 4059 1263 4137 Quae
1286 4063 1335 4126 est
1355 4058 1445 4126 multi·

329 4189 401 4232 rum
433 4165 674 4251 insigniumque
712 4165 882 4232 hominum
922 4167 1099 4250 sententia,
1134 4165 1220 4232 deut
1257 4167 1353 4232 etiarn
1378 4161 1444 4230 iilud

329 4273 456 4338 tunicas
480 4274 671 4338 arteriarum
694 4273 760 4337 vim
785 4295 866 4358 eam,
889 4295 954 4358 qua
976 4273 1204 4340 distenduntur
1226 4277 1260 4338 et
1282 4271 1442 4340 contrahat·

330 4387 393 4466 tur,
416 4403 435 4444 a
459 4380 554 4446 eorde
578 4380 732 4466 accipere.
769 4379 808 4444 In
830 4401 893 4466 quo
917 4385 1027 4446 tamon
1051 4379 1092 4446 ab
1115 4379 1155 4448 iis
1179 4381 1289 4448 nascio
1311 4373 1442 4466 quomodo
