3296 5150
621 441 773 504 -367
825 479 863 486 -

169 601 302 665 *τοῦτον
325 593 461 682 ἀθρόοις
487 598 655 684 φερομένη
684 602 813 678 οἰκείως
842 623 876 666 τε
904 594 947 666 ἂν
975 599 1167 682 πλεονάζειν
1194 602 1314 687 ῥηθείη

166 705 231 772 ’καὶ
263 704 347 772 κατίι
383 705 482 772 τοῦτο
519 702 608 790 παρὰ
643 702 749 790 φύσιν
785 711 940 791 γίνεσθαι
973 706 1028 773 καί
1066 703 1151 774 εἶναι
1184 706 1315 794 άλογος,

167 807 227 891 ‘oio
264 808 525 898 ὑπογράφομεν.’
585 809 867 899 “ὑπερβαίνουσα’
908 817 995 900 φησί
1033 812 1109 881 “τὸν
1150 812 1253 900 λόγον
1295 812 1314 902 ἡ

166 917 252 1007 όρμίη
290 919 344 988 καὶ
381 916 470 1004 παρὰ
511 921 633 988 τοῦτον
668 915 804 1006 ἁθρόοις
840 921 1024 1008 φερομένη’
1061 917 1123 1006 τὴν
1158 917 1241 988 κατὰ
1277 918 1315 987 τὸ

165 1025 275 1105 πάθος
297 1029 445 1112 ἔκφορον
468 1021 681 1112 ἀπεργάζεται
704 1031 846 1112 κίνησιν.
888 1025 1013 1096 οὔκουν
1037 1025 1054 1096 ό
1079 1025 1179 1114 λόγος
1201 1035 1348 1110 altmar

165 1127 191 1202 ὦ
221 1131 406 1220 Χρύσιππε,
433 1135 492 1219 τῆς
519 1131 665 1220 εἰιφόρου
694 1133 805 1226 τεκαὶ
836 1135 840 1221 ζ
869 1130 1015 1222 ἀμέτρου
1037 1134 1207 1223 κινήσεως.
1257 1131 1381 1208 ‹nb-nan

165 1239 222 1320 τὸς
253 1241 317 1328 γὰρ
347 1237 520 1326 ὁμολογεῖς
558 1236 665 1326 αὐτὴν
699 1245 854 1325 γίνεσθαι
884 1240 973 1329 παρά
1006 1241 1066 1310 τὸν
1098 1241 1217 1329 λόγον,
1254 1238 1316 1310 οὐκ

167 1349 305 1435 ἐγχωρεῖ
326 1345 363 1414 δὲ
386 1343 453 1433 ἅμα
476 1371 511 1414 τε
533 1345 623 1435 παρὰ
645 1344 706 1414 τὸν
729 1346 832 1433 λόγον
855 1353 1015 1434 γίνεσθαί
1032 1375 1064 1418 τι
1088 1350 1142 1416 καί
1165 1345 1230 1417 ὑπὸ
1254 1351 1316 1418 τοῦ

166 1453 284 1540 λόγου,
316 1451 447 1532 πάντας
479 1453 515 1522 δὲ
548 1451 613 1522 ὑπό
643 1479 735 1534 τινος
767 1459 882 1535 αἰτίας.
940 1454 1001 1524 οὐκ
1032 1461 1100 1525 ἔστι
1134 1456 1170 1524 δέ
1206 1456 1314 1543 έιιείνη

167 1560 296 1648 doymi·
329 1557 449 1647 ἰίἰογος
480 1559 546 1648 άρα
577 1585 626 1641 τις
662 1559 684 1649 ἡ
715 1559 761 1630 τὸ.
784 1561 895 1641 πάθος
931 1563 1131 1651 ἐργαζομένη
1165 1567 1316 1651 δύναμις.
1331 1587 1356 1624 10

167 1668 221 1735 καί
253 1666 337 1756 τάχα
364 1665 424 1755 οὐχ
451 1663 516 1736 ὑπὸ
545 1666 672 1753 ἄλλων,
699 1666 782 1736 ἀλλὰ
805 1683 875 1748 τοίς
897 1665 1009 1737 αὐτῶν
1031 1683 1162 1758 πτεροῖς
1185 1667 1317 1738 ἁλισκό-

166 1784 272 1862 μεθα,
294 1781 402 1844 καίτοι
426 1801 463 1862 γε
487 1773 566 1844 ἐνὸν
588 1771 670 1863 ἡμίν
697 1777 821 1862 λέγειν,
849 1767 875 1844 τό
899 1776 1109 1862 γενναιότατε
1134 1775 1316 1865 Χρύσιππε,

166 1885 265 1948 θυοῑν
287 1881 448 1970 θάτερον,
477 1878 497 1970 ἢ
525 1881 571 1963 εἰς
599 1879 701 1952 οὐδὲν
728 1884 879 1971 διαφέρει
908 1883 1018 1964 πάθος
1041 1880 1273 1972 ἁμαρτήματος
1295 1880 1315 1971 ἢ

166 1983 211 2067 ιός
233 1989 412 2074 ἐπιγίνεται
443 2003 513 2070 τοῖς
539 1988 751 2078 ἁμαρτήμασι
779 1990 818 2059 τὰ
845 1990 948 2077 πάθη.
993 1989 1123 2059 τούτων
1151 1989 1214 2077 γὰρ
1238 1987 1315 2058 ὁπο-

166 2099 329 2182 τερονοῦν
360 2095 507 2176 εἰπόντες
538 2093 601 2166 οὐκ
632 2092 675 2164 ἂν
707 2094 960 2185 ἠναγκαζόμεθα
998 2093 1061 2185 τίην
1093 2101 1203 2164 αἰτίαν
1235 2094 1355 2165 dno-1⁵

166 2207 342 2288 κρίνεσθαι
366 2207 424 2290 τῆς
446 2202 535 2294 παρὰ
557 2203 618 2272 τὸν
641 2203 744 2291 λόγον
768 2200 912 2294 ἀμέτρου
930 2203 1098 2292 κινήσεως.
1135 2201 1218 2272 &aab
1241 2203 1315 2272 τού-

203 2423 218 2470 4
238 2417 302 2485 περὶ
321 2417 420 2472 τοῦτον
439 2416 476 2472 Μ.
499 2449 529 2456 —-
554 2425 584 2472 11
606 2425 714 2486 πικροῖς
733 2417 865 2473 nauch
883 2425 996 2485 πτεροῖς
1014 2419 1047 2473 Κ.
1069 2449 1101 2458 -
1129 2423 1161 2472 12
1180 2417 1255 2486 λέγει
1273 2417 1316 2470 Μῑ

166 2486 259 2573 λέγειν
283 2503 355 2544 man.
382 2493 497 2554 1·ocent.;
521 2489 555 2543 of.
576 2489 659 2544 Proll.
684 2508 710 2560 p.
731 2497 772 2545 71.
799 2521 831 2529 ——
859 2497 890 2544 15
910 2485 963 2546 οἰκ
983 2483 1020 2544 dv
1046 2483 1268 2558 ἠναγκαζόμεθα
1287 2489 1315 2542 M

167 2578 219 2614 ουκ
237 2552 274 2614 όν
292 2555 392 2632 άναγκ.
413 2559 511 2616 ABCh
536 2555 589 2616 οόκ
608 2555 709 2630 άναγκ.
727 2561 761 2616 Κ.
781 2592 813 2601 -
838 2559 934 2616 αἰτίαν
952 2555 1161 2630 ἀποκρίνεσθαι
1181 2559 1209 2614 Μ
1234 2557 1315 2618 Corn.

167 2629 221 2688 αἰτ.
242 2626 294 2686 οὐκ
314 2626 413 2702 άποκρ.
434 2629 578 2700 Ancum
597 2631 631 2688 cf.
651 2631 735 2687 Proll.
754 2651 781 2702 p.
801 2639 844 2690 ⁴23,
865 2663 896 2673 -

167 2849 251 2914 fusa
287 2849 425 2934 fertur,
457 2849 614 2935 proprie
646 2849 793 2915 dieitur
829 2849 1043 2914 redundare
1079 2853 1193 2934 atque
1229 2849 1314 2916 ideo

167 2961 330 3042 praeter
351 2960 528 3022 naturam
547 2955 642 3021 fieri
662 2959 699 3020 ab
717 2979 800 3021 ease
823 2956 1086 3040 irrationalis,
1110 2959 1151 3020 ub
1169 2957 1314 3023 deseri-

167 3061 315 3129 bimus.’
370 3063 449 3141 ‘Qui
477 3061 729 3148 transgreditur'
758 3063 864 3148 inquit
890 3061 1065 3130 ‘rationem
1094 3063 1259 3148 appetitus
1283 3068 1316 3128 eb

168 3173 281 3236 contra
300 3193 371 3236 eam
391 3170 522 3256 prosuae
541 3168 656 3236 fertur’
680 3159 927 3236 immoderatam
946 3171 1038 3237 illam
1057 3171 1314 3255 perturbationis

168 3279 268 3346 efficit
300 3280 487 3346 motionem.
538 3275 613 3363 Non
646 3283 696 3342 aab
729 3277 843 3364 igitur,
876 3275 1075 3363 Chrysippe,
1106 3258 1191 3343 ratio
1222 3277 1315 3342 effusi

168 3391 265 3470 atque
289 3385 494 3451 immoderati
519 3388 628 3450 motus
651 3405 756 3450 causa.
801 3385 877 3470 Ipse
901 3385 988 3450 euim
1013 3385 1177 3450 confiteris
1202 3389 1314 3450 contra

169 3493 327 3557 rationem
350 3493 443 3558 illum
471 3491 558 3570 fleri3
586 3495 623 3556 ub
649 3513 726 3558 vero
749 3492 846 3558 simul
876 3495 909 3556 eb
931 3495 1046 3558 contra
1073 3491 1232 3557 rationem
1257 3491 1314 3556 ali-

169 3598 246 3682 quid
270 3601 302 3662 et
326 3619 345 3662 a
369 3599 494 3664 rabione
517 3599 584 3682 fiat,
608 3619 679 3664 ease
702 3599 908 3666 nullomodo
931 3603 1051 3684 potest,
1075 3599 1185 3684 ubique
1205 3603 1315 3663 tamen

169 3727 189 3768 a
212 3725 309 3768 eausa
332 3703 450 3790 aliqua.
497 3705 542 3770 At
570 3727 609 3770 aa
635 3727 701 3772 non
729 3711 779 3770 eat
807 3706 990 3792 rationulis3
1019 3709 1070 3770 est
1096 3705 1211 3791 igitur,
1233 3727 1315 3790 quae

169 3811 445 3896 perturbationem
465 3811 574 3896 efficit,
596 3812 735 3878 facultas
754 3813 911 3898 quaedam
930 3813 1140 3878 irrationalis.
1178 3813 1226 3878 Ac
1250 3811 1314 3878 for·

169 3923 256 3984 tasse
275 3939 340 3984 nou
359 3919 401 3984 ab
415 3917 498 4001 aliia,
517 3917 573 3984 aad
591 3919 713 3984 nostrie
732 3920 877 4005 ipsorum
897 3919 1010 4005 pannis
1030 3920 1185 4005 capimur,
1204 3943 1314 4006 quam·

168 4047 265 4110 cluam
296 4025 406 4110 nobis,
437 4025 521 4092 bone
549 4023 745 4111 Chrysippo,
777 4027 855 4092 lieet
882 4027 1074 4092 alterutrum
1106 4027 1225 4110 dicere,
1258 4032 1315 4092 aut

167 4133 253 4198 inter
285 4153 426 4198 errorem
459 4137 492 4198 ab
522 4133 801 4218 perturbationem
832 4133 916 4199 nihil
949 4135 1107 4200 interesse
1139 4139 1196 4200 ant
1228 4156 1313 4200 erro-

167 4239 258 4304 ribus
285 4239 454 4304 auooodera
481 4241 751 4324 perturbationes.
796 4239 923 4307 Horum
951 4242 1038 4306 onim
1066 4241 1257 4306 alterutrum
1285 4243 1314 4308 ai

167 4344 369 4426 dirimemur,
393 4346 598 4414 immoderati
622 4346 708 4414 illiue
732 4351 844 4412 eontra
868 4349 1026 4414 rationem
1051 4351 1158 4413 mobue
1181 4369 1312 4414 oausam

169 4451 281 4516 afferre
313 4473 379 4518 non
411 4473 609 4540 cogeremur.
665 4451 727 4520 Sed
762 4459 913 4520 neutrum
947 4459 981 4520 bu
1016 4478 1112 4522 arrsus
1141 4477 1175 4520 ea
1207 4455 1313 4521 dicere
