3246 5148
775 363 992 427 „24-

305 524 485 593 δεικνύναι
504 525 654 610 πειρᾶται
673 525 797 606 κρίσεις
814 516 908 596 τινας
922 514 1007 584 εἶναι
1022 521 1083 585 τοῦ
1097 521 1288 603 λογιστικοῦ
1302 513 1342 584 τδι
1356 516 1472 601 πάθη,

314 633 435 718 Ζήνων
459 627 491 698 δ’
511 626 552 697 ού
575 627 633 706 τὰς
656 633 780 715 κρίσεις
803 622 919 708 αὐτάς,
943 620 1025 691 ἀλλὰ
1048 623 1107 704 τὰς
1129 625 1384 710 ἐπιγιγνομένας
1410 620 1472 690 αύ-

312 754 383 817 ταϊς
406 734 569 814 συστολὰς
591 735 645 802 καὶ
669 733 802 811 λύσεις
825 731 978 817 ἐπύρσεις
999 757 1033 798 τε
1056 731 1110 798 καὶ
1136 728 1219 814 [τὰς]
1243 729 1386 810 πτώσεις
1410 735 1473 817 τῆς

313 847 420 930 ψυχῆς
443 841 594 930 ἐνόμιζεν
621 838 706 908 εἶναι
734 837 901 923 τὰπάθη.
946 840 1049 904 Miror
1072 841 1230 904 neminem
1254 861 1380 924 eorum,
1413 842 1471 924 qui

312 956 397 1019 hunc
412 955 519 1019 locum
534 950 681 1034 laudant,
702 953 738 1012 ut
752 949 895 1012 Zellerus
911 952 944 1011 et
958 946 1150 1010 Kuehnerus
1165 944 1344 1032 aliiqrre³⁹)‚
1365 948 1471 1012 offen-

313 1062 399 1126 disse
427 1060 462 1124 in
489 1056 648 1123 vocabulo
676 1051 809 1131 λύσεις
838 1078 857 1118 a
886 1051 1069 1118 Stoicorum
1100 1053 1226 1116 ratione
1259 1053 1472 1118 abhorrente.

314 1167 499 1231 Marcianus
523 1163 657 1247 praebet
680 1156 828 1244 χύσεις;
851 1161 885 1224 in
910 1161 1018 1225 codice
1041 1161 1143 1245 igitur
1161 1159 1300 1224 Aldinae
1324 1163 1342 1224 λ
1366 1183 1430 1244 pro
1452 1186 1472 1242 χ

315 1274 472 1357 scriptum
503 1274 586 1353 erat,
617 1292 680 1353 qua
708 1267 747 1330 de
776 1267 1030 1331 commutatione
1058 1266 1130 1330 vide
1159 1265 1345 1350 Vollgraffii
1376 1266 1472 1332 stud

314 1381 482 1464 Palaeogr.
506 1400 536 1462 p.
561 1376 612 1441 65.
651 1373 713 1440 Sed
736 1397 777 1438 ne
800 1375 835 1438 in
859 1375 1020 1457 scriptura
1043 1369 1155 1456 χύσεις
1178 1373 1306 1457 quidem
1330 1395 1471 1456 prorsus

315 1485 582 1570 acquiescendum
606 1487 700 1566 put03
727 1503 804 1548 nam
829 1478 955 1545 Stoicos
985 1479 1018 1543 in
1046 1479 1106 1544 tali
1134 1501 1168 1542 re
1196 1475 1365 1562 διαχύσεις
1389 1504 1470 1544 usos

316 1613 470 1655 essenon
490 1590 594 1653 solum
609 1583 849 1672 Plutarchusw)
870 1591 1024 1668 testatur,
1044 1586 1099 1648 sed
1114 1585 1255 1649 Galenus
1274 1587 1360 1669 ipse,
1379 1589 1470 1670 apud

316 1719 411 1781 quem
441 1696 580 1780 legimus
608 1717 638 1778 p.
667 1695 730 1758 377
758 1692 841 1756 med.
871 1688 1003 1775 Ζήνωνι
1034 1728 1078 1737 -
1106 1689 1160 1755 καὶ
1187 1697 1323 1768 πολλοῖς
1353 1688 1472 1768 ἄλλοις

315 1804 384 1866 τῶν
403 1801 581 1882 Στωικῶν,
605 1803 640 1864 οἳ
656 1794 697 1864 ού
717 1794 775 1875 τὰς
793 1801 917 1881 κρίσεις
936 1792 1039 1874 αὐτὰς
1057 1799 1114 1880 τῆς
1133 1799 1254 1880 ψυχῆς,
1278 1792 1361 1862 ἀλλὰ
1384 1796 1468 1879 [καὶ]

316 1905 373 1984 τὰς
397 1904 448 1971 ἐπὶ
471 1903 606 1982 ταύταις
633 1900 778 1989 ἀλόγους
805 1899 968 1980 συστολὰς
995 1902 1049 1968 καὶ
1077 1901 1290 1980 ταπεινωσεις
1317 1903 1372 1968 καὶ
1402 1907 1469 1970 δεί-

317 2014 382 2092 ξεις
405 2013 490 2100 (lege
515 2009 636 2099 δήξεις)
665 2008 816 2094 ἐπύρσεις
838 2035 871 2076 τε
898 2008 952 2074 καὶ
981 2007 1185 2094 διαχύσεις
1211 2004 1470 2094 ὑπολαμβάνου-

317 2139 373 2186 σιν
396 2115 481 2184 εἷυαι
505 2116 545 2184 τὰ
569 2122 626 2203 τῆς
650 2119 756 2203 ψυχῆς
778 2115 872 2201 πύθη
897 2123 929 2181 ει
952 2140 981 2200 p.
1006 2118 1069 2181 367
1094 2140 1124 2200 p.
1149 2117 1228 2180 med.
1256 2113 1311 2180 καὶ
1339 2112 1405 2200 γὰρ
1434 2120 1474 2181 αι’

317 2224 468 2313 μειτύσεις
497 2225 552 2290 καὶ
581 2227 619 2290 αί
643 2221 795 2308 ἐπύρσεις
821 2221 876 2288 καὶ
904 2225 942 2287 αί
967 2221 1124 2288 συστολαὶ
1151 2221 1206 2288 καὶ
1234 2223 1272 2287 αι’
1298 2221 1471 2307 διαχύσεις

317 2359 345 2398 κ.
368 2357 394 2398 τ.
418 2339 446 2398 λ.
491 2333 604 2418 Itaque
635 2337 748 2397 nostro
775 2352 902 2415 quoque
929 2330 1001 2394 loeo
1029 2330 1263 2394 restituendum
1293 2331 1356 2393 erit
1384 2332 1470 2394 δια-

317 2438 460 2525 χύσεις.
505 2441 540 2505 Ρ.
564 2441 629 2504 478
653 2442 729 2522 post
752 2439 794 2502 in.
819 2433 956 2520 Ζήνων,
984 2437 1014 2500 εί
1043 2431 1104 2519 μὶν
1130 2431 1170 2499 τὰ
1198 2430 1283 2500 αύτίι
1310 2435 1469 2519 βούλοιτο

318 2551 518 2634 Χρυσίππῳ,
544 2558 614 2621 τοῖς
642 2539 756 2620 αὐτοῖς
784 2540 985 2627 ἐγκλήμασιν
1013 2535 1205 2619 ὑπεύθυνος
1231 2539 1470 2627 καθεστήσε-

319 2678 381 2717 ται
405 2653 498 2717 foede
522 2652 721 2735 scripserunt
742 2651 814 2736 AB3
839 2649 1026 2714 Charterius
1050 2652 1082 2712 et
1101 2649 1268 2714 Kuehnius
1290 2673 1354 2714 non
1373 2675 1471 2714 κατα·

284 2756 487 2842 ,στήσετιια
521 2758 575 2821 sed
609 2753 907 2840 καθεστήξεται,
941 2755 1211 2839 quemadmodum
1244 2756 1278 2820 M
1311 2757 1470 2841 scriptum

319 2868 433 2948 habet,
456 2865 627 2928 restituere
651 2864 838 2928 debuerunt.
870 2863 903 2926 P.
918 2864 983 2928 562
1003 2866 1081 2926 extr.
1101 2863 1284 2946 γυμνοῦται
1304 2857 1334 2926 δ’
1352 2857 1372 2948 ἡ
1392 2887 1471 2946 καρ-

320 2976 376 3037 δία
405 2969 505 3055 χωρλς
531 2972 592 3036 τοῦ
624 2971 902 3055 συντμηθήναι
930 2964 991 3033 τὸν
1019 2965 1159 3054 θώρακα
1187 2970 1248 3033 τοῦ
1278 2968 1472 3052 ξιφοειδούς

321 3076 531 3158 ἐκκοπέντος,
554 3066 580 3166 ᾧ
600 3073 698 3161 ἐγγὺς
718 3073 852 3161 ἤρτηται
870 3071 908 3140 τὸ
929 3070 1145 3160 περικάρδιον
1160 3074 1338 3160 σκέπασμα.
1364 3077 1470 3142 vitio-

322 3209 392 3250 sum
417 3190 466 3248 est
490 3185 741 3267 συντμηθήναι,
769 3183 888 3247 rectius
913 3181 946 3245 M
976 3181 1310 3266 ‹rvvzpprrvjvmssp
1354 3183 1470 3269 Itaque

395 3399 428 3463 39)
449 3396 545 3451 Zeller.
566 3394 745 3463 Philosophia
764 3394 813 3447 der
833 3392 969 3446 (r'riechen
991 3391 1053 3460 111²,
1075 3401 1098 3458 1,
1118 3393 1340 3460 2103Kuehner.
1360 3393 1395 3447 ad
1415 3393 1472 3448 Cic.

324 3488 405 3540 Tusc.
426 3486 472 3552 IV,
492 3490 517 3549 7,
539 3491 578 3538 16.

395 3575 428 3642 ⁴⁰)
448 3574 588 3627 Plutarch.
608 3573 642 3626 de
662 3571 724 3626 virt.
744 3588 810 3624 mor.
830 3589 855 3640 p.
877 3577 928 3624 449
948 3570 970 3624 s:
994 3564 1045 3631 τὰς
1065 3564 1206 3631 ἐπιτάσεις
1225 3571 1280 3624 τών
1297 3571 1402 3625 παθῶν
1423 3572 1473 3625 καὶ

322 3658 372 3723 τὰς
392 3656 585 3730 σφοδρότητας
609 3657 643 3714 ού
668 3679 738 3728 φασι
762 3663 892 3728 γίνεσθαι
916 3654 988 3713 κατὰ
1008 3654 1060 3726 τήν
1078 3660 1182 3727 κρίσιν,
1207 3654 1238 3712 ἒν
1258 3651 1274 3730 ᾖ
1295 3654 1326 3713 τύ
1346 3654 1472 3730 ἁμαρτη·

323 3747 415 3815 τικύν,
439 3745 509 3802 α’λλίι
529 3745 579 3810 τὰς
597 3744 692 3816 δήξεις
711 3749 758 3802 καλ
778 3744 828 3809 τὰς
847 3744 980 3809 συστολὰς
999 3747 1046 3800 καλ
1066 3741 1246 3815 διαχύσεις
1268 3745 1342 3802 εἶναι
1362 3769 1387 3802 ιι.
1407 3769 1429 3802 τ.
1449 3753 1472 3802 λ.

396 3839 430 3906 ⁴¹)
450 3839 490 3891 De
509 3835 656 3891 anatomie.
676 3836 829 3890 administr.
849 3837 1044 3905 νο1.1[,σσσ,
1065 3843 1080 3889 2
1099 3839 1177 3904 τρίτη
1196 3831 1224 3890 δ’
1242 3831 1289 3891 ἐπ’
1306 3831 1408 3899 αύταίς
1428 3832 1472 3906 ἰγ-

323 3931 458 3998 χείρησις,
481 3920 553 3979 καθ’
573 3918 609 3992 ἣν
628 3919 644 3991 ἡ
665 3922 717 3993 μὲν
736 3928 839 3992 καρδία
858 3925 1028 3994 γυμνοῦται,
1051 3920 1233 3994 σύντρησις
1256 3919 1285 3978 δ’
1306 3920 1340 3979 ον’
1364 3927 1472 3994 γίνεται

323 4017 382 4070 τοῦ
401 4009 569 4082 δύραιιος.
599 4006 685 4066 ούδδν
705 4009 797 4080 δήπου
816 4009 984 4084 θαυμαστόν
1005 4010 1063 4068 ἐστι
1082 4014 1182 4082 τρῶσιν
1201 4011 1253 4083 μὲν
1272 4014 1322 4068 τοῦ
1337 4009 1473 4080 δύρανύς

323 4125 386 4160 τινα
410 4103 560 4174 γενέσθαι,
584 4097 734 4169 σύντρησιν
756 4100 788 4156 δὲ
812 4097 859 4172 μή.
896 4099 947 4171 τήν
966 4099 1020 4172 γὰρ
1040 4101 1080 4164 εἰς
1102 4097 1153 4163 τὰς
1177 4096 1350 4170 εύρνχωριάς
1372 4097 1472 4172 αύτσύ,

325 4189 396 4248 καθ’
417 4187 451 4255 ἃς
470 4187 484 4247 δ
505 4186 640 4262 πνεύμων
659 4189 804 4258 τέτακται,
827 4191 990 4261 διΐσχουσαν
1009 4188 1098 4260 τομήν
1122 4185 1292 4260 ὀνομάζουσι
1314 4185 1472 4259 σύντρησιν.

326 4277 341 4350 ἡ
362 4277 391 4336 δ’
411 4277 480 4349 ἄλλη
503 4282 580 4334 πᾶσα
603 4281 739 4348 διαίρεσις
762 4275 851 4334 αύτού
875 4282 973 4348 τρώσις
995 4277 1048 4349 μὲν
1071 4277 1195 4348 λέγεται,
1219 4275 1366 4349 σύντρησις
1388 4276 1417 4334 δ’
1438 4277 1472 4336 ού

326 4372 461 4423 καλεῖται.
