<?xml version="1.0" encoding="UTF-8"?>
<!DOCTYPE html PUBLIC "-//W3C//DTD XHTML 1.0 Transitional//EN"
    "http://www.w3.org/TR/xhtml1/DTD/xhtml1-transitional.dtd">
<html xmlns="http://www.w3.org/1999/xhtml" xml:lang="en" lang="en">
 <head>
  <title>
</title>
<meta http-equiv="Content-Type" content="text/html;charset=utf-8" />
  <meta name='ocr-system' content='tesseract 3.04.00' />
  <meta name='ocr-capabilities' content='ocr_page ocr_carea ocr_par ocr_line ocrx_word'/>
</head>
<body>
  <div class='ocr_page' id='page_1' title='image "./claudiigalenide02mlgoog/claudiigalenide02mlgoog_0404.png"; bbox 0 0 3296 5150; ppageno 0'>
   <div class='ocr_carea' id='block_1_1' title="bbox 613 451 855 545">
    <p class='ocr_par' dir='ltr' id='par_1_1' title="bbox 613 451 855 545">
     <span class='ocr_line' id='line_1_1' title="bbox 613 451 855 545; baseline -0.012 -26"><span class='ocrx_word' id='word_1_1' title='bbox 613 451 855 545; x_wconf 45' lang='lat' dir='ltr'>-essss</span> 
     </span>
    </p>
   </div>
   <div class='ocr_carea' id='block_1_2' title="bbox 154 603 1303 911">
    <p class='ocr_par' dir='ltr' id='par_1_2' title="bbox 154 603 1303 911">
     <span class='ocr_line' id='line_1_2' title="bbox 159 603 1303 696; baseline -0.004 -18"><span class='ocrx_word' id='word_1_2' title='bbox 159 611 260 678; x_wconf 77' lang='lat' dir='ltr'>‘ldeov</span> <span class='ocrx_word' id='word_1_3' title='bbox 283 607 395 696; x_wconf 92' lang='grc' dir='ltr'><strong><em>λόγον.</em></strong></span> <span class='ocrx_word' id='word_1_4' title='bbox 441 603 483 676; x_wconf 79' lang='grc' dir='ltr'>οὐ</span> <span class='ocrx_word' id='word_1_5' title='bbox 505 606 571 696; x_wconf 81' lang='grc' dir='ltr'>γάρ</span> <span class='ocrx_word' id='word_1_6' title='bbox 598 604 641 676; x_wconf 82' lang='grc' dir='ltr'><strong><em>άν</em></strong></span> <span class='ocrx_word' id='word_1_7' title='bbox 664 607 770 688; x_wconf 78' lang='grc' dir='ltr'><strong><em>οὕτως</em></strong></span> <span class='ocrx_word' id='word_1_8' title='bbox 793 611 829 676; x_wconf 81' lang='grc' dir='ltr'>ολ</span> <span class='ocrx_word' id='word_1_9' title='bbox 852 633 889 694; x_wconf 89' lang='grc' dir='ltr'><strong><em>γε</em></strong></span> <span class='ocrx_word' id='word_1_10' title='bbox 911 609 1111 696; x_wconf 75' lang='grc' dir='ltr'><strong><em>κρατοῦντες</em></strong></span> <span class='ocrx_word' id='word_1_11' title='bbox 1132 609 1191 694; x_wconf 79' lang='grc' dir='ltr'>τῆς</span> <span class='ocrx_word' id='word_1_12' title='bbox 1211 604 1303 692; x_wconf 82' lang='grc' dir='ltr'><strong><em>κινή-</em></strong></span> 
     </span>
     <span class='ocr_line' id='line_1_3' title="bbox 154 709 1303 802; baseline -0.006 -16"><span class='ocrx_word' id='word_1_13' title='bbox 154 721 249 797; x_wconf 57' lang='grc' dir='ltr'>εσεως</span> <span class='ocrx_word' id='word_1_14' title='bbox 270 713 349 784; x_wconf 83' lang='grc' dir='ltr'><strong><em>καθ’</em></strong></span> <span class='ocrx_word' id='word_1_15' title='bbox 376 714 515 796; x_wconf 80' lang='grc' dir='ltr'><strong><em>ἑαυτοὺς</em></strong></span> <span class='ocrx_word' id='word_1_16' title='bbox 537 711 581 784; x_wconf 77' lang='grc' dir='ltr'><strong><em>ἂν</em></strong></span> <span class='ocrx_word' id='word_1_17' title='bbox 603 726 771 786; x_wconf 71' lang='grc' dir='ltr'><strong><em>κινεῖσθαι</em></strong></span> <span class='ocrx_word' id='word_1_18' title='bbox 795 716 962 802; x_wconf 76' lang='grc' dir='ltr'><em>λέγοιντο,</em></span> <span class='ocrx_word' id='word_1_19' title='bbox 985 709 1068 782; x_wconf 76' lang='grc' dir='ltr'><strong><em>ἀλλὰ</em></strong></span> <span class='ocrx_word' id='word_1_20' title='bbox 1092 711 1173 781; x_wconf 83' lang='grc' dir='ltr'><strong><em>κατὰ</em></strong></span> <span class='ocrx_word' id='word_1_21' title='bbox 1198 710 1303 800; x_wconf 81' lang='grc' dir='ltr'><strong><em>άλλην</em></strong></span> 
     </span>
     <span class='ocr_line' id='line_1_4' title="bbox 154 817 1301 911; baseline -0.007 -18"><span class='ocrx_word' id='word_1_22' title='bbox 154 823 241 894; x_wconf 61' lang='grc' dir='ltr'>ιτινὰ</span> <span class='ocrx_word' id='word_1_23' title='bbox 273 829 352 911; x_wconf 85' lang='grc' dir='ltr'><strong><em>βίαν</em></strong></span> <span class='ocrx_word' id='word_1_24' title='bbox 385 825 511 905; x_wconf 80' lang='grc' dir='ltr'><strong><em>ἔξωθεν</em></strong></span> <span class='ocrx_word' id='word_1_25' title='bbox 546 820 678 894; x_wconf 61' lang='grc' dir='ltr'><strong><em>αὐτῶν]</em></strong></span> <span class='ocrx_word' id='word_1_26' title='bbox 729 819 887 910; x_wconf 78' lang='grc' dir='ltr'><strong><em>ὁμολογεῖ</em></strong></span> <span class='ocrx_word' id='word_1_27' title='bbox 913 817 1088 889; x_wconf 79' lang='grc' dir='ltr'><strong><em>κάνταῦθα</em></strong></span> <span class='ocrx_word' id='word_1_28' title='bbox 1120 825 1200 906; x_wconf 88' lang='grc' dir='ltr'><strong><em>βιάν</em></strong></span> <span class='ocrx_word' id='word_1_29' title='bbox 1226 817 1301 888; x_wconf 79' lang='grc' dir='ltr'><strong><em>τινὰ</em></strong></span> 
     </span>
    </p>
   </div>
   <div class='ocr_carea' id='block_1_3' title="bbox 154 1031 1369 2197">
    <p class='ocr_par' dir='ltr' id='par_1_3' title="bbox 154 1031 1369 2197">
     <span class='ocr_line' id='line_1_5' title="bbox 154 1031 1329 1126; baseline -0.009 -20"><span class='ocrx_word' id='word_1_30' title='bbox 154 1035 346 1125; x_wconf 79' lang='grc' dir='ltr'><strong><em>γιντλσκων,</em></strong></span> <span class='ocrx_word' id='word_1_31' title='bbox 373 1035 461 1126; x_wconf 79' lang='grc' dir='ltr'><strong><em>πλὴν</em></strong></span> <span class='ocrx_word' id='word_1_32' title='bbox 483 1035 534 1105; x_wconf 77' lang='grc' dir='ltr'>ὅτι</span> <span class='ocrx_word' id='word_1_33' title='bbox 561 1037 624 1126; x_wconf 76' lang='grc' dir='ltr'>τὴν</span> <span class='ocrx_word' id='word_1_34' title='bbox 651 1043 731 1124; x_wconf 85' lang='grc' dir='ltr'><strong><em>βίαν</em></strong></span> <span class='ocrx_word' id='word_1_35' title='bbox 761 1038 887 1118; x_wconf 76' lang='grc' dir='ltr'><strong><em>ἔξωθεν</em></strong></span> <span class='ocrx_word' id='word_1_36' title='bbox 910 1033 1022 1104; x_wconf 76' lang='grc' dir='ltr'><strong><em>αὐτῶν</em></strong></span> <span class='ocrx_word' id='word_1_37' title='bbox 1049 1041 1174 1122; x_wconf 82' lang='grc' dir='ltr'><strong><em>ἔφησεν</em></strong></span> <span class='ocrx_word' id='word_1_38' title='bbox 1205 1031 1329 1116; x_wconf 55' lang='lat' dir='ltr'>sinsus</span> 
     </span>
     <span class='ocr_line' id='line_1_6' title="bbox 155 1139 1303 1230; baseline -0.004 -18"><span class='ocrx_word' id='word_1_39' title='bbox 155 1145 235 1212; x_wconf 79' lang='grc' dir='ltr'><strong><em>δέον</em></strong></span> <span class='ocrx_word' id='word_1_40' title='bbox 257 1141 320 1212; x_wconf 79' lang='grc' dir='ltr'>οὐκ</span> <span class='ocrx_word' id='word_1_41' title='bbox 343 1145 485 1230; x_wconf 77' lang='grc' dir='ltr'><strong><em>ἔξωθεν,</em></strong></span> <span class='ocrx_word' id='word_1_42' title='bbox 512 1140 595 1214; x_wconf 79' lang='grc' dir='ltr'><strong><em>ἀλλὰ</em></strong></span> <span class='ocrx_word' id='word_1_43' title='bbox 623 1146 660 1213; x_wconf 81' lang='grc' dir='ltr'><strong><em>ἐν</em></strong></span> <span class='ocrx_word' id='word_1_44' title='bbox 682 1160 752 1224; x_wconf 77' lang='grc' dir='ltr'><strong><em>τοῖς</em></strong></span> <span class='ocrx_word' id='word_1_45' title='bbox 779 1140 974 1230; x_wconf 72' lang='grc' dir='ltr'><strong><em>ἀνθρώποις</em></strong></span> <span class='ocrx_word' id='word_1_46' title='bbox 999 1139 1162 1230; x_wconf 74' lang='grc' dir='ltr'>ὑπάρχειν</span> <span class='ocrx_word' id='word_1_47' title='bbox 1189 1145 1303 1208; x_wconf 76' lang='grc' dir='ltr'><strong><em>εἰπεῖν.</em></strong></span> 
     </span>
     <span class='ocr_line' id='line_1_7' title="bbox 156 1247 1301 1342; baseline -0.005 -22"><span class='ocrx_word' id='word_1_48' title='bbox 156 1247 284 1339; x_wconf 77' lang='grc' dir='ltr'><strong><em>οὐγὰρ</em></strong></span> <span class='ocrx_word' id='word_1_49' title='bbox 313 1249 370 1319; x_wconf 78' lang='grc' dir='ltr'>διὰ</span> <span class='ocrx_word' id='word_1_50' title='bbox 394 1247 475 1320; x_wconf 83' lang='grc' dir='ltr'><strong><em>αὐτὸ</em></strong></span> <span class='ocrx_word' id='word_1_51' title='bbox 504 1253 644 1342; x_wconf 78' lang='grc' dir='ltr'><strong><em>λέγομεν</em></strong></span> <span class='ocrx_word' id='word_1_52' title='bbox 667 1248 790 1332; x_wconf 80' lang='grc' dir='ltr'><strong><em>αὐτοὺς</em></strong></span> <span class='ocrx_word' id='word_1_53' title='bbox 817 1251 946 1320; x_wconf 76' lang='grc' dir='ltr'><strong><em>ἑαυτῶν</em></strong></span> <span class='ocrx_word' id='word_1_54' title='bbox 973 1251 1034 1332; x_wconf 79' lang='grc' dir='ltr'>ἔξω</span> <span class='ocrx_word' id='word_1_55' title='bbox 1061 1248 1301 1335; x_wconf 80' lang='grc' dir='ltr'><strong><em>καθεστηκέναι</em></strong></span> 
     </span>
     <span class='ocr_line' id='line_1_8' title="bbox 155 1352 1369 1446; baseline -0.004 -20"><span class='ocrx_word' id='word_1_56' title='bbox 155 1357 210 1426; x_wconf 81' lang='grc' dir='ltr'>καὶ</span> <span class='ocrx_word' id='word_1_57' title='bbox 233 1357 278 1446; x_wconf 81' lang='grc' dir='ltr'>μὴ</span> <span class='ocrx_word' id='word_1_58' title='bbox 302 1359 340 1425; x_wconf 79' lang='grc' dir='ltr'><strong><em>ἐν</em></strong></span> <span class='ocrx_word' id='word_1_59' title='bbox 363 1359 493 1439; x_wconf 76' lang='grc' dir='ltr'><strong><em>ἑαυτοῖς</em></strong></span> <span class='ocrx_word' id='word_1_60' title='bbox 515 1356 612 1444; x_wconf 86' lang='grc' dir='ltr'><strong><em>εἶναι,</em></strong></span> <span class='ocrx_word' id='word_1_61' title='bbox 636 1357 722 1428; x_wconf 90' lang='grc' dir='ltr'><strong><em>διότι</em></strong></span> <span class='ocrx_word' id='word_1_62' title='bbox 744 1357 782 1427; x_wconf 87' lang='grc' dir='ltr'>τὸ</span> <span class='ocrx_word' id='word_1_63' title='bbox 804 1360 808 1446; x_wconf 92' lang='grc' dir='ltr'>Ι</span> <span class='ocrx_word' id='word_1_64' title='bbox 828 1356 1027 1445; x_wconf 79' lang='grc' dir='ltr'><strong><em>βιαζόμενον</em></strong></span> <span class='ocrx_word' id='word_1_65' title='bbox 1049 1353 1173 1436; x_wconf 80' lang='grc' dir='ltr'><strong><em>αὐτοὺς</em></strong></span> <span class='ocrx_word' id='word_1_66' title='bbox 1194 1352 1303 1444; x_wconf 84' lang='grc' dir='ltr'><strong><em>ὁρμάν</em></strong></span> <span class='ocrx_word' id='word_1_67' title='bbox 1312 1379 1369 1436; x_wconf 74' lang='lat'>418</span> 
     </span>
     <span class='ocr_line' id='line_1_9' title="bbox 156 1461 1302 1552; baseline -0.005 -18"><span class='ocrx_word' id='word_1_68' title='bbox 156 1463 299 1534; x_wconf 82' lang='grc' dir='ltr'><strong><em>κατὰτὸ</em></strong></span> <span class='ocrx_word' id='word_1_69' title='bbox 322 1464 433 1546; x_wconf 82' lang='grc' dir='ltr'><strong><em>πάθος</em></strong></span> <span class='ocrx_word' id='word_1_70' title='bbox 455 1467 582 1547; x_wconf 79' lang='grc' dir='ltr'><strong><em>ἔξωθέν</em></strong></span> <span class='ocrx_word' id='word_1_71' title='bbox 606 1467 706 1550; x_wconf 80' lang='grc' dir='ltr'><strong><em>ἐστιν,</em></strong></span> <span class='ocrx_word' id='word_1_72' title='bbox 729 1461 812 1536; x_wconf 79' lang='grc' dir='ltr'><strong><em>ἀλλὰ</em></strong></span> <span class='ocrx_word' id='word_1_73' title='bbox 837 1463 887 1533; x_wconf 81' lang='grc' dir='ltr'>ὅτι</span> <span class='ocrx_word' id='word_1_74' title='bbox 911 1462 1000 1552; x_wconf 85' lang='grc' dir='ltr'><strong><em>παρὰ</em></strong></span> <span class='ocrx_word' id='word_1_75' title='bbox 1028 1462 1134 1550; x_wconf 83' lang='grc' dir='ltr'><strong><em>φύσιν</em></strong></span> <span class='ocrx_word' id='word_1_76' title='bbox 1156 1467 1302 1550; x_wconf 83' lang='grc' dir='ltr'><strong><em>ἔχουσιν,</em></strong></span> 
     </span>
     <span class='ocr_line' id='line_1_10' title="bbox 157 1564 1342 1666; baseline -0.003 -26"><span class='ocrx_word' id='word_1_77' title='bbox 157 1580 224 1658; x_wconf 83' lang='grc' dir='ltr'><strong><em>είγε</em></strong></span> <span class='ocrx_word' id='word_1_78' title='bbox 246 1570 283 1641; x_wconf 88' lang='grc' dir='ltr'>τὸ</span> <span class='ocrx_word' id='word_1_79' title='bbox 308 1570 444 1658; x_wconf 83' lang='grc' dir='ltr'><strong><em>λογικὸν</em></strong></span> <span class='ocrx_word' id='word_1_80' title='bbox 466 1576 525 1660; x_wconf 77' lang='grc' dir='ltr'>τῆς</span> <span class='ocrx_word' id='word_1_81' title='bbox 542 1577 661 1661; x_wconf 77' lang='grc' dir='ltr'><strong><em>ψυχῆς,</em></strong></span> <span class='ocrx_word' id='word_1_82' title='bbox 684 1564 710 1666; x_wconf 74' lang='grc' dir='ltr'><em>ᾦ</em></span> <span class='ocrx_word' id='word_1_83' title='bbox 733 1587 866 1660; x_wconf 81' lang='grc' dir='ltr'><strong><em>κρατεῖν</em></strong></span> <span class='ocrx_word' id='word_1_84' title='bbox 889 1573 943 1642; x_wconf 81' lang='grc' dir='ltr'>καὶ</span> <span class='ocrx_word' id='word_1_85' title='bbox 967 1570 1083 1660; x_wconf 77' lang='grc' dir='ltr'><strong><em>ἄρχειν</em></strong></span> <span class='ocrx_word' id='word_1_86' title='bbox 1101 1572 1172 1640; x_wconf 73' lang='grc' dir='ltr'>τῶν</span> <span class='ocrx_word' id='word_1_87' title='bbox 1191 1566 1302 1636; x_wconf 75' lang='grc' dir='ltr'><strong><em>ἄλλων</em></strong></span> <span class='ocrx_word' id='word_1_88' title='bbox 1317 1599 1342 1638; x_wconf 85' lang='grc' dir='ltr'><strong><em>ω</em></strong></span> 
     </span>
     <span class='ocr_line' id='line_1_11' title="bbox 156 1671 1303 1768; baseline -0.003 -22"><span class='ocrx_word' id='word_1_89' title='bbox 156 1671 199 1765; x_wconf 81' lang='grc' dir='ltr'><strong><em>ἦν</em></strong></span> <span class='ocrx_word' id='word_1_90' title='bbox 222 1677 304 1746; x_wconf 84' lang='grc' dir='ltr'><strong><em>κατὰ</em></strong></span> <span class='ocrx_word' id='word_1_91' title='bbox 327 1677 448 1766; x_wconf 84' lang='grc' dir='ltr'><strong><em>φύσιν,</em></strong></span> <span class='ocrx_word' id='word_1_92' title='bbox 471 1676 512 1749; x_wconf 81' lang='grc' dir='ltr'>οὐ</span> <span class='ocrx_word' id='word_1_93' title='bbox 533 1695 650 1768; x_wconf 80' lang='grc' dir='ltr'><strong><em>κρατεῖ</em></strong></span> <span class='ocrx_word' id='word_1_94' title='bbox 674 1684 757 1765; x_wconf 85' lang='grc' dir='ltr'><strong><em>νῦν,</em></strong></span> <span class='ocrx_word' id='word_1_95' title='bbox 784 1675 867 1748; x_wconf 79' lang='grc' dir='ltr'><strong><em>ἀλλὰ</em></strong></span> <span class='ocrx_word' id='word_1_96' title='bbox 894 1692 1059 1768; x_wconf 76' lang='grc' dir='ltr'><strong><em>κρατεῖται</em></strong></span> <span class='ocrx_word' id='word_1_97' title='bbox 1087 1677 1141 1745; x_wconf 84' lang='grc' dir='ltr'>καλ</span> <span class='ocrx_word' id='word_1_98' title='bbox 1170 1673 1303 1764; x_wconf 70' lang='grc' dir='ltr'><strong><em>ἔρχεται</em></strong></span> 
     </span>
     <span class='ocr_line' id='line_1_12' title="bbox 156 1779 1303 1874; baseline -0.003 -21"><span class='ocrx_word' id='word_1_99' title='bbox 156 1783 240 1874; x_wconf 83' lang='grc' dir='ltr'><strong><em>πρὸς</em></strong></span> <span class='ocrx_word' id='word_1_100' title='bbox 261 1788 330 1854; x_wconf 79' lang='grc' dir='ltr'>τάν</span> <span class='ocrx_word' id='word_1_101' title='bbox 353 1783 487 1873; x_wconf 78' lang='grc' dir='ltr'><strong><em>ἀλόγων</em></strong></span> <span class='ocrx_word' id='word_1_102' title='bbox 507 1789 567 1874; x_wconf 80' lang='grc' dir='ltr'>τῆς</span> <span class='ocrx_word' id='word_1_103' title='bbox 585 1790 692 1874; x_wconf 71' lang='grc' dir='ltr'><strong><em>ψυχῆς</em></strong></span> <span class='ocrx_word' id='word_1_104' title='bbox 710 1785 901 1874; x_wconf 78' lang='grc' dir='ltr'><strong><em>δυνάμεων·</em></strong></span> <span class='ocrx_word' id='word_1_105' title='bbox 925 1783 1017 1873; x_wconf 82' lang='grc' dir='ltr'><strong><em>ὅπερ,</em></strong></span> <span class='ocrx_word' id='word_1_106' title='bbox 1041 1782 1144 1873; x_wconf 87' lang='grc' dir='ltr'><strong><em>οἶμαι,</em></strong></span> <span class='ocrx_word' id='word_1_107' title='bbox 1166 1783 1221 1852; x_wconf 80' lang='grc' dir='ltr'>καὶ</span> <span class='ocrx_word' id='word_1_108' title='bbox 1246 1779 1303 1850; x_wconf 78' lang='grc' dir='ltr'>διὰ</span> 
     </span>
     <span class='ocr_line' id='line_1_13' title="bbox 155 1885 1303 1982; baseline -0.004 -21"><span class='ocrx_word' id='word_1_109' title='bbox 155 1893 406 1962; x_wconf 76' lang='grc' dir='ltr'><strong><em>τῶντοιούτων</em></strong></span> <span class='ocrx_word' id='word_1_110' title='bbox 423 1893 699 1982; x_wconf 73' lang='grc' dir='ltr'><strong><em>παραδειγμάτων</em></strong></span> <span class='ocrx_word' id='word_1_111' title='bbox 719 1891 737 1962; x_wconf 84' lang='grc' dir='ltr'>ὁ</span> <span class='ocrx_word' id='word_1_112' title='bbox 756 1891 949 1982; x_wconf 88' lang='grc' dir='ltr'><strong><em>Χρύσιππος</em></strong></span> <span class='ocrx_word' id='word_1_113' title='bbox 967 1890 1218 1974; x_wconf 80' lang='grc' dir='ltr'><strong><em>κατασκευάζων</em></strong></span> <span class='ocrx_word' id='word_1_114' title='bbox 1241 1885 1303 1957; x_wconf 88' lang='grc' dir='ltr'>οὐκ</span> 
     </span>
     <span class='ocr_line' id='line_1_14' title="bbox 156 1997 1302 2090; baseline -0.003 -22"><span class='ocrx_word' id='word_1_115' title='bbox 156 1999 363 2069; x_wconf 75' lang='grc' dir='ltr'><strong><em>αἰσθάνεται.</em></strong></span> <span class='ocrx_word' id='word_1_116' title='bbox 411 2009 627 2089; x_wconf 77' lang='grc' dir='ltr'><strong><em>παρατίθεται</em></strong></span> <span class='ocrx_word' id='word_1_117' title='bbox 654 2005 739 2090; x_wconf 83' lang='grc' dir='ltr'><strong><em>γοῦν</em></strong></span> <span class='ocrx_word' id='word_1_118' title='bbox 765 2000 826 2070; x_wconf 87' lang='grc' dir='ltr'>τὸν</span> <span class='ocrx_word' id='word_1_119' title='bbox 853 1998 918 2072; x_wconf 77' lang='grc' dir='ltr'>ὑπὸ</span> <span class='ocrx_word' id='word_1_120' title='bbox 948 1997 1137 2090; x_wconf 82' lang='grc' dir='ltr'><strong><em>Εὐριπίδου</em></strong></span> <span class='ocrx_word' id='word_1_121' title='bbox 1164 2023 1302 2086; x_wconf 89' lang='grc' dir='ltr'><strong><em>γεγραμ-</em></strong></span> 
     </span>
     <span class='ocr_line' id='line_1_15' title="bbox 157 2096 1343 2197; baseline -0.003 -22"><span class='ocrx_word' id='word_1_122' title='bbox 157 2108 261 2194; x_wconf 77' lang='grc' dir='ltr'><strong><em>μένον</em></strong></span> <span class='ocrx_word' id='word_1_123' title='bbox 278 2104 478 2195; x_wconf 76' lang='grc' dir='ltr'><strong><em>Ἡρακλέους</em></strong></span> <span class='ocrx_word' id='word_1_124' title='bbox 499 2108 583 2197; x_wconf 85' lang='grc' dir='ltr'><strong><em>πρὸς</em></strong></span> <span class='ocrx_word' id='word_1_125' title='bbox 597 2107 766 2197; x_wconf 81' lang='grc' dir='ltr'><strong><em>Ἀδμητον</em></strong></span> <span class='ocrx_word' id='word_1_126' title='bbox 789 2109 962 2195; x_wconf 78' lang='grc' dir='ltr'><strong><em>διάλογον·</em></strong></span> <span class='ocrx_word' id='word_1_127' title='bbox 985 2113 1050 2195; x_wconf 79' lang='grc' dir='ltr'><strong><em>ἔχει</em></strong></span> <span class='ocrx_word' id='word_1_128' title='bbox 1075 2106 1111 2175; x_wconf 78' lang='grc' dir='ltr'>δὲ</span> <span class='ocrx_word' id='word_1_129' title='bbox 1135 2096 1213 2174; x_wconf 77' lang='grc' dir='ltr'><strong><em>ὦδε·</em></strong></span> <span class='ocrx_word' id='word_1_130' title='bbox 1318 2133 1343 2172; x_wconf 82' lang='grc' dir='ltr'><strong><em>ιε</em></strong></span> 
     </span>
    </p>
   </div>
   <div class='ocr_carea' id='block_1_4' title="bbox 156 2355 1304 2770">
    <p class='ocr_par' dir='ltr' id='par_1_4' title="bbox 156 2355 1304 2770">
     <span class='ocr_line' id='line_1_16' title="bbox 196 2355 1303 2428; baseline -0.005 -15"><span class='ocrx_word' id='word_1_131' title='bbox 196 2360 260 2413; x_wconf 80' lang='grc' dir='ltr'><strong><em>λεί</em></strong></span> <span class='ocrx_word' id='word_1_132' title='bbox 276 2377 307 2428; x_wconf 83' lang='grc' dir='ltr'><strong><em>γε</em></strong></span> <span class='ocrx_word' id='word_1_133' title='bbox 332 2374 384 2428; x_wconf 87' lang='lat' dir='ltr'>pro</span> <span class='ocrx_word' id='word_1_134' title='bbox 407 2357 440 2412; x_wconf 73' lang='grc' dir='ltr'>οἵ</span> <span class='ocrx_word' id='word_1_135' title='bbox 457 2377 488 2426; x_wconf 82' lang='grc' dir='ltr'><strong><em>γε</em></strong></span> <span class='ocrx_word' id='word_1_136' title='bbox 512 2358 548 2414; x_wconf 92' lang='grc' dir='ltr'>Μ.</span> <span class='ocrx_word' id='word_1_137' title='bbox 574 2391 606 2398; x_wconf 99' lang='grc'>-</span> <span class='ocrx_word' id='word_1_138' title='bbox 635 2366 652 2414; x_wconf 75' lang='lat' dir='ltr'>t</span> <span class='ocrx_word' id='word_1_139' title='bbox 675 2355 707 2415; x_wconf 76' lang='grc' dir='ltr'><strong><em>ἔν</em></strong></span> <span class='ocrx_word' id='word_1_140' title='bbox 731 2363 796 2416; x_wconf 74' lang='grc' dir='ltr'><strong><em>ουλε</em></strong></span> <span class='ocrx_word' id='word_1_141' title='bbox 819 2360 890 2416; x_wconf 82' lang='grc' dir='ltr'><strong><em>πᾶσι</em></strong></span> <span class='ocrx_word' id='word_1_142' title='bbox 912 2374 963 2413; x_wconf 89' lang='lat' dir='ltr'>nos</span> <span class='ocrx_word' id='word_1_143' title='bbox 986 2356 1160 2412; x_wconf 84' lang='lat' dir='ltr'>inseruimus.</span> <span class='ocrx_word' id='word_1_144' title='bbox 1185 2385 1218 2394; x_wconf 96' lang='lat'><em>-</em></span> <span class='ocrx_word' id='word_1_145' title='bbox 1244 2359 1303 2416; x_wconf 77' lang='grc' dir='ltr'><strong><em>τοῖς</em></strong></span> 
     </span>
     <span class='ocr_line' id='line_1_17' title="bbox 156 2421 1303 2501; baseline -0.004 -17"><span class='ocrx_word' id='word_1_146' title='bbox 156 2425 282 2484; x_wconf 87' lang='grc' dir='ltr'><strong><em>πάθεσιν</em></strong></span> <span class='ocrx_word' id='word_1_147' title='bbox 301 2429 381 2484; x_wconf 88' lang='lat' dir='ltr'>codd.</span> <span class='ocrx_word' id='word_1_148' title='bbox 401 2429 463 2485; x_wconf 84' lang='lat' dir='ltr'>edd.</span> <span class='ocrx_word' id='word_1_149' title='bbox 481 2450 505 2484; x_wconf 93' lang='grc' dir='ltr'>τ.</span> <span class='ocrx_word' id='word_1_150' title='bbox 525 2425 686 2501; x_wconf 75' lang='grc' dir='ltr'><strong><em>ἕμτιαθέτιν</em></strong></span> <span class='ocrx_word' id='word_1_151' title='bbox 705 2448 764 2488; x_wconf 86' lang='lat' dir='ltr'>uos.</span> <span class='ocrx_word' id='word_1_152' title='bbox 787 2463 819 2473; x_wconf 91' lang='lat'>-</span> <span class='ocrx_word' id='word_1_153' title='bbox 840 2439 856 2486; x_wconf 85' lang='grc'><strong>6</strong></span> <span class='ocrx_word' id='word_1_154' title='bbox 874 2435 933 2492; x_wconf 76' lang='grc' dir='ltr'><strong><em>τοῖς</em></strong></span> <span class='ocrx_word' id='word_1_155' title='bbox 951 2429 995 2484; x_wconf 86' lang='lat' dir='ltr'>bis</span> <span class='ocrx_word' id='word_1_156' title='bbox 1013 2428 1050 2482; x_wconf 91' lang='grc' dir='ltr'>Μ.</span> <span class='ocrx_word' id='word_1_157' title='bbox 1070 2459 1102 2468; x_wconf 92' lang='lat'>·-</span> <span class='ocrx_word' id='word_1_158' title='bbox 1128 2433 1142 2482; x_wconf 77' lang='lat' dir='ltr'>l</span> <span class='ocrx_word' id='word_1_159' title='bbox 1163 2421 1254 2482; x_wconf 81' lang='grc' dir='ltr'><strong><em>ἕαυτῶ</em></strong></span> <span class='ocrx_word' id='word_1_160' title='bbox 1274 2425 1303 2478; x_wconf 98' lang='grc' dir='ltr'>Μ</span> 
     </span>
     <span class='ocr_line' id='line_1_18' title="bbox 159 2492 1304 2573; baseline -0.006 -17"><span class='ocrx_word' id='word_1_161' title='bbox 159 2497 272 2564; x_wconf 65' lang='lat' dir='ltr'>lomois·</span> <span class='ocrx_word' id='word_1_162' title='bbox 290 2501 419 2556; x_wconf 79' lang='lat' dir='ltr'>sssth</span> <span class='ocrx_word' id='word_1_163' title='bbox 443 2496 552 2556; x_wconf 73' lang='lat' dir='ltr'>iuuenis</span> <span class='ocrx_word' id='word_1_164' title='bbox 572 2518 635 2572; x_wconf 67' lang='grc' dir='ltr'><strong><em>ρους</em></strong></span> <span class='ocrx_word' id='word_1_165' title='bbox 659 2503 694 2557; x_wconf 81' lang='lat' dir='ltr'>ci.</span> <span class='ocrx_word' id='word_1_166' title='bbox 714 2503 798 2558; x_wconf 86' lang='lat' dir='ltr'>Proll.</span> <span class='ocrx_word' id='word_1_167' title='bbox 821 2521 849 2573; x_wconf 91' lang='lat' dir='ltr'>p.</span> <span class='ocrx_word' id='word_1_168' title='bbox 868 2507 911 2558; x_wconf 78' lang='lat'>30.</span> <span class='ocrx_word' id='word_1_169' title='bbox 935 2532 968 2541; x_wconf 96' lang='lat'><strong>—</strong></span> <span class='ocrx_word' id='word_1_170' title='bbox 992 2505 1008 2556; x_wconf 86' lang='grc'>8</span> <span class='ocrx_word' id='word_1_171' title='bbox 1028 2494 1125 2560; x_wconf 74' lang='grc' dir='ltr'><strong><em>αὐτοῖς</em></strong></span> <span class='ocrx_word' id='word_1_172' title='bbox 1143 2497 1172 2551; x_wconf 89' lang='grc' dir='ltr'>Μ</span> <span class='ocrx_word' id='word_1_173' title='bbox 1192 2492 1304 2558; x_wconf 80' lang='grc' dir='ltr'><strong><em>ἕαυτοίς</em></strong></span> 
     </span>
     <span class='ocr_line' id='line_1_19' title="bbox 158 2562 1302 2646; baseline -0.003 -20"><span class='ocrx_word' id='word_1_174' title='bbox 158 2574 190 2627; x_wconf 80' lang='lat' dir='ltr'>A.</span> <span class='ocrx_word' id='word_1_175' title='bbox 216 2603 248 2612; x_wconf 92' lang='lat'><em>-</em></span> <span class='ocrx_word' id='word_1_176' title='bbox 273 2568 460 2646; x_wconf 73' lang='grc' dir='ltr'><strong><em>βαδιζόμενον</em></strong></span> <span class='ocrx_word' id='word_1_177' title='bbox 483 2572 511 2626; x_wconf 90' lang='grc' dir='ltr'>Μ</span> <span class='ocrx_word' id='word_1_178' title='bbox 534 2569 702 2646; x_wconf 73' lang='grc' dir='ltr'><strong><em>βιαζόμενον</em></strong></span> <span class='ocrx_word' id='word_1_179' title='bbox 724 2575 758 2629; x_wconf 82' lang='grc' dir='ltr'>Δ.</span> <span class='ocrx_word' id='word_1_180' title='bbox 783 2605 815 2614; x_wconf 94' lang='grc'>-</span> <span class='ocrx_word' id='word_1_181' title='bbox 843 2580 877 2629; x_wconf 79' lang='grc'>14</span> <span class='ocrx_word' id='word_1_182' title='bbox 899 2575 965 2628; x_wconf 76' lang='lat' dir='ltr'>ente</span> <span class='ocrx_word' id='word_1_183' title='bbox 989 2566 1147 2639; x_wconf 82' lang='grc' dir='ltr'><strong><em>Εόριττίδον</em></strong></span> <span class='ocrx_word' id='word_1_184' title='bbox 1170 2586 1220 2624; x_wconf 90' lang='lat' dir='ltr'>nos</span> <span class='ocrx_word' id='word_1_185' title='bbox 1245 2562 1302 2623; x_wconf 79' lang='grc' dir='ltr'>ὑπὸ</span> 
     </span>
     <span class='ocr_line' id='line_1_20' title="bbox 158 2635 1303 2716; baseline -0.002 -18"><span class='ocrx_word' id='word_1_186' title='bbox 158 2643 335 2711; x_wconf 75' lang='lat' dir='ltr'>inseruimus3</span> <span class='ocrx_word' id='word_1_187' title='bbox 367 2643 402 2699; x_wconf 83' lang='lat' dir='ltr'>cf.</span> <span class='ocrx_word' id='word_1_188' title='bbox 425 2643 510 2698; x_wconf 88' lang='lat' dir='ltr'>Proll.</span> <span class='ocrx_word' id='word_1_189' title='bbox 533 2663 561 2716; x_wconf 89' lang='lat' dir='ltr'>p.</span> <span class='ocrx_word' id='word_1_190' title='bbox 586 2651 645 2701; x_wconf 76' lang='lat' dir='ltr'>lot.</span> <span class='ocrx_word' id='word_1_191' title='bbox 671 2677 702 2686; x_wconf 92' lang='lat'><em>-</em></span> <span class='ocrx_word' id='word_1_192' title='bbox 738 2651 771 2701; x_wconf 79' lang='lat' dir='ltr'>lt</span> <span class='ocrx_word' id='word_1_193' title='bbox 789 2640 925 2713; x_wconf 83' lang='grc' dir='ltr'><strong><em>Ἡρακλεῖ</em></strong></span> <span class='ocrx_word' id='word_1_194' title='bbox 947 2643 1026 2698; x_wconf 88' lang='lat' dir='ltr'>codd.</span> <span class='ocrx_word' id='word_1_195' title='bbox 1052 2641 1114 2696; x_wconf 89' lang='lat' dir='ltr'>edd.</span> <span class='ocrx_word' id='word_1_196' title='bbox 1133 2635 1303 2710; x_wconf 76' lang='grc' dir='ltr'><strong><em>Ἡρακλέους</em></strong></span> 
     </span>
     <span class='ocr_line' id='line_1_21' title="bbox 158 2731 271 2770; baseline 0.018 -2"><span class='ocrx_word' id='word_1_197' title='bbox 158 2731 217 2770; x_wconf 83' lang='lat' dir='ltr'>noc.</span> <span class='ocrx_word' id='word_1_198' title='bbox 236 2745 271 2755; x_wconf 92' lang='lat'><em>-</em></span> 
     </span>
    </p>
   </div>
   <div class='ocr_carea' id='block_1_5' title="bbox 159 2965 1306 4445">
    <p class='ocr_par' dir='ltr' id='par_1_5' title="bbox 159 2965 1306 4445">
     <span class='ocr_line' id='line_1_22' title="bbox 159 2965 1302 3055; baseline -0.004 -20"><span class='ocrx_word' id='word_1_199' title='bbox 159 2968 343 3035; x_wconf 85' lang='lat' dir='ltr'>currendi</span> <span class='ocrx_word' id='word_1_200' title='bbox 364 2970 567 3055; x_wconf 84' lang='lat' dir='ltr'>impetum,</span> <span class='ocrx_word' id='word_1_201' title='bbox 590 2970 648 3035; x_wconf 81' lang='lat' dir='ltr'>its</span> <span class='ocrx_word' id='word_1_202' title='bbox 669 2969 827 3036; x_wconf 89' lang='lat' dir='ltr'>illorum</span> <span class='ocrx_word' id='word_1_203' title='bbox 850 2970 954 3035; x_wconf 80' lang='lat' dir='ltr'>ultra</span> <span class='ocrx_word' id='word_1_204' title='bbox 976 2967 1167 3033; x_wconf 80' lang='lat' dir='ltr'>rationem</span> <span class='ocrx_word' id='word_1_205' title='bbox 1190 2965 1302 3031; x_wconf 84' lang='lat' dir='ltr'>vehe-</span> 
     </span>
     <span class='ocr_line' id='line_1_23' title="bbox 159 3075 1303 3162; baseline -0.005 -20"><span class='ocrx_word' id='word_1_206' title='bbox 159 3078 313 3143; x_wconf 85' lang='lat' dir='ltr'>mentia.</span> <span class='ocrx_word' id='word_1_207' title='bbox 357 3076 489 3162; x_wconf 83' lang='lat' dir='ltr'>Neque</span> <span class='ocrx_word' id='word_1_208' title='bbox 513 3077 629 3162; x_wconf 86' lang='lat' dir='ltr'>enim,</span> <span class='ocrx_word' id='word_1_209' title='bbox 651 3077 716 3162; x_wconf 92' lang='lat' dir='ltr'>qui</span> <span class='ocrx_word' id='word_1_210' title='bbox 739 3081 886 3142; x_wconf 89' lang='lat' dir='ltr'>motum</span> <span class='ocrx_word' id='word_1_211' title='bbox 909 3075 1174 3158; x_wconf 76' lang='lat' dir='ltr'><strong>moderantur,</strong></span> <span class='ocrx_word' id='word_1_212' title='bbox 1198 3095 1241 3138; x_wconf 84' lang='lat' dir='ltr'>ex</span> <span class='ocrx_word' id='word_1_213' title='bbox 1265 3095 1303 3138; x_wconf 93' lang='lat' dir='ltr'>se</span> 
     </span>
     <span class='ocr_line' id='line_1_24' title="bbox 159 3181 1303 3270; baseline -0.004 -21"><span class='ocrx_word' id='word_1_214' title='bbox 159 3185 258 3270; x_wconf 91' lang='lat' dir='ltr'>ipsis</span> <span class='ocrx_word' id='word_1_215' title='bbox 285 3184 430 3250; x_wconf 84' lang='lat' dir='ltr'>moveri</span> <span class='ocrx_word' id='word_1_216' title='bbox 458 3184 699 3268; x_wconf 76' lang='lat' dir='ltr'>dicerentur,</span> <span class='ocrx_word' id='word_1_217' title='bbox 726 3184 790 3249; x_wconf 90' lang='lat' dir='ltr'>sed</span> <span class='ocrx_word' id='word_1_218' title='bbox 819 3205 862 3248; x_wconf 84' lang='lat' dir='ltr'>ex</span> <span class='ocrx_word' id='word_1_219' title='bbox 886 3183 964 3248; x_wconf 84' lang='lat' dir='ltr'>slis</span> <span class='ocrx_word' id='word_1_220' title='bbox 992 3181 1155 3269; x_wconf 82' lang='lat' dir='ltr'>quadam</span> <span class='ocrx_word' id='word_1_221' title='bbox 1182 3181 1219 3245; x_wconf 83' lang='lat' dir='ltr'>vi</span> <span class='ocrx_word' id='word_1_222' title='bbox 1243 3203 1303 3245; x_wconf 85' lang='lat' dir='ltr'>ex·</span> 
     </span>
     <span class='ocr_line' id='line_1_25' title="bbox 159 3287 1305 3378; baseline -0.004 -22"><span class='ocrx_word' id='word_1_223' title='bbox 159 3293 356 3357; x_wconf 79' lang='lat' dir='ltr'>trinsecus</span> <span class='ocrx_word' id='word_1_224' title='bbox 380 3289 516 3357; x_wconf 68' lang='lat' dir='ltr'>illata?</span> <span class='ocrx_word' id='word_1_225' title='bbox 553 3291 616 3357; x_wconf 90' lang='lat' dir='ltr'>Hic</span> <span class='ocrx_word' id='word_1_226' title='bbox 634 3313 759 3378; x_wconf 89' lang='lat' dir='ltr'>quoque</span> <span class='ocrx_word' id='word_1_227' title='bbox 782 3291 851 3358; x_wconf 74' lang='lat' dir='ltr'>vim</span> <span class='ocrx_word' id='word_1_228' title='bbox 874 3289 1036 3376; x_wconf 80' lang='lat' dir='ltr'>quandam</span> <span class='ocrx_word' id='word_1_229' title='bbox 1059 3309 1130 3353; x_wconf 90' lang='lat' dir='ltr'>esse</span> <span class='ocrx_word' id='word_1_230' title='bbox 1148 3287 1305 3370; x_wconf 78' lang='lat' dir='ltr'>concedit,</span> 
     </span>
     <span class='ocr_line' id='line_1_26' title="bbox 159 3393 1303 3488; baseline -0.003 -26"><span class='ocrx_word' id='word_1_231' title='bbox 159 3421 241 3482; x_wconf 81' lang='lat' dir='ltr'>quae</span> <span class='ocrx_word' id='word_1_232' title='bbox 264 3398 472 3482; x_wconf 83' lang='lat' dir='ltr'>perturbatos</span> <span class='ocrx_word' id='word_1_233' title='bbox 496 3421 607 3488; x_wconf 78' lang='lat' dir='ltr'>omnes</span> <span class='ocrx_word' id='word_1_234' title='bbox 634 3398 675 3463; x_wconf 83' lang='lat' dir='ltr'>sd</span> <span class='ocrx_word' id='word_1_235' title='bbox 698 3398 857 3483; x_wconf 87' lang='lat' dir='ltr'>impetum</span> <span class='ocrx_word' id='word_1_236' title='bbox 881 3397 1007 3480; x_wconf 86' lang='lat' dir='ltr'>incitet,</span> <span class='ocrx_word' id='word_1_237' title='bbox 1030 3393 1210 3460; x_wconf 78' lang='lat' dir='ltr'>rectissime</span> <span class='ocrx_word' id='word_1_238' title='bbox 1234 3415 1303 3458; x_wconf 91' lang='lat' dir='ltr'>sen-</span> 
     </span>
     <span class='ocr_line' id='line_1_27' title="bbox 159 3500 1306 3590; baseline -0.003 -24"><span class='ocrx_word' id='word_1_239' title='bbox 159 3503 259 3588; x_wconf 87' lang='lat' dir='ltr'>tiens,</span> <span class='ocrx_word' id='word_1_240' title='bbox 286 3505 351 3570; x_wconf 90' lang='lat' dir='ltr'>nisi</span> <span class='ocrx_word' id='word_1_241' title='bbox 373 3505 458 3590; x_wconf 89' lang='lat' dir='ltr'>quod</span> <span class='ocrx_word' id='word_1_242' title='bbox 487 3505 554 3571; x_wconf 77' lang='lat' dir='ltr'>vim</span> <span class='ocrx_word' id='word_1_243' title='bbox 582 3507 782 3572; x_wconf 86' lang='lat' dir='ltr'>extrinsecus</span> <span class='ocrx_word' id='word_1_244' title='bbox 810 3504 923 3572; x_wconf 84' lang='lat' dir='ltr'>inferri</span> <span class='ocrx_word' id='word_1_245' title='bbox 951 3503 1046 3586; x_wconf 86' lang='lat' dir='ltr'>dixit,</span> <span class='ocrx_word' id='word_1_246' title='bbox 1078 3523 1151 3567; x_wconf 89' lang='lat' dir='ltr'>eum</span> <span class='ocrx_word' id='word_1_247' title='bbox 1174 3500 1306 3565; x_wconf 90' lang='lat' dir='ltr'>deberet</span> 
     </span>
     <span class='ocr_line' id='line_1_28' title="bbox 160 3605 1305 3697; baseline -0.003 -23"><span class='ocrx_word' id='word_1_248' title='bbox 160 3631 226 3675; x_wconf 91' lang='lat' dir='ltr'>uon</span> <span class='ocrx_word' id='word_1_249' title='bbox 249 3611 463 3696; x_wconf 87' lang='lat' dir='ltr'>extrinsecus,</span> <span class='ocrx_word' id='word_1_250' title='bbox 487 3613 543 3677; x_wconf 94' lang='lat' dir='ltr'>sed</span> <span class='ocrx_word' id='word_1_251' title='bbox 565 3613 599 3676; x_wconf 91' lang='lat' dir='ltr'>in</span> <span class='ocrx_word' id='word_1_252' title='bbox 622 3613 704 3697; x_wconf 90' lang='lat' dir='ltr'>ipsis</span> <span class='ocrx_word' id='word_1_253' title='bbox 730 3612 919 3679; x_wconf 90' lang='lat' dir='ltr'>hominibus</span> <span class='ocrx_word' id='word_1_254' title='bbox 942 3609 1047 3676; x_wconf 91' lang='lat' dir='ltr'>inesse</span> <span class='ocrx_word' id='word_1_255' title='bbox 1070 3607 1185 3674; x_wconf 86' lang='lat' dir='ltr'>dicere.</span> <span class='ocrx_word' id='word_1_256' title='bbox 1229 3605 1305 3672; x_wconf 88' lang='lat' dir='ltr'>Non</span> 
     </span>
     <span class='ocr_line' id='line_1_29' title="bbox 161 3714 1305 3805; baseline -0.002 -24"><span class='ocrx_word' id='word_1_257' title='bbox 161 3717 247 3782; x_wconf 90' lang='lat' dir='ltr'>enim</span> <span class='ocrx_word' id='word_1_258' title='bbox 270 3717 343 3782; x_wconf 90' lang='lat' dir='ltr'>ideo</span> <span class='ocrx_word' id='word_1_259' title='bbox 366 3721 458 3782; x_wconf 81' lang='lat' dir='ltr'>extre</span> <span class='ocrx_word' id='word_1_260' title='bbox 488 3741 522 3783; x_wconf 88' lang='lat' dir='ltr'>se</span> <span class='ocrx_word' id='word_1_261' title='bbox 549 3719 638 3804; x_wconf 88' lang='lat' dir='ltr'>ipsos</span> <span class='ocrx_word' id='word_1_262' title='bbox 665 3720 830 3805; x_wconf 87' lang='lat' dir='ltr'>homines,</span> <span class='ocrx_word' id='word_1_263' title='bbox 856 3741 922 3786; x_wconf 92' lang='lat' dir='ltr'>non</span> <span class='ocrx_word' id='word_1_264' title='bbox 951 3737 1048 3802; x_wconf 89' lang='lat' dir='ltr'>penes</span> <span class='ocrx_word' id='word_1_265' title='bbox 1077 3737 1111 3780; x_wconf 89' lang='lat' dir='ltr'>se</span> <span class='ocrx_word' id='word_1_266' title='bbox 1134 3736 1206 3781; x_wconf 89' lang='lat' dir='ltr'>esse</span> <span class='ocrx_word' id='word_1_267' title='bbox 1228 3714 1305 3779; x_wconf 90' lang='lat' dir='ltr'>diei-</span> 
     </span>
     <span class='ocr_line' id='line_1_30' title="bbox 161 3821 1305 3912; baseline -0.002 -24"><span class='ocrx_word' id='word_1_268' title='bbox 161 3845 242 3907; x_wconf 87' lang='lat' dir='ltr'>mus,</span> <span class='ocrx_word' id='word_1_269' title='bbox 265 3823 342 3908; x_wconf 82' lang='lat' dir='ltr'>quie</span> <span class='ocrx_word' id='word_1_270' title='bbox 363 3823 406 3907; x_wconf 87' lang='lat' dir='ltr'>id,</span> <span class='ocrx_word' id='word_1_271' title='bbox 429 3825 515 3908; x_wconf 88' lang='lat' dir='ltr'>quod</span> <span class='ocrx_word' id='word_1_272' title='bbox 539 3826 579 3890; x_wconf 85' lang='lat' dir='ltr'>sd</span> <span class='ocrx_word' id='word_1_273' title='bbox 602 3827 859 3912; x_wconf 74' lang='lat' dir='ltr'>perturbationis</span> <span class='ocrx_word' id='word_1_274' title='bbox 888 3826 1047 3910; x_wconf 90' lang='lat' dir='ltr'>impetum</span> <span class='ocrx_word' id='word_1_275' title='bbox 1076 3845 1132 3888; x_wconf 91' lang='lat' dir='ltr'>eos</span> <span class='ocrx_word' id='word_1_276' title='bbox 1156 3821 1305 3907; x_wconf 84' lang='lat' dir='ltr'>impellit,</span> 
     </span>
     <span class='ocr_line' id='line_1_31' title="bbox 160 3929 1304 4018; baseline -0.003 -22"><span class='ocrx_word' id='word_1_277' title='bbox 160 3931 358 3996; x_wconf 84' lang='lat' dir='ltr'>extrinsecus</span> <span class='ocrx_word' id='word_1_278' title='bbox 382 3931 434 4014; x_wconf 74' lang='lat' dir='ltr'>sit,</span> <span class='ocrx_word' id='word_1_279' title='bbox 457 3931 513 3996; x_wconf 90' lang='lat' dir='ltr'>sed</span> <span class='ocrx_word' id='word_1_280' title='bbox 531 3933 607 4016; x_wconf 83' lang='lat' dir='ltr'>quia</span> <span class='ocrx_word' id='word_1_281' title='bbox 629 3937 759 4018; x_wconf 81' lang='lat' dir='ltr'>praeter</span> <span class='ocrx_word' id='word_1_282' title='bbox 775 3937 926 3998; x_wconf 80' lang='lat' dir='ltr'>naturam</span> <span class='ocrx_word' id='word_1_283' title='bbox 949 3931 1106 4015; x_wconf 67' lang='lat' dir='ltr'>lemntun</span> <span class='ocrx_word' id='word_1_284' title='bbox 1128 3931 1157 3995; x_wconf 91' lang='lat' dir='ltr'>si</span> <span class='ocrx_word' id='word_1_285' title='bbox 1175 3929 1304 4015; x_wconf 89' lang='lat' dir='ltr'>quidem</span> 
     </span>
     <span class='ocr_line' id='line_1_32' title="bbox 160 4036 1305 4124; baseline -0.001 -22"><span class='ocrx_word' id='word_1_286' title='bbox 160 4036 332 4102; x_wconf 75' lang='lat' dir='ltr'>rationalis</span> <span class='ocrx_word' id='word_1_287' title='bbox 355 4037 456 4102; x_wconf 82' lang='lat' dir='ltr'>enimi</span> <span class='ocrx_word' id='word_1_288' title='bbox 475 4061 561 4124; x_wconf 86' lang='lat' dir='ltr'>pers,</span> <span class='ocrx_word' id='word_1_289' title='bbox 585 4040 635 4104; x_wconf 89' lang='lat' dir='ltr'>cui</span> <span class='ocrx_word' id='word_1_290' title='bbox 658 4039 807 4105; x_wconf 80' lang='lat' dir='ltr'>naturale</span> <span class='ocrx_word' id='word_1_291' title='bbox 826 4044 877 4105; x_wconf 87' lang='lat' dir='ltr'>est</span> <span class='ocrx_word' id='word_1_292' title='bbox 899 4038 1059 4105; x_wconf 81' lang='lat' dir='ltr'>dominari</span> <span class='ocrx_word' id='word_1_293' title='bbox 1081 4038 1305 4122; x_wconf 83' lang='lat' dir='ltr'>imperereque</span> 
     </span>
     <span class='ocr_line' id='line_1_33' title="bbox 161 4143 1304 4231; baseline 0 -23"><span class='ocrx_word' id='word_1_294' title='bbox 161 4143 250 4228; x_wconf 82' lang='lat' dir='ltr'>aliis,</span> <span class='ocrx_word' id='word_1_295' title='bbox 277 4147 347 4208; x_wconf 91' lang='lat' dir='ltr'>tum</span> <span class='ocrx_word' id='word_1_296' title='bbox 374 4165 440 4210; x_wconf 89' lang='lat' dir='ltr'>non</span> <span class='ocrx_word' id='word_1_297' title='bbox 467 4145 667 4231; x_wconf 83' lang='lat' dir='ltr'>dominetur,</span> <span class='ocrx_word' id='word_1_298' title='bbox 696 4146 753 4212; x_wconf 86' lang='lat' dir='ltr'>sed</span> <span class='ocrx_word' id='word_1_299' title='bbox 779 4147 924 4213; x_wconf 90' lang='lat' dir='ltr'>dominio</span> <span class='ocrx_word' id='word_1_300' title='bbox 954 4145 1155 4230; x_wconf 91' lang='lat' dir='ltr'>imperioque</span> <span class='ocrx_word' id='word_1_301' title='bbox 1179 4144 1304 4209; x_wconf 79' lang='lat' dir='ltr'>ratione</span> 
     </span>
     <span class='ocr_line' id='line_1_34' title="bbox 160 4250 1306 4336; baseline -0.002 -20"><span class='ocrx_word' id='word_1_302' title='bbox 160 4251 340 4316; x_wconf 85' lang='lat' dir='ltr'>carentium</span> <span class='ocrx_word' id='word_1_303' title='bbox 371 4251 472 4317; x_wconf 83' lang='lat' dir='ltr'>enimi</span> <span class='ocrx_word' id='word_1_304' title='bbox 505 4253 700 4318; x_wconf 78' lang='lat' dir='ltr'>facultatum</span> <span class='ocrx_word' id='word_1_305' title='bbox 728 4252 874 4319; x_wconf 79' lang='lat' dir='ltr'>subiecta</span> <span class='ocrx_word' id='word_1_306' title='bbox 900 4257 963 4336; x_wconf 85' lang='lat' dir='ltr'>est,</span> <span class='ocrx_word' id='word_1_307' title='bbox 991 4251 1024 4316; x_wconf 92' lang='lat' dir='ltr'>id</span> <span class='ocrx_word' id='word_1_308' title='bbox 1053 4250 1153 4336; x_wconf 87' lang='lat' dir='ltr'>quod,</span> <span class='ocrx_word' id='word_1_309' title='bbox 1181 4251 1306 4333; x_wconf 90' lang='lat' dir='ltr'>opinor,</span> 
     </span>
     <span class='ocr_line' id='line_1_35' title="bbox 160 4357 1305 4445; baseline 0 -23"><span class='ocrx_word' id='word_1_310' title='bbox 160 4358 261 4423; x_wconf 82' lang='lat' dir='ltr'>etism</span> <span class='ocrx_word' id='word_1_311' title='bbox 280 4357 503 4426; x_wconf 89' lang='lat' dir='ltr'>huiuscemodi</span> <span class='ocrx_word' id='word_1_312' title='bbox 521 4359 678 4443; x_wconf 82' lang='lat' dir='ltr'>exemplis</span> <span class='ocrx_word' id='word_1_313' title='bbox 697 4357 902 4445; x_wconf 80' lang='lat' dir='ltr'>Chrysippus</span> <span class='ocrx_word' id='word_1_314' title='bbox 921 4358 1108 4443; x_wconf 87' lang='lat' dir='ltr'>imprudens</span> <span class='ocrx_word' id='word_1_315' title='bbox 1127 4359 1305 4423; x_wconf 77' lang='lat' dir='ltr'>confirmat.</span> 
     </span>
    </p>
   </div>
   <div class='ocr_carea' id='block_1_6' title="bbox 162 4463 1147 4624">
    <p class='ocr_par' dir='ltr' id='par_1_6' title="bbox 162 4463 1147 4624">
     <span class='ocr_line' id='line_1_36' title="bbox 162 4463 1147 4550; baseline 0 -22"><span class='ocrx_word' id='word_1_316' title='bbox 162 4463 266 4529; x_wconf 77' lang='lat' dir='ltr'>Affert</span> <span class='ocrx_word' id='word_1_317' title='bbox 289 4487 327 4530; x_wconf 86' lang='lat' dir='ltr'>ex</span> <span class='ocrx_word' id='word_1_318' title='bbox 350 4465 500 4532; x_wconf 85' lang='lat' dir='ltr'>Herculis</span> <span class='ocrx_word' id='word_1_319' title='bbox 524 4489 596 4532; x_wconf 91' lang='lat' dir='ltr'>cum</span> <span class='ocrx_word' id='word_1_320' title='bbox 621 4465 760 4532; x_wconf 84' lang='lat' dir='ltr'>Admeto</span> <span class='ocrx_word' id='word_1_321' title='bbox 784 4487 931 4530; x_wconf 83' lang='lat' dir='ltr'>sermone</span> <span class='ocrx_word' id='word_1_322' title='bbox 954 4463 1147 4550; x_wconf 81' lang='lat' dir='ltr'>Euripideo:</span> 
     </span>
     <span class='ocr_line' id='line_1_37' title="bbox 1039 4569 1091 4624; baseline 0 0"><span class='ocrx_word' id='word_1_323' title='bbox 1039 4569 1091 4624; x_wconf 62' lang='grc' dir='ltr'>Μ’</span> 
     </span>
    </p>
   </div>
   <div class='ocr_carea' id='block_1_7' title="bbox 0 0 1663 5150">
    <p class='ocr_par' dir='ltr' id='par_1_7' title="bbox 0 0 1663 5150">
     <span class='ocr_line' id='line_1_38' title="bbox 0 0 1663 5150; baseline 0 0"><span class='ocrx_word' id='word_1_324' title='bbox 0 0 1663 5150; x_wconf 95' lang='lat' dir='ltr'> </span> 
     </span>
    </p>
   </div>
  </div>
 </body>
</html>
