3444 5140
688 453 931 526 -lle-

234 603 385 697 εμενοςὸ
414 605 479 695 ἀὴρ
510 609 566 678 καὶ
593 607 650 677 διὰ
678 611 739 677 τοῦ
768 608 920 696 σώματος
945 610 1005 692 ἐξω
1030 607 1094 676 λών
1115 615 1193 676 εἴσω
1217 609 1280 696 τὴν
1302 605 1380 676 ἄνα-

234 715 354 802 ’πνοὴν
377 724 540 802 περιωθεϊ
559 714 641 784 κατὰ
664 714 727 802 τὴν
744 719 806 783 τοῦ
824 713 987 802 στόματος
1007 715 1063 784 καὶ
1085 711 1148 801 τὴν
1169 717 1238 781 τῶν
1260 713 1381 802 μυκτή-

233 823 317 910 ’ρων
345 823 484 890 δίοδον.’
534 819 597 910 τὴν
627 825 688 890 τοῦ
715 825 837 910 τροχοῦ
864 819 1078 910 περιαγωγὴν
1104 817 1167 910 οὐχ
1192 817 1302 908 ἁπλῆν
1329 824 1383 888 δεῖ

233 942 341 1014 νοεῖν,
374 925 458 996 ἀλλὰ
487 929 520 1009 ἐξ
552 929 716 996 ἐναντίων
749 927 915 1016 κινήσεων
947 929 1183 1015 συγκειμένην,
1211 925 1292 996 ὅταν
1319 927 1380 1014 μὲν

234 1034 285 1103 ἐπὶ
308 1034 345 1103 τὸ
370 1035 475 1122 δέρμα
497 1032 535 1103 τὸ
562 1039 711 1122 ἔμφυτον
735 1032 865 1125 ὁρμήσῃ
884 1033 1026 1122 θερμόν,
1050 1030 1251 1120 ὥθουμένου
1268 1062 1305 1104 τε
1325 1035 1406 1106 καὶὸ

233 1141 537 1229 περιελαυνομένου
559 1145 620 1210 τοῦ
643 1141 736 1222 ἐκτὸς
759 1140 857 1230 ἀέρος
885 1146 932 1221 εἰς
953 1139 990 1209 τὸ
1021 1145 1115 1228 σῶμα
1143 1138 1200 1208 διὰ
1222 1145 1284 1210 τοῦ
1307 1141 1381 1211 στό-

233 1274 351 1335 ματος,
375 1245 457 1316 ὅταν
482 1247 518 1315 δὲ
542 1240 585 1316 αὖ
609 1248 710 1316 πάλιν
737 1247 866 1338 ὁρμήσῃ
891 1248 948 1316 διὰ
971 1251 1032 1317 τοῦ
1055 1246 1218 1334 στόματος
1240 1251 1300 1330 ἔξω
1324 1250 1381 1336 φέ-

233 1363 369 1440 ρεσθαι,
395 1355 673 1444 περιωθονμένον
700 1359 761 1424 τοῦ
787 1353 1006 1442 περιέλχοντος
1032 1352 1118 1442 ἡμᾶς
1144 1351 1241 1442 ἆέρος
1268 1359 1315 1435 εἰς
1342 1353 1379 1424 τὸ
1392 1357 1446 1428 'tlt

233 1464 328 1547 σῶμα
357 1460 413 1528 διδι
441 1465 502 1530 τοῦ
530 1463 707 1551 δέρματος,
737 1459 782 1541 ὥς
810 1462 980 1548 ἐνέργειαν
1007 1460 1070 1548 μὲν
1098 1457 1182 1529 εἶναι
1209 1460 1292 1546 [διὰ]
1323 1466 1381 1550 τῆς

233 1567 366 1654 φύσεως
401 1565 496 1655 ἡμῶν
528 1567 591 1656 τὴν
621 1567 766 1657 ἐκπνοὴν
797 1569 852 1636 καὶ
885 1567 1067 1656 διαπνοήν,
1098 1567 1209 1647 πάθος
1246 1567 1282 1635 δὲ
1317 1567 1381 1656 τὴν
1395 1591 1420 1629 1⁰

234 1672 411 1761 εἰσπνοήν,
443 1671 485 1742 οὐ
513 1674 621 1762 μόνον
648 1673 711 1763 τὴν
741 1673 797 1744 διὰ
828 1677 889 1744 τοῦ
913 1673 1090 1763 στόματος,
1119 1671 1202 1742 ἀλλὰ
1231 1675 1286 1742 καὶ
1318 1674 1381 1763 τὴν

234 1779 291 1848 διὰ
318 1783 380 1848 τοῦ
408 1782 579 1868 δέρματος.
624 1783 660 1850 ἐν
684 1779 843 1872 οὐδετέρᾳ
871 1781 907 1850 δέ
932 1778 1043 1849 αὐτῶν
1067 1779 1084 1849 ὁ
1110 1780 1254 1849 Πλάτων
1280 1801 1380 1868 προσ-

233 1890 349 1975 χρῆται
375 1891 415 1977 τῇ
439 1888 628 1975 προαιρέσει
651 1895 758 1958 καίτοι
786 1893 940 1976 φανερῶς
964 1890 1001 1957 ἐν
1028 1886 1110 1976 ἡμῖν
1136 1885 1233 1968 ὄντος
1259 1889 1314 1956 καὶ
1341 1889 1379 1957 τὸ

232 1998 360 2063 θᾶττον
388 1996 444 2064 παλ
471 1992 680 2082 βραδύτερον
703 1995 840 2064 ἔλαττόν
867 2022 901 2064 τε
929 1997 984 2064 καὶ
1012 1997 1114 2065 πλέον
1140 1997 1196 2065 καὶ
1224 1995 1381 2064 πυκνότε-

234 2127 296 2188 ρον
319 2106 516 2171 εἰσπνεῦσαί
534 2127 569 2170 τε
592 2103 647 2170 καὶ
670 2103 857 2171 ἐκπνεῦσαι.
894 2102 950 2171 δια
972 2129 1008 2171 τε
1031 2095 1216 2172 οὖντοῦτο
1240 2098 1257 2170 ὁ
1282 2102 1382 2188 λόγος
1395 2123 1421 2162 1⁶

271 2329 359 2388 1ἔσω
379 2334 458 2389 codd.
478 2334 594 2390 edd.—
560 2334 882 2420 -ΞπεριωθῆΔμ-
909 2330 1035 2406 σώματος
1054 2335 1133 2390 οοδδ
1158 2333 1219 2390 edd.
1244 2327 1381 2404 πόματος

236 2402 374 2459 Corm—
403 2413 420 2460 o
444 2401 561 2476 ὁρμήσει
584 2408 683 2461 M.-
713 2413 729 2461 6
753 2401 801 2460 διὰ
812 2401 963 2494 στόματος
984 2408 1080 2460 Μ.-
1110 2400 1261 2490 λὸρμὴσει
1284 2405 1321 2459 M
1346 2434 1378 2444 -

234 2471 318 2530 9διά
341 2476 420 2532 uncie
443 2477 672 2533 incluaimue.-
699 2483 730 2532 m
755 2472 820 2532 ουδ’
846 2473 928 2564 ἑτέρα
952 2478 1075 2532 ΜΑ.-
1105 2472 1140 2545 δὴ
1166 2494 1215 2546 pro
1240 2473 1271 2530 δέ
1295 2475 1325 2530 Ρ.
1348 2507 1378 2515 -

235 2554 267 2601 13
286 2547 543 2634 προαιρέσρΡμ-
566 2545 653 2611 ὄντος
672 2549 732 2604 ead.
752 2565 825 2603 man.
844 2548 874 2602 in
898 2544 979 2611 ὄντος
997 2551 1137 2604 mutatum
1155 2548 1249 2603 M-
1277 2553 1309 2602 1³
1328 2547 1378 2600 τοῦ

234 2618 313 2674 codd.
333 2617 395 2672 edd.
414 2637 446 2674 το
466 2637 576 2706 poa-
598 2625 630 2674 15
650 2615 728 2673 διάτε
744 2612 894 2675 οὖντοῦτο
913 2614 1022 2674 nuldr’
1044 2618 1125 2688 ἕτεροι
1139 2613 1381 2680 πλείωοδιιαλῶς

233 2685 269 2742 τὰ
292 2688 356 2758 περὶ
379 2685 431 2759 τὴν
456 2686 605 2759 αναπνοὴν
630 2686 838 2760 ἐπικεχείρηται
860 2711 898 2744 τοι
922 2686 1059 2745 τιλοὶτοονι·
1059 2692 1213 2779 φαίνεται
1231 2687 1263 2744 δε
1289 2684 1321 2744 ἐν
1343 2689 1380 2743 τοῦ

235 2759 299 2829 περὶ
314 2762 421 2846 χρείας
444 2781 469 2817 ιι.
488 2783 511 2816 τ.
530 2766 552 2816 λ.
547 2765 609 2887 ff
634 2768 698 2830 721,
721 2765 748 2830 3)
772 2761 888 2817 δΡ.-
917 2758 1009 2818 ἐπ’
981 2781 997 2833 γ
1037 2783 1089 2817 οον
1112 2757 1129 2817 ὁ
1151 2757 1233 2831 λόγος
1260 2778 1311 2830 pro
1333 2757 1381 2815 drot

237 2850 267 2886 τε
291 2823 345 2888 οὖν
375 2834 459 2888 τοῦτο
481 2827 544 2890 dt.
601 2765 748 2888 ABCMK.)
756 2863 790 2874 -

235 3088 304 3152 per
336 3090 446 3133 rarae
479 3067 654 3132 intrante
686 3089 825 3132 cernes
858 3070 896 3131 et
927 3067 1161 3134 circumacto
1193 3068 1381 3153 repletur3

235 3197 370 3240 rursus
396 3178 521 3240 autem
543 3196 703 3239 aversus
727 3180 793 3240 aer
811 3178 849 3239 et
866 3197 935 3259 per
957 3196 1097 3259 corpus
1120 3175 1253 3240 exiens
1275 3175 1381 3240 intro

235 3282 539 3366 respirationem
562 3281 723 3366 repellit
749 3303 816 3365 per
844 3282 923 3348 oria
952 3285 990 3347 et
1016 3283 1165 3348 narium
1194 3278 1381 3346 meatum?

235 3387 326 3454 Haec
355 3392 446 3454 rotae
473 3387 566 3472 quasi
596 3387 806 3454 circumactio
829 3411 896 3453 non
920 3389 1057 3474 simplex
1084 3392 1135 3452 est
1155 3387 1383 3472 intellegenda,

236 3496 301 3578 sed,
325 3517 407 3580 quae
431 3517 447 3560 e
471 3495 644 3560 contrariis
668 3496 851 3578 composite
869 3499 918 3559 est
941 3495 1093 3601 motibue3
1116 3517 1188 3561 cum
1213 3494 1252 3559 ed
1276 3497 1382 3560 cutem

235 3603 349 3668 innato
369 3603 474 3668 calore
493 3603 629 3668 incitato
645 3606 796 3666 externus
815 3606 870 3666 οόν
887 3603 919 3666 in
939 3624 1056 3686 corpus
1075 3623 1134 3686 per
1151 3623 1187 3667 oa
1206 3601 1382 3666 intruditur

236 3713 270 3773 et
292 3708 526 3794 circumagitur
549 3714 582 3773 et
605 3711 718 3774 contra
741 3708 853 3773 eodem
877 3729 935 3792 per
958 3731 993 3773 oe
1017 3711 1152 3772 exeunte
1176 3713 1231 3772 οὲτ
1254 3708 1382 3792 corpori

236 3819 349 3882 nostro
369 3816 583 3881 circumfusus
602 3817 637 3880 in
662 3837 779 3899 eorpus
802 3837 863 3899 per.
884 3818 991 3879 cutem
1010 3814 1200 3900 impellitur,
1222 3818 1260 3881 ut
1278 3814 1381 3898 exspi-

237 3923 323 3988 ratio
348 3925 380 3986 et
408 3923 605 4007 perspirutio
634 3923 782 4006 operatio
809 3925 945 3986 natrrrae
968 3925 1099 3987 nostroe
1128 3926 1183 4007 sit,
1210 3920 1381 4006 inspiratio

157 4046 164 4056 ·
238 4030 380 4112 affectio,
407 4052 472 4095 non
505 4030 610 4095 solum
639 4051 690 4113 ea,
722 4051 805 4114 quae
827 4051 886 4113 per
915 4050 968 4109 oe,
997 4028 1052 4093 aed
1081 4029 1193 4113 etiam,
1220 4050 1303 4113 quae
1325 4049 1384 4113 per

237 4141 343 4202 cutem
375 4138 421 4201 fit
476 4135 522 4200 At
547 4136 583 4200 in
613 4139 730 4200 neutra
762 4134 857 4201 Plato
889 4136 993 4200 utitur
1025 4135 1058 4200 vi
1085 4136 1276 4218 voluntatis,
1309 4156 1382 4199 oum

236 4247 347 4307 temen
377 4243 473 4308 citius
501 4245 535 4306 et
561 4241 700 4326 tardius,
728 4241 802 4326 plue
830 4245 863 4306 et
890 4243 997 4306 minus
1022 4247 1054 4307 et
1083 4243 1285 4327 frequentius
1312 4245 1381 4305 tum

237 4347 412 4433 attrahere,
429 4353 500 4413 tum
518 4348 649 4414 reddere
669 4349 821 4432 spiritum
840 4349 875 4413 iu
893 4352 1056 4432 potestate
1078 4353 1191 4415 nostra
1209 4347 1382 4412 manifesto

238 4457 338 4521 eitum
362 4455 414 4520 sit.
459 4455 573 4541 Itaque
597 4460 630 4520 et
652 4459 787 4540 propter
810 4455 894 4520 hene
917 4477 986 4519 rem
1009 4455 1157 4520 Platonis
1186 4455 1271 4521 ratio
1298 4453 1383 4519 falsa
