3228 5148
647 393 890 460 -151-

188 553 452 634 κατασχιῖονται·
476 553 630 634 φαίνεται
648 548 713 638 γάρ
731 577 781 630 τις
799 547 911 618 αὐτῶν
928 563 1029 639 μοίρα
1050 551 1106 619 διὰ
1126 553 1339 640 ἕπιγαστρίου

186 658 352 722 κατιοῦσα
375 651 551 722 κάνταῦθα
574 659 621 735 είς
638 662 774 736 πλείους
792 659 965 744 σχιζομένη
989 672 1061 737 ταῖς
1083 655 1147 727 άπὸ
1170 663 1239 728 τῶν
1261 667 1338 746 βον-

184 758 311 845 βῶνων
347 757 523 840 ἀνιούσαις
559 765 607 840 είς
638 758 762 830 ταύτὸν
798 761 934 850 ἥκουσα.
993 765 1152 845 λελίξεται
1186 765 1222 833 δὲ
1254 764 1337 853 ὑπὲρ

185 867 327 934 ἐκείνων
358 863 476 953 ὀλίγον
503 865 660 954 ὕστερον,
697 867 832 938 ἐπειδὰν
859 867 879 956 ἡ
907 874 968 938 τοῦ
1000 869 1104 956 λόγον
1135 871 1225 954 τάξις
1256 869 1336 940 ὑπο-

184 973 330 1064 &Upi
355 974 433 1042 νυνὶ
462 971 498 1041 δὲ
526 975 577 1041 ἐπὶ
604 973 664 1054 τὰς
690 973 761 1043 άνω
789 981 932 1045 κλειδῶν
965 978 1051 1044 ἰέναι
1083 977 1198 1065 καιρὸς
1229 975 1336 1066 ἀρχὴν
1348 999 1402 1054 195

184 1083 250 1148 τοῦ
272 1078 376 1166 λόγον
398 1080 498 1166 τήνδε
521 1081 694 1168 θεμένους.
732 1081 867 1151 ἐπειδὰν
885 1087 1019 1171 πρῶτον
1042 1085 1078 1152 ἐκ
1100 1089 1160 1152 τοῦ
1181 1084 1369 1171 θῶρακοςο

184 1183 381 1273 άνασχοῦσα
404 1188 458 1254 καὶ
486 1185 544 1266 τὰς
566 1195 654 1267 κλεῖς
675 1185 847 1275 ὑπερβᾶσα
874 1188 956 1257 κατὰ
983 1191 1089 1278 μέσην
1116 1191 1250 1278 γένηται
1274 1189 1336 1277 τὴν

185 1290 324 1380 σφαγὴν
346 1290 367 1380 ἡ
391 1291 510 1380 ὄρθιος
531 1291 687 1382 ἀρτηρία,
715 1300 792 1382 δίχα
815 1303 965 1383 σχίζεται.
1008 1294 1213 1365 τούντεῦθεν
1237 1297 1272 1364 δὲ
1296 1296 1333 1365 τὸ

185 1399 356 1486 γεννηθὲν
384 1403 496 1486 ζεῦγος
522 1396 691 1489 ἀρτηριῶν
717 1401 872 1490 μεγάλων
895 1399 956 1470 οὐκ
984 1400 1097 1489 ὀρθῶς
1123 1403 1184 1490 μὲν
1211 1399 1334 1490 ὄνομά-

185 1511 299 1587 ζονται
321 1511 515 1594 καρωτίθες,
539 1504 622 1574 ἀλλὰ
649 1506 714 1596 itio]
738 1523 853 1596 κρατεῖ
871 1507 1020 1597 τοῦνομα
1044 1508 1099 1577 διὰ
1122 1508 1184 1596 τὴν
1206 1509 1334 1596 πολλὴν
1350 1537 1375 1574 ro

185 1610 331 1698 ἄγνοιαν
358 1610 515 1682 ἁπάντων
541 1618 609 1682 τῶν
636 1612 716 1702 μεθ’
744 1611 965 1703 Ἱπποκράτην
992 1617 1190 1702 φιλοσόφων
1217 1611 1251 1684 τε
1278 1617 1333 1684 καὶ

185 1723 321 1806 ἰατρῶν.
365 1716 448 1788 άλλὰ
472 1718 527 1789 ὅτι
555 1720 617 1808 μὲν
640 1712 737 1789 οὗτοί
765 1748 803 1808 γε
829 1725 937 1802 κακῶς
964 1717 1166 1809 ὑπειλήφασι
1194 1722 1333 1810 πάθημα

184 1828 255 1892 τῶν
282 1827 468 1913 είρημίνων
495 1824 663 1916 ἀρτηριῶν
690 1825 775 1896 εἶναι
798 1827 859 1897 τὸν
886 1827 993 1916 κάρον
1015 1825 1094 1896 οὐδὲ
1117 1827 1334 1918 Ἱπποκράτης

185 1929 293 2012 οὕτως
320 1934 515 2020 ἐγίνωσκεν,
548 1935 586 2002 ἐν
612 1939 657 2026 τῷ
685 1935 827 2026 δευτέρῳ
855 1939 962 2004 τῶνδε
989 1939 1057 2003 τῶν
1083 1932 1333 2024 ὑπομνημάτων

198 2117 206 2122 -
223 2115 398 2124 -ῌ-

221 2225 237 2271 2
258 2215 299 2281 είς
316 2220 402 2272 πλείω
421 2217 442 2272 C
460 2219 525 2274 ceti.
545 2217 586 2281 εἰς
603 2220 717 2282 πλείους
735 2219 930 2275 noc-6102
950 2214 1022 2287 λόγω
1037 2217 1058 2272 C
1076 2219 1113 2292 τῷ
1129 2215 1202 2305 λόγῳ
1218 2219 1274 2274 Gai.
1291 2219 1331 2273 Ch

185 2288 279 2344 Κτοῦ
300 2285 349 2358 λόγ
351 2310 385 2344 ov
399 2305 462 2356 noe·
482 2291 517 2345 ci.
536 2289 620 2346 Proll.
639 2309 666 2360 p.
686 2297 782 2346 86.-
750 2286 1002 2376 -λάναοχοῦοα
1021 2287 1109 2342 OK'
1091 2275 1255 2374 άνάοχροσα
1274 2290 1331 2345 Oai.

185 2359 287 2414 ch.—
311 2310 462 2488 ὑπερβάσια
485 2359 505 2415 C
529 2360 585 2416 cni.
604 2357 752 2432 ὑπερβάσια
767 2361 869 2416 ch.-
889 2355 1100 2416 8τοάντεῦθεν
1118 2357 1193 2416 δὲ
1166 2381 1196 2414 το
1217 2362 1237 2415 C
1257 2363 1331 2428 ecio,

184 2433 303 2486 soriano
327 2450 358 2486 το
393 2431 516 2486 vescere
535 2430 566 2487 δε
586 2453 715 2501 γενν.-
744 2426 1078 2501 11άγνοιανθάνοιαν
1097 2431 1153 2486 Gai.
1174 2432 1270 2496 ChK3
1297 2434 1331 2486 cf.

184 2501 307 2588 Proll.p
309 2509 426 2561 ..-45
393 2497 585 2558 -ἆπάντων
603 2505 659 2558 τῶν
678 2503 699 2558 C
717 2505 773 2557 τῶν
797 2521 850 2558 om.
871 2501 928 2558 Oai.
948 2501 1045 2569 0hK;
1065 2503 1098 2557 cf.
1118 2503 1202 2558 Proll.
1221 2503 1240 2557 l
1260 2474 1278 2558 i.
1298 2535 1330 2542 —

186 2521 388 2700 λλδρῦτοι
345 2573 375 2629 τὲ
400 2573 497 2630 coni.
523 2565 607 2630 οντοί
625 2595 654 2630 τε
679 2573 720 2630 ch
738 2575 763 2628 Κ
782 2565 865 2630 οὗτοί
885 2593 915 2644 γε
940 2590 1052 2628 noc-
1079 2581 1111 2628 13
1131 2568 1201 2628 οὔθ’
1222 2575 1242 2627 C
1265 2577 1330 2629 coit.

184 2664 217 2698 W
277 2661 388 2700 nos.-

183 2921 249 2963 non
272 2901 383 2964 tamen
404 2897 459 2964 hic
481 2901 572 2964 iotae
590 2897 767 2984 finduntur3
792 2898 952 2963 cemimus
972 2896 1058 2961 enim
1081 2919 1179 2962 unam
1203 2899 1331 2981 paricm

183 3027 295 3070 earum
318 3027 376 3090 per
399 3005 559 3070 abdomen
581 3005 828 3070 descendentem
856 3007 952 3088 atque
975 3001 1027 3068 'ibi
1055 3004 1090 3068 in
1117 3003 1226 3087 plures
1250 3003 1329 3067 divi-

183 3134 255 3178 sam
274 3135 347 3178 cum
365 3112 416 3196 iis,
439 3134 521 3198 quae
545 3112 587 3176 ab
605 3111 794 3197 inguinibus
815 3114 994 3194 emergunt,
1017 3110 1113 3176 coire.
1151 3107 1213 3174 Sed
1232 3110 1330 3192 paulo

184 3222 260 3304 posi
283 3219 322 3282 de
345 3219 412 3284 illis
435 3219 572 3302 dicetur,
598 3218 656 3283 ubi
680 3218 758 3282 ordo
782 3239 887 3282 rerum
912 3216 1034 3281 tulerit.
1079 3215 1173 3280 Nunc
1197 3216 1237 3279 ad
1266 3238 1330 3298 eac,

182 3347 265 3410 quae
284 3348 384 3410 supra
402 3325 578 3390 claviculas
602 3329 686 3408 cunt,
709 3324 904 3389 redeundum
925 3326 1028 3406 atquc,
1040 3321 1117 3386 hinc
1136 3321 1330 3386 exordienda

183 3433 288 3498 oratio
312 3437 371 3497 eei
417 3431 548 3496 Arteria
570 3436 659 3497 recta
687 3431 742 3496 ubi
765 3430 908 3515 primum
932 3452 950 3493 c
972 3429 1107 3495 thorace
1131 3428 1265 3492 emersit
1292 3450 1329 3492 ac

181 3539 357 3604 claviculas
381 3542 587 3624 transgressa
610 3539 645 3604 in
668 3538 810 3603 medium
829 3536 977 3624 iugulum
995 3535 1152 3620 pervenit,
1175 3533 1329 3600 bifariam

183 3645 350 3710 scinditur.
397 3645 488 3721 Quod
512 3648 621 3710 autem
643 3646 719 3710 hinc
743 3648 932 3730 generatum
956 3647 1007 3706 esi
1029 3663 1222 3727 magnarum
1246 3644 1328 3705 arie·

182 3751 304 3816 riarum
324 3751 521 3837 coniugium,
543 3774 609 3817 non
627 3757 713 3818 recte
733 3752 861 3836 quidem
881 3751 1060 3815 carotidnm
1079 3771 1198 3814 nomen
1221 3747 1330 3831 hebet,

181 3881 294 3923 verum
322 3880 441 3924 nomen
467 3858 534 3923 iem
566 3859 705 3924 invaluit
737 3860 870 3942 propior
901 3877 1056 3942 magnam
1083 3857 1241 3940 omnium,
1274 3857 1329 3940 qui

182 3969 258 4050 post
294 3963 531 4049 Hippocratem
567 3965 712 4048 fuerunt,
749 3963 1020 4049 philosophorum
1058 3968 1092 4028 ct
1130 3963 1328 4028 medicorum

181 4071 430 4159 ignorationem.
490 4070 553 4136 Sed
587 4071 647 4137 hos
685 4073 890 4155 arteriarum,
927 4094 1007 4156 ques
1044 4093 1143 4156 supra
1179 4068 1328 4152 diximum

182 4178 386 4244 affectionem
409 4201 480 4242 csse
503 4175 609 4261 κάρον
632 4179 653 4244 i.
676 4201 702 4243 e.
726 4200 876 4262 soporem
895 4178 980 4243 male
999 4177 1203 4241 existimasse
1225 4197 1329 4260 neque

181 4283 418 4370 Hippocratem
441 4286 489 4350 ita
512 4285 650 4350 sensisse
674 4283 866 4351 insecundo
889 4284 975 4349 libro
998 4284 1116 4348 horum
1134 4285 1328 4348 commenta·

180 4391 304 4460 riorum
328 4392 550 4458 demonstrare
574 4391 655 4458 mihi
682 4413 813 4458 neccsse
841 4394 903 4478 (τοὺς
931 4390 965 4454 in
993 4389 1055 4458 hoc
1077 4389 1163 4454 libro
1191 4389 1328 4456 arteriae
