3246 5148
670 386 984 448 ·-10-

304 549 359 614 scd
384 550 450 612 suis
474 548 537 632 ipsi
562 547 677 628 oculis,
700 569 765 610 non
789 545 917 628 alienis,
941 548 974 607 et
997 544 1115 607 mentis
1141 547 1173 606 et
1194 542 1357 624 corporis,
1381 539 1475 624 quid

304 657 338 720 in
366 677 491 738 quaque
529 676 562 718 re
595 653 801 718 verissimum
834 655 931 733 esset,
966 672 1095 714 cernere
1126 650 1291 715 volebant.
1342 648 1475 731 Itaque

305 763 427 826 factum
447 765 509 844 est,
528 765 564 824 ut
580 763 686 822 aetate
705 759 776 840 illa,
798 757 1051 821 inveteratorum
1071 779 1216 844 errorum
1237 755 1474 820 emendatrice

304 868 461 951 liberique
489 865 601 930 iudicii
628 865 663 927 in
690 863 844 926 scientiae
873 863 1147 946 pervestigatione
1177 862 1365 943 sectatrice,
1393 859 1472 944 ipsi

305 995 444 1057 quoque,
468 995 662 1056 quamquam
682 993 767 1052 sero,
791 969 824 1032 in
843 969 1029 1032 libertatern
1050 991 1119 1032 sese
1140 968 1346 1033 vindicarent
1360 973 1472 1052 atque

306 1079 355 1142 sui
388 1079 468 1142 iuris
502 1078 692 1161 arbitriique
725 1099 794 1139 esse
828 1075 955 1144 vellent.
1002 1073 1109 1158 Ablue
1141 1075 1273 1138 initium
1307 1076 1378 1140 eius
1413 1075 1471 1138 rei

305 1187 427 1249 factum
452 1190 501 1248 est
525 1207 598 1248 cum
620 1183 660 1246 ab
685 1182 773 1265 aliie,
800 1187 869 1245 tum
893 1204 913 1244 a
936 1181 1082 1264 Vcsalio,
1109 1181 1165 1264 qui
1189 1180 1319 1244 Paduae
1344 1185 1471 1245 anato-

306 1291 405 1354 miam
429 1291 552 1374 docent,
576 1290 608 1354 in
632 1288 739 1371 libris,
762 1311 842 1372 quos
862 1287 900 1352 de
921 1288 1065 1371 corporis
1085 1287 1219 1350 hnmani
1238 1287 1368 1350 fabrica
1387 1310 1470 1352 con-

310 1397 448 1480 scriptos
464 1396 564 1460 edidit
578 1395 727 1459 Basilcac
745 1395 839 1458 1513.
871 1393 942 1457 Hoc
961 1415 1058 1476 opere
1073 1399 1159 1458 recte
1175 1394 1264 1457 dicas
1283 1393 1471 1476 imperium

310 1503 424 1565 Galerii
447 1503 679 1566 labefactatum
703 1523 785 1582 esse3
809 1523 884 1563 nam
904 1499 1021 1563 abillo
1042 1503 1202 1582 tempore,
1226 1501 1254 1563 si
1273 1521 1340 1564 non
1360 1499 1470 1582 illico,

310 1611 344 1688 at
367 1608 525 1690 paulatim
550 1613 635 1670 certe
660 1629 784 1689 omncs,
807 1606 860 1689 qni
885 1604 1083 1669 anatomiam
1108 1607 1307 1688 tractabant,
1333 1605 1468 1670 Vesalii

309 1713 448 1796 vestigia
471 1713 519 1776 ita
543 1713 643 1776 secuti
668 1718 755 1794 sunt,
783 1717 819 1776 ut
847 1711 929 1774 nihil
958 1734 1017 1794 pro
1045 1712 1267 1793 praeiudicato
1296 1717 1468 1796 putarent,

310 1818 379 1900 sed,
402 1819 554 1902 quidquid
579 1819 719 1881 Galenus
743 1819 781 1882 de
805 1840 939 1901 corpore
962 1817 1103 1881 humano
1128 1818 1295 1899 docuerat,
1324 1818 1469 1882 exactis-

310 1924 392 1987 simo
417 1924 535 1988 iudicio
560 1926 795 2007 examinarent,
822 1926 856 1988 in
883 1947 946 2007 quo
974 1947 1047 1988 cunr
1071 1925 1272 1988 invenissent
1296 1925 1467 2006 permulta

310 2029 498 2111 opinionum
523 2037 718 2116 conimcnta,
744 2030 915 2115 imperium
939 2029 1116 2094 detrectare
1141 2034 1326 2113 coeperunt.
1369 2030 1466 2095 Idem

309 2137 432 2198 factum
456 2141 505 2200 est
533 2137 567 2200 in
593 2136 816 2222 physiologia,
843 2159 1038 2219 quamquam
1066 2143 1142 2220 post
1170 2142 1300 2200 centum
1328 2137 1465 2202 demum

310 2243 516 2324 fercannus,
544 2265 617 2306 cum
640 2243 788 2307 Harveus
811 2242 987 2306 Britannus
1016 2265 1043 2306 a.
1069 2243 1153 2306 1628
1178 2242 1305 2326 libello,
1333 2245 1391 2326 qui
1415 2245 1466 2308 in·

227 2387 232 2396 ·
311 2349 463 2413 scribitur
487 2347 698 2414 ‘Exercitatio
722 2350 906 2414 anatornica
929 2347 967 2411 de
991 2350 1081 2412 motu
1102 2349 1208 2412 cordis
1232 2353 1265 2412 et
1289 2352 1464 2434 sanguinis

311 2455 344 2518 in
368 2455 589 2540 animalibus',
618 2458 704 2522 edito
728 2456 908 2520 tralaticias
937 2455 975 2518 de
1002 2478 1062 2518 usu
1086 2454 1192 2519 cordis
1218 2455 1390 2538 opiniones
1415 2480 1464 2521 re-

310 2562 394 2624 fellit
418 2567 450 2625 et
473 2585 549 2626 vera
572 2563 610 2626 de
630 2563 797 2646 sanguinis
817 2561 1025 2626 circulatione
1045 2561 1169 2643 primus
1189 2567 1265 2644 post
1288 2563 1464 2629 hominnm

310 2668 500 2731 memoriam
525 2667 647 2751 docuit,
671 2667 750 2732 ‘non
774 2691 812 2731 ex
833 2668 939 2748 libris,
963 2667 1019 2729 scd
1043 2689 1079 2730 ex
1104 2667 1370 2752 dissectionibus,
1394 2693 1465 2738 non

312 2795 349 2834 ex
373 2772 503 2854 placitis
527 2773 809 2857 philosophorum,
833 2773 887 2836 sed
911 2795 948 2835 ex
971 2773 1096 2836 fabrica
1112 2778 1249 2838 naturae
1273 2774 1404 2840 discens
1429 2783 1464 2841 et

312 2875 428 2941 docens
453 2879 677 2943 anatomiam'.
715 2877 814 2944 Cviius
835 2877 981 2942 doctrina
999 2901 1084 2942 nova
1107 2883 1140 2941 et
1159 2879 1307 2943 inaudita
1325 2885 1462 2946 tametsi

312 3009 331 3048 a
354 2983 465 3047 multis
489 2985 682 3070 impugnata
705 2983 813 3070 ostffi),
836 2989 945 3048 tamen
969 2985 1000 3047 vi
1024 2985 1172 3048 veritatis
1196 2990 1228 3048 ct
1252 2993 1463 3070 argumento·

311 3112 383 3153 rum
406 3091 562 3174 pondere,
589 3115 652 3174 quo
676 3092 818 3174 valebat,
846 3089 1102 3154 adversariorum
1127 3091 1273 3174 argutias
1297 3094 1389 3158 brevi
1414 3119 1463 3159 rc·

312 3197 444 3280 futavit,
469 3197 523 3260 scd
547 3198 657 3261 cadem
682 3197 809 3280 (taleni,
836 3219 899 3280 quo
924 3195 1101 3260 adversarii
1123 3197 1326 3281 nitebantur,
1351 3205 1463 3266 aucto·

311 3303 442 3367 ritatem
467 3325 504 3366 ac
528 3303 622 3366 fidem
646 3323 777 3386 prorsus
801 3302 969 3366 subvertit.

398 3410 449 3474 lta
473 3411 541 3474 iure
565 3409 683 3472 dixeris
704 3409 861 3472 Galerium
883 3431 966 3472 amro
988 3408 1072 3471 1628
1097 3429 1196 3494 regno
1220 3410 1353 3493 pulsum
1378 3435 1464 3499 esse,

313 3516 397 3600 quod
424 3539 483 3599 per
509 3521 559 3580 tot
588 3515 716 3578 saccula
746 3514 831 3598 apud
861 3519 973 3597 gentes
1003 3515 1148 3598 regione,
1178 3517 1338 3601 moribus,
1369 3521 1462 3584 cultu

312 3621 548 3685 diversissimas
573 3622 663 3686 varia
685 3622 816 3684 fortuna
843 3620 1040 3703 obtinuerat,
1068 3643 1143 3685 narn
1172 3623 1213 3685 ab
1241 3622 1300 3686 illo
1328 3625 1463 3706 potissi-

312 3751 401 3791 mum
420 3733 565 3811 tempore
584 3728 705 3814 negligi
726 3733 758 3792 et
777 3726 939 3792 contemni
958 3730 1091 3810 coeptus
1114 3731 1172 3791 est.
1204 3728 1355 3813 Accedit,
1374 3733 1462 3815 qnod

314 3834 444 3898 omnino
468 3835 525 3898 illa
545 3841 633 3898 aetas
653 3836 686 3898 in
706 3835 779 3899 aliis
799 3854 924 3917 quoquc
944 3832 1138 3916 disciplinis,
1161 3836 1280 3900 nonin
1297 3839 1463 3904 medicina

313 3941 432 4023 solum,
454 3940 604 4024 inprimis
624 3943 657 4006 in
676 3943 730 4024 iis,
754 3963 834 4024 quae
854 3939 893 4002 ad
911 3943 1047 4001 naturae
1066 3939 1353 4024 investigationem
1372 3967 1463 4028 spee-

312 4052 398 4130 tant,
421 4053 545 4110 veteres
569 4052 601 4111 et
621 4047 761 4110 Graecos
786 4049 818 4108 et
837 4044 1014 4127 Romanos,
1037 4045 1092 4127 qui
1116 4045 1194 4109 olim
1219 4049 1281 4111 soli
1305 4051 1403 4117 duces
1429 4059 1463 4118 ct

314 4161 460 4219 auctores
483 4153 626 4236 fuerant,
654 4152 807 4234 deseruit,
836 4171 907 4214 curn
935 4151 1029 4232 plura
1056 4152 1089 4215 in
1117 4152 1184 4215 dies
1214 4159 1246 4216 et
1269 4155 1405 4222 inventa
1429 4166 1464 4223 et

314 4301 334 4308 .-
338 4301 436 4307 ..φ-...η
441 4300 524 4306 --.

388 4387 419 4454 ¹⁹)
439 4381 722 4440 calunnians.
742 4379 759 4434 l.
779 4380 797 4433 l.
816 4398 842 4449 p.
863 4387 909 4446 663
928 4379 1038 4434 Haescr.
1058 4379 1077 4434 l.
1095 4379 1113 4433 l.
1133 4385 1148 4445 ἓ
1167 4386 1227 4435 42⁶2.
