3210 5148
583 439 827 510 -467-

138 601 188 671 καί
221 606 309 671 σιτία
341 599 402 672 τὸν
432 605 598 671 πεινῶντα
629 603 685 672 καὶ
716 601 907 672 θάλπεσθαι
938 600 999 670 τὸν
1032 601 1191 690 ῥιγοῦντα
1222 601 1276 670 καλ

137 708 299 796 ψύχεσθαι
327 709 388 778 τὸν
418 707 635 796 θαλπόμενον
662 705 874 796 ἀφροδισίοις
898 733 934 785 ,τε
966 711 1111 796 χρῆσθαι
1138 707 1199 778 τὸν
1226 709 1277 778 ἐπὶ

136 819 235 884 ταῦτα
262 813 422 902 ὀργῶντα.
472 813 493 902 ἡ
526 813 589 903 μέν
616 812 680 904 γάρ
712 813 834 902 ἄλογος
866 817 903 884 έν
934 812 1016 903 ἡμῖν
1048 815 1191 903 δύναμις
1223 817 1239 884 f
1267 813 1275 839 ’

137 921 272 990 ἕκαστον
298 925 367 990 τῶν
395 923 676 1010 έπιθυμονμένων
703 923 789 992 ἕλκει
816 922 877 992 τὸν
904 921 1081 1009 δεόμενον,
1108 919 1127 991 δ
1161 921 1198 990 δὲ
1225 930 1280 990 λο-

136 1025 250 1115 γισμὸς
277 1024 420 1119 ἀντισπᾷ
449 1029 505 1096 καλ
533 1031 659 1117 κατέχει
686 1027 749 1117 τὴν
776 1027 838 1098 οὐκ
867 1031 904 1098 έν
929 1032 1033 1122 καιρῷ
1057 1027 1177 1117 φοράν.
1222 1029 1305 1098 καλε

136 1132 219 1221 μάχη
252 1160 289 1220 γε
322 1135 481 1216 πολλάκις
518 1136 682 1222 ἑκατέρων
719 1135 837 1223 ἰσχυρὰ
877 1143 1003 1223 γίνεται
1035 1134 1119 1222 πρὸς
1154 1134 1280 1224 ἄλληλα

137 1243 286 1327 φανερῶς
309 1242 545 1330 ένδεικνυμίνη
570 1242 686 1330 διττὴν
709 1240 795 1311 εἶναι
818 1242 923 1330 φύσιν
952 1244 988 1310 έν
1010 1239 1091 1329 ἡμῖν
1114 1246 1182 1311 τῶν
1204 1263 1280 1312 στα-

137 1351 320 1428 σιαζοοσῶν
356 1343 514 1436 ἀλλήλαις
543 1348 730 1436 δυνάμεων.
789 1359 879 1439 είπερ
915 1348 979 1438 γάρ
1015 1340 1059 1436 ἦν
1090 1355 1150 1437 μία
1182 1349 1279 1438 μόνη,

136 1451 284 1542 καθάπερ
315 1455 352 1522 έν
383 1469 453 1536 τοῖς
483 1461 610 1541 παισίν,
642 1452 743 1524 οὐδὲν
775 1451 818 1524 ἀν
851 1457 994 1527 έκῶλνεν
1023 1451 1168 1545 ἀκαίρως
1194 1453 1280 1545 ἡμᾶς

136 1556 316 1632 ἀπολαύειν
346 1564 415 1630 τῶν
443 1563 739 1650 έπιθυμουμένων,
772 1561 882 1652 ῶσπερ
913 1590 950 1650 γε
979 1563 1035 1632 καὶ
1068 1568 1100 1632 εί
1128 1563 1232 1650 μόνος
1260 1562 1319 1633 διο

135 1667 292 1756 λογισμὸς
318 1659 361 1754 κ’,ν
387 1667 471 1756 πρὸς
498 1665 600 1737 οὐδὲν
629 1666 808 1738 ἀνθέλκειν
835 1696 870 1738 τε
896 1669 951 1738 καλ
979 1669 1167 1752 στασιάζειν
1194 1676 1278 1740 είθι-

136 1774 265 1860 σμένος,
288 1770 390 1842 οὐδὲν
409 1769 453 1842 ἀν
475 1766 518 1862 ἦν
535 1779 669 1863 πρᾶγμα
693 1779 844 1857 διψῶντα
867 1775 911 1864 μὴ
935 1782 1046 1846 πίνειν
1069 1772 1089 1864 ἢ
1113 1781 1278 1847 πεινῶντα

135 1878 177 1966 μὴ
212 1881 340 1948 ἐσθίειν
373 1863 453 1950 bddt
485 1881 645 1970 ἐγκρατὴς
677 1880 756 1952 οὐδὲ
788 1881 936 1972 σῶφρων
970 1879 1013 1952 ἀν
1045 1881 1063 1953 ὁ
1096 1883 1141 1972 μὴ
1171 1890 1280 1954 πίνων

135 1982 336 2075 ῶνομάζετο,
368 1987 520 2074 καθάπερ
553 1985 634 2056 οὐδὲ
666 1987 684 2058 ὁ
713 1989 757 2078 μὴ
791 1995 952 2076 βαδίζων,
984 1994 1016 2058 εί
1035 1989 1085 2078 μὴ
1114 1990 1279 2077 βούλοιτο.
1295 2017 1320 2056 ιι

135 2093 211 2160 νυνὶ
235 2095 288 2178 δέ,
316 2094 384 2163 έπελ
408 2098 518 2163 διτταί
537 2096 624 2175 τινές
651 2100 737 2164 εἰσιν
761 2099 799 2164 αί
818 2095 879 2165 τὸν
901 2095 1086 2184 ἄνθρωπον
1110 2101 1115 2184 Ι
1140 2097 1347 2174 terrunci-486

134 2224 230 2284 μεναι
255 2199 429 2290 δυνάμεις,
453 2205 522 2269 ἔστι
547 2201 583 2268 δέ
606 2198 770 2289 άλογοςὴ
799 2205 860 2270 τοῦ
886 2201 1034 2290 πόματος
1056 2204 1280 2292 ἐπιθυμοῦσα,

172 2401 184 2448 1
205 2400 283 2450 σῖτον
300 2395 332 2450 L.
356 2426 389 2436 -
413 2393 534 2466 διγάντα
557 2396 588 2450 L.
612 2426 646 2436 -
672 2403 688 2451 3
712 2393 833 2466 δύναμις
856 2391 977 2452 άντισπά
997 2397 1119 2467 omissis,
1143 2416 1215 2488 quae
1238 2399 1280 2456 in·

134 2466 251 2521 ferieuta
270 2468 343 2536 sunt,
362 2467 455 2522 verbis
474 2467 510 2522 M.
531 2498 563 2508 -
584 2474 599 2522 λ
619 2461 647 2522 δ’
668 2463 872 2539 ίνδεικνομένη
890 2469 920 2523 L.
941 2501 973 2508 —
998 2475 1014 2524 8
1033 2463 1050 2538 ἡ
1070 2487 1121 2540 pro
1140 2490 1177 2539 ην
1195 2471 1226 2527 L.
1246 2501 1279 2512 —·

134 2543 150 2591 9
173 2529 211 2590 ἀν
238 2553 292 2592 om.
315 2538 489 2605 LMABCh;
519 2537 554 2592 cf.
577 2537 661 2594 Proll.
689 2556 736 2610 pp.
761 2546 795 2596 66
821 2541 850 2594 et
876 2546 934 2596 12⁵1.
963 2571 995 2582 -
1027 2547 1057 2595 11
1084 2536 1234 2596 άνθέλκων
1257 2543 1279 2596 L

134 2601 283 2663 άνθέλκων
306 2609 366 2664 aad.
390 2627 464 2666 man.
488 2611 645 2664 correctum
668 2610 697 2664 in
720 2605 875 2666 ἀνθέλκειν
897 2611 934 2666 Μ.
958 2643 990 2652 -
1016 2606 1172 2678 στασιάζων
1190 2613 1221 2668 L.
1244 2644 1280 2654 -

136 2685 168 2732 13
187 2678 294 2733 πεινῶν
311 2697 362 2750 pro
383 2681 473 2734 πίνων
492 2679 523 2735 L.
542 2711 575 2720 —
602 2687 634 2736 14
653 2675 807 2752 ἀνομάζετο
826 2681 863 2737 Μ.
883 2713 917 2722 -
943 2689 975 2737 15
994 2683 1049 2738 τῶν
1068 2677 1230 2753 ἀνθρώπων
1248 2684 1279 2738 L.

134 2779 168 2789 -
189 2756 221 2805 16
241 2751 285 2818 afa
303 2767 354 2820 pro
373 2749 430 2806 ἔστι
450 2751 530 2806 L.-

134 2947 195 3031 vel,
218 2948 273 3034 qui
292 2949 390 3036 alget,
409 2949 549 3015 calefieri
567 2950 628 3034 vel,
651 2951 707 3037 qui
726 2951 869 3036 calescit,
891 2951 1077 3038 refrigerari
1095 2953 1147 3018 vel
1166 2977 1280 3020 venere

133 3055 192 3138 uti,
215 3056 270 3140 qui
293 3056 334 3121 ad
353 3078 425 3122 cam
449 3057 644 3122 stimulatur.
681 3057 770 3135 Quae
789 3058 876 3124 enim
898 3058 933 3123 in
954 3057 1049 3122 nobis
1069 3063 1119 3124 est
1140 3061 1280 3126 facultas

132 3163 343 3249 irrationalis,
366 3164 407 3229 ad
427 3164 565 3250 singula,
588 3187 670 3249 quae
689 3168 897 3250 appetuntur,
915 3163 1151 3230 desiderantem
1170 3165 1281 3249 trahit,

2 3280 3 3283 ’
132 3270 220 3336 ratio
244 3273 358 3336 contra
384 3269 524 3336 retrahit
551 3274 647 3356 atque
675 3271 834 3356 impetum
857 3271 1122 3356 intempestivum
1146 3275 1280 3338 coercet

2 3403 3 3412 ¹
132 3375 248 3460 Itaque
271 3399 368 3461 saepe
391 3377 442 3461 fit,
464 3381 502 3442 ut
524 3398 635 3464 pugna
658 3377 743 3442 iuter
764 3377 825 3443 has
849 3378 1021 3444 facultates
1045 3379 1129 3442 acris
1153 3379 1281 3445 oboria-

2 3502 3 3535 1
132 3485 197 3565 tur,
220 3504 302 3566 quae
321 3484 485 3568 geminam
508 3505 577 3549 esse
596 3488 748 3550 naturam
771 3485 805 3550 in
827 3484 923 3550 nobis
946 3483 1172 3550 dissidentium
1196 3483 1282 3548 inter

134 3609 170 3650 sc
207 3587 400 3654 facultatum
438 3589 613 3656 manifesto
651 3591 804 3657 declarat.
862 3591 948 3656 Nam
986 3591 1014 3655 si
1046 3613 1110 3656 una
1142 3593 1281 3674 tantum,

2 3744 8 3756 ,
133 3693 407 3776 quemadmodum
430 3697 464 3762 in
487 3697 612 3782 pueris,
645 3701 742 3783 esset,
769 3697 853 3764 nihil
876 3697 1076 3782 prohiberet,
1108 3699 1280 3782 quominus

132 3799 232 3864 rebus
255 3800 410 3884 appetitis
429 3803 658 3888 intempestive
681 3804 870 3888 frueremur,
894 3805 978 3870 sicut
997 3805 1107 3887 etiam,
1125 3805 1153 3868 si
1177 3805 1280 3869 solam

2 3936 3 3942 ι
132 3905 297 3970 rationem
320 3905 513 3974 haberemus
537 3911 578 3974 ad
596 3909 720 3976 nullam
743 3932 812 3976 rem
834 3935 895 3977 nos
919 3911 1083 3977 retrahere
1103 3914 1136 3974 et
1159 3910 1279 3974 dissen-

130 4013 198 4078 tire
221 4013 361 4098 solitam,
383 4014 509 4080 nullum
531 4015 701 4102 negotium
723 4021 824 4100 esset,
851 4018 880 4082 ai
903 4018 975 4102 quis
998 4021 1055 4082 aut
1078 4017 1191 4082 sitiens
1214 4038 1280 4080 non

2 4157 5 4192 r
130 4119 263 4185 biberet
285 4123 342 4186 aut
364 4121 509 4188 esuriens
532 4145 598 4188 non
622 4121 744 4206 ederet,
766 4145 869 4207 neque
893 4123 1061 4188 continens
1084 4121 1135 4186 vel
1159 4125 1280 4206 tempe-

2 4282 4 4288 ,
129 4247 211 4292 rans
235 4227 470 4313 appellaretur,
497 4229 553 4314 qui
575 4251 641 4296 non
664 4228 803 4311 biberet,
831 4229 978 4294 sicutne
1002 4229 1030 4292 is
1054 4227 1197 4311 quidem,
1224 4229 1279 4314 qui

128 4355 202 4400 non
224 4334 385 4420 ambulat,
411 4336 476 4401 nisi
498 4336 578 4402 vult.
623 4335 717 4400 Nunc
746 4337 871 4418 autem,
903 4333 1056 4419 quoniam
1086 4333 1168 4400 dnae
1196 4339 1280 4420 sunt,

129 4463 217 4526 quae
240 4439 407 4508 hominem
430 4441 472 4508 ad
490 4465 524 4508 se
547 4441 691 4527 trahunt,
713 4441 895 4524 facultatcS,
918 4439 1118 4506 irrationalis
1135 4442 1279 4526 potionis

1011 4548 1067 4602 30⁸
