3246 5148
587 497 627 508 -
673 458 804 526 35.ῌ

119 615 324 706 εἐπιτήδειόν
346 619 437 686 ἐστιν
463 623 511 697 είς
539 623 758 686 διδασκαλίαν
791 623 925 706 φλεβῶν
951 617 1119 709 ἀνατομῆς
1148 613 1272 711 ἀρχὴν

117 729 165 818 τῷ
203 725 292 816 λόγῳ
329 725 487 811 γενέσθαι
523 722 561 792 τὸ
599 716 703 814 rinno?
743 723 913 810 άναιτίως,
945 718 971 793 ὦ
1005 726 1207 816 σοφώτατοι,
1239 725 1272 817 ἢ,

118 831 173 900 ὅτι
197 831 329 911 πάντως
350 835 390 920 τῇ
414 829 513 916 φύσει
535 837 737 918 πλεονεκτεῖ,
765 834 820 900 καὶ
844 832 926 920 πρὸς
948 831 1011 920 τὴν
1035 838 1093 921 τῆς
1115 840 1272 904 διδασκα-

119 945 196 1018 λίας
210 935 316 1026 ἀρχὴν
339 936 604 1025 έπιτηδειότερόν
622 939 706 1018 έστι;
728 945 779 1018 τίς
797 931 869 1007 οὖν
888 936 910 1026 ἡ
928 942 1113 1030 πλεονεξία,
1138 947 1271 1030 ζητῆσαι

120 1050 256 1113 δίκαιον
278 1072 306 1113 ιι.
328 1072 356 1113 τ.
379 1053 407 1112 λ.
451 1047 636 1112 Particulse
661 1037 725 1113 οὖν
747 1048 782 1112 Μ
804 1051 854 1124 τίς
876 1037 923 1132 ἦν
952 1050 1096 1115 scribens
1119 1053 1273 1134 praebuit

121 1155 312 1240 vestigium,
340 1147 446 1240 ἀρχήν
473 1175 532 1238 pro
557 1147 640 1237 άρχή
667 1177 728 1219 nos
752 1155 958 1220 scribendum
986 1178 1056 1221 esse
1080 1159 1271 1225 censuimus.

121 1262 156 1324 P.
176 1263 241 1325 497
262 1263 336 1325 ente
355 1261 436 1325 med.
455 1261 490 1326 in
507 1259 539 1324 A
556 1261 690 1345 legitur:
714 1255 784 1325 εἶτά
802 1277 923 1344 φησιν,
951 1255 996 1338 ὣς
1019 1256 1037 1327 ὀ
1066 1259 1128 1346 μὲν
1151 1263 1272 1350 ἕτερος,

120 1364 214 1444 ὅστις
232 1373 361 1451 οἴηται
381 1368 516 1443 δικαίως
532 1362 788 1452 πάσχειν-φέρει
806 1364 919 1456 πρᾴως
938 1362 1037 1450 αὐτά,
1055 1370 1139 1434 in'M
1158 1376 1272 1437 eontra

119 1471 214 1552 ὅστις
242 1467 289 1540 ἂν
317 1481 463 1558 οληται,
490 1473 576 1557 quod
602 1496 681 1538 vers
708 1497 823 1538 manus
850 1476 1019 1559 scriptoris
1043 1497 1113 1540 esse
1137 1479 1272 1544 videtur.

119 1581 156 1646 P.
189 1583 253 1647 618
285 1585 359 1646 ante
389 1580 471 1644 med.
501 1579 535 1644 in
565 1579 595 1644 A
625 1581 748 1644 editum
779 1586 841 1645 est:
873 1578 910 1646 τὸ
941 1577 1148 1666 βλεπόμενον
1178 1586 1272 1670 σῶμα

120 1690 222 1754 δυοῖν
239 1684 386 1771 θάτερον
404 1679 424 1770 ἢ
443 1685 573 1769 πέμπον
590 1710 621 1750 τι
644 1682 727 1771 πρὸς
745 1681 830 1772 ἡμᾶς
848 1681 907 1770 ἀφ’
934 1685 1056 1752 ἑαυτοῦ
1073 1684 1138 1754 σὺν
1157 1689 1271 1780 ἐκείνω

120 1793 176 1860 καὶ
205 1791 267 1879 τὴν
295 1796 387 1858 λδιάν
414 1792 621 1857 ἐνδείκνυται
649 1789 833 1877 διάγνωσιν
864 1787 901 1877 ἢ,
935 1800 1024 1879 εἴπερ
1052 1788 1133 1860 αὐτὸ
1166 1793 1273 1881 μηδὲν

120 1899 256 1986 πέμπει,
278 1898 445 1985 περιμένει
464 1895 539 1963 τινά
563 1893 640 1985 παρ’
665 1895 761 1984 ἡμῶν
784 1894 965 1985 ἀφικέσθαι
988 1897 1135 1986 δύναμιν
1154 1905 1273 1988 αἰσθη-

120 2003 219 2091 τικὴν
237 2002 345 2072 ἑαυτό.
377 2002 569 2071 Ὸλιαεῖεεὶαο
590 2007 730 2070 correxit
748 2003 865 2097 ἑαυτῷ,
888 2008 972 2092 quod
990 2008 1118 2074 Kuehn.
1135 2012 1272 2096 recepit;

121 2119 157 2179 at
176 2113 383 2179 scribendum
405 2113 516 2197 potius
540 2112 604 2177 fuit
626 2107 682 2196 ἐφ’
709 2110 840 2198 ἑαυτό,
864 2115 1135 2200 quemadmodum
1153 2115 1188 2181 M
1207 2121 1271 2181 tre·

120 2221 213 2286 didit.
264 2219 411 2284 Eandem
433 2199 714 2302 praepositionem
741 2220 824 2286 inA
848 2222 1017 2306 omissam,
1044 2223 1079 2286 in
1105 2223 1214 2287 codice
1237 2223 1272 2289 M

121 2331 286 2392 serratam
305 2348 377 2390 esse
396 2327 479 2390 elius
498 2326 590 2390 loeus
609 2325 716 2409 docet,
739 2347 834 2410 quem
856 2349 887 2410 p.
912 2327 977 2391 745
1001 2331 1079 2391 extr.
1103 2328 1150 2392 sie
1172 2329 1272 2412 serip-

120 2439 193 2498 tum
222 2434 258 2498 in
288 2433 319 2497 A
351 2433 504 2517 legimus:
535 2433 634 2497 τοῦτο
667 2432 732 2496 νῦν
765 2428 840 2508 ἑνὸς
871 2434 983 2508 εῖδονς
1015 2431 1183 2516 ἐποίησεν,
1216 2435 1272 2500 sed

121 2541 243 2604 rectius
265 2540 300 2604 in
322 2539 370 2604 M:
393 2539 491 2604 τοῦτο
515 2540 581 2604 νῦν
603 2532 661 2622 ἐφ’
692 2533 768 2614 ἑνὸς
791 2538 903 2615 είδους
925 2537 950 2604 d.
999 2540 1033 2604 P.
1058 2541 1121 2604 733
1149 2541 1272 2606 mede

122 2645 291 2711 Marciano
315 2647 532 2726 restituimus:
555 2639 782 2729 γυμνάζεσθαι
800 2645 887 2728 γοῦν
905 2641 967 2729 χρὴ
987 2648 1176 2730 γυμνασίαν
1193 2641 1269 2711 καθ’

122 2749 266 2835 ἑκάστην
288 2747 429 2835 ἄσκησιν
451 2750 568 2836 τέχνης
590 2749 628 2816 ἐν
650 2745 761 2832 ὕλαις,
788 2738 837 2815 ὧν
861 2753 916 2828 είς
942 2747 1001 2828 τὰς
1023 2756 1205 2837 χρησίμους
1226 2755 1271 2842 τῷ

121 2863 185 2947 βίῳ
213 2855 346 2944 πράξεις
373 2856 534 2943 δεόμεθα,
563 2857 619 2922 ubi
646 2859 703 2933 είς
730 2858 770 2922 ab
800 2858 977 2923 editoribus
1006 2860 1163 2924 omissum
1192 2864 1271 2926 eret

123 2966 157 3030 P.
181 2965 248 3030 565
271 2967 353 3031 med.
377 2966 545 3030 ediderunt
567 2965 598 3028 εί
623 2959 687 3047 γὰρ
715 2959 821 3040 ὅντως
843 2988 878 3029 τε
900 2962 955 3028 καὶ
979 2961 1078 3048 φύσει
1104 2965 1172 3030 τοῖν
1194 2970 1272 3049 φλε-

122 3073 196 3156 βῶν
219 3070 309 3137 ἐστιν
333 3065 415 3156 ἀρχὴ
439 3069 496 3158 (so.
519 3067 556 3136 τὸ
581 3059 698 3157 ἧπαρ),
720 3067 919 3155 θαυμαστὸν
936 3071 1035 3136 τοῦτο
1058 3068 1141 3136 κατὰ
1163 3067 1271 3137 πάντα

122 3174 250 3262 τρόπον
277 3172 383 3261 ἀρχὴν
406 3171 518 3242 αὐτῶν
541 3171 771 3262 εὑρίσκεσθαι,
798 3199 896 3242 sensu
922 3178 1019 3262 plane
1045 3180 1208 3245 contrario
1233 3179 1272 3265 ei,

123 3307 221 3370 quem
245 3285 443 3368 scriptorem¹
461 3285 607 3350 subicere
630 3284 772 3349 voluisse
790 3283 825 3347 M
845 3285 1016 3350 confirmet
1037 3281 1272 3370 θαυμαστὸν

124 3386 244 3456 οὐδέν
275 3392 373 3457 τοῦτο
406 3393 574 3476 praebens.
633 3389 790 3454 Eiusdem
817 3390 914 3456 fidem
946 3392 1049 3456 secuti
1081 3392 1271 3476 scripsimus

124 3523 154 3583 p.
174 3499 238 3563 301
263 3501 340 3584 post
362 3499 404 3565 in
424 3491 464 3562 δι’
490 3487 539 3562 ἀν
562 3493 598 3562 δέ
621 3497 707 3562 νοῦν
729 3493 784 3560 καλ
808 3495 934 3581 φρένας
956 3495 1011 3562 καὶ
1038 3494 1269 3580 διάνοιανκαὶ

123 3599 287 3689 λογισμὸν
308 3599 379 3670 εἶπέ
398 3629 449 3681 τις
470 3600 632 3688 ποιητὴς
655 3602 693 3668 ἐν
715 3605 836 3691 καρδίᾳ
859 3602 1084 3689 περιέχεσθαι,
1112 3601 1271 3690 συνάγειν

122 3715 192 3777 ἔδει
223 3709 281 3798 (ετ.
310 3706 371 3776 τὸν
400 3707 626 3797 Χρύσιππον);
656 3706 794 3794 ποιητής
824 3711 918 3776 abest
944 3711 981 3777 in
1010 3711 1079 3775 edd.
1124 3711 1270 3796 Denique

122 3819 271 3904 pluribus
295 3819 376 3883 loeis
399 3818 585 3883 Articulum
608 3818 649 3881 ab
674 3817 853 3883 editoribus
873 3815 1033 3882 'omissum
1058 3818 1270 3902 restituimus,

122 3927 213 3991 velut
242 3949 272 4009 p.
301 3926 364 3990 337
394 3925 475 3990 med.
503 3921 638 3990 πάντων
667 3920 730 4009 γάρ
759 3918 866 4009 άρχὴν
893 3917 979 3988 εἶναι
1010 3920 1165 4006 βούλεται
1198 3920 1270 4008 τὴν

122 4033 281 4116 καρδίαν,
317 4055 348 4116 p.
381 4033 445 4096 783
478 4032 559 4096 med.
595 4024 679 4095 άλλδι
715 4029 770 4096 καί
802 4026 859 4095 διὰ
889 4031 957 4095 τῶν
992 4025 1270 4116 παραδειγμάτων

123 4135 316 4224 ἐγύμνασαν
342 4133 428 4224 ἡμᾶς
455 4135 492 4202 έν
518 4141 653 4214 πολλοῖς
679 4139 754 4203 τῶν
784 4133 867 4203 κατὰ
897 4135 1010 4224 μέρος,
1041 4160 1072 4220 p.
1101 4136 1165 4200 792
1194 4140 1269 4200 ente

123 4245 205 4310 med.
229 4240 299 4310 εἶτα
325 4241 380 4308 καὶ
403 4239 524 4329 μεταξὺ
551 4240 632 4308 κατὰ
658 4241 720 4329 τὴν
748 4244 901 4323 διέξοδον
922 4245 992 4308 τοῦ
1019 4239 1123 4326 λόγου
1149 4262 1269 4326 παρεν-

121 4349 229 4428 τιθεὶς
254 4347 316 4436 τὴν
343 4345 529 4435 ἀπόφασιν,
557 4374 588 4435 p.
617 4352 681 4416 794
707 4356 784 4436 post
810 4352 893 4417 med.
919 4344 1002 4414 κατά
1028 4345 1097 4413 τὸν
1128 4353 1269 4435 Τίμαιον

19 4427 26 4456 ⁹
122 4459 186 4548 (Cf.
209 4459 410 4545 Programm.
433 4462 534 4524 nostr.
556 4457 603 4543 Π,
625 4455 670 4545 5).
1041 4559 1057 4594 ⁸

1018 4565 1035 4616 δ
