3210 5148
607 472 649 482 -
695 437 759 500 aar

233 591 318 661 Ὅσα
349 599 467 662 τοίνυν
499 590 742 680 ἀναγκαιότατα
769 591 852 681 πρὸς
884 591 945 680 τὴν
972 595 1193 681 προκειμένην
1221 591 1368 680 ἡμίνιεο

153 705 382 830 πραγματείαν
413 701 497 784 ἐστί,
534 704 637 768 ταῦτα
670 701 863 787 ἐπέλθωμεν
895 699 982 787 μόνα
1014 700 1068 766 καί
1100 698 1232 788 πρῶτόν
1264 725 1301 785 γε

153 803 266 876 αὐτῶν
288 805 577 893 προχειρισόμεθα
605 805 641 874 τὸ
644 809 739 936 περί
762 811 820 894 τῆς
841 811 909 875 τῶν
931 809 1076 874 παιδίων
1098 805 1301 894 διοικήσεως.

154 913 231 983 οὔτε
255 911 319 1000 γὰρ
342 909 407 980 ὑπὸ
433 912 536 999 λόγου
558 913 616 993 τὰς
639 909 744 1001 ὁρμὰς
767 909 878 981 αὐτῶν
902 911 1174 1000 ἐπιτροπεύεσθαι
1199 917 1300 980 δυνα-

152 1018 212 1089 τὸν
240 1024 361 1104 είπείν,
394 1015 436 1086 ού
474 1017 538 1106 γάρ
565 1024 630 1107 ἔχει
664 1017 727 1108 ἥδη
755 1043 805 1088 πω
833 1017 894 1088 τὸν
921 1019 1039 1107 λόγον,
1073 1017 1152 1088 οὔθ’
1183 1017 1228 1099 ὦς
1260 1043 1327 1088 ovs

154 1130 326 1214 θυμοῦταί
345 1152 379 1194 τε
402 1126 456 1193 καί
480 1134 628 1194 λυπεῖται
652 1127 705 1194 καί
725 1124 837 1212 ἣδεται
861 1127 915 1194 καὶ
938 1130 1017 1217 γελᾷ
1039 1127 1094 1194 καί
1118 1133 1222 1195 κλαίει
1245 1127 1300 1194 καὶ

152 1230 286 1302 τοιαῦθ’
312 1234 406 1320 ἕτερα
429 1231 523 1320 πάδη
546 1232 663 1320 πάσχει
686 1239 797 1320 μυριά.
841 1231 928 1300 πολὺ
955 1232 1019 1320 γὰρ
1047 1231 1089 1321 δὴ
1120 1234 1174 1301 καί
1198 1240 1299 1302 πλείω

154 1341 209 1408 καὶ
233 1337 443 1426 σφοδρότεροι
465 1337 505 1407 τὰ
529 1339 622 1426 πάδη
645 1353 714 1418 τοῖς
736 1342 882 1418 παιδίοις
906 1339 995 1407 ἐστίν
1018 1335 1038 1426 ἢ
1061 1355 1133 1420 τοῖς
1155 1347 1300 1420 τελείοις.

153 1443 194 1514 ού
219 1445 286 1533 μὴν
305 1443 489 1526 ἀκολουθεῖ
510 1473 545 1533 γε
564 1451 666 1515 ταῦτα
688 1459 757 1524 τοῖς
776 1451 973 1532 Χρυσίππου
992 1445 1168 1534 δόγμασιν,
1192 1443 1301 1533 ὥσπερ

155 1549 233 1619 οὐδὲ
267 1556 311 1644 τῷ
348 1557 515 1640 μηδεμίαν
547 1557 713 1620 οίκείωσιν
745 1549 831 1620 εἶναι
868 1553 967 1640 φύσει
1000 1551 1082 1640 πρὸς
1118 1551 1248 1642 ἡδονὴν
1280 1547 1341 1640 ἢιο
1362 1587 1375 1598 ·

154 1655 373 1746 ἀλλοτρίωσιν
394 1659 478 1747 πρὸς
505 1659 620 1728 πόνον.
666 1657 753 1749 ᾄττει
781 1658 843 1746 plu
870 1657 933 1748 γάρ
961 1655 1146 1741 ἀδιδάκτως
1172 1659 1301 1728 ἅπαντα
1330 1702 1346 1712 -

153 1765 192 1833 τὰ
215 1771 333 1834 παιδία
351 1767 435 1853 πρὸς
456 1765 515 1847 τὰς
533 1764 669 1856 ἡδονάς,
692 1761 931 1855 ἀποστρέφεται
956 1765 992 1834 δὲ
1010 1766 1066 1833 καὶ
1085 1764 1200 1853 φεύγει
1222 1764 1302 1847 τούς

153 1871 287 1952 πόνους.
320 1869 460 1961 ι,δριδμεν
483 1873 519 1942 δὲ
543 1871 625 1942 αὐτὰ
649 1875 704 1941 καί
726 1873 926 1961 θυμούμενα
949 1874 1004 1941 καὶ
1032 1879 1222 1955 λακτιξοντα
1245 1873 1300 1941 καί

153 1977 320 2047 δάκυοντα
353 1980 408 2047 καί
440 1983 539 2048 νικᾶν
570 1981 729 2050 ἐθέλοντα
762 1981 816 2048 καί
855 1994 989 2069 κρατεῖν
1021 1983 1090 2046 τῶν
1126 1985 1300 2065 τοιούτων,

153 2083 263 2173 ὥσπερ
287 2089 359 2152 ἔνια
383 2090 450 2154 τῶν
479 2085 584 2179 ζρίωυ,
613 2083 752 2167 οὐδενὸς
774 2085 885 2155 ἀδλου
907 2086 1183 2173 προβαλλομένου
1211 2087 1300 2174 παρὰ
1314 2109 1340 2150 rs

193 2307 204 2354 1
227 2295 295 2370 ἡμῖν
313 2303 379 2370 post
396 2301 590 2384 πραγματείαν
609 2301 691 2354 L-
717 2307 732 2352 3
753 2295 924 2368 προχειρησύ
946 2301 1003 2354 eliu
1022 2297 1108 2352 ΜΑΒ
1127 2295 1298 2368 προχειρισό-

152 2371 336 2441 ριμ-εδαΙι
299 2393 403 2440 -ηςτ
421 2372 517 2426 ποδῶν
535 2371 599 2424 Lr.
618 2369 674 2424 τῶν
692 2370 803 2424 παίδων
821 2369 908 2424 Mna
938 2369 986 2422 hK
1009 2389 1032 2427 τ.
1052 2390 1074 2423 τ.
1094 2373 1216 2424 παιδίων
1235 2387 1298 2437 nos;

152 2391 186 2498 ol.
202 2441 467 2514 Proll.p)124.—-
496 2435 579 2496 elul
599 2457 648 2510 pro
667 2435 828 2494 ύπόΙι.-
853 2435 1158 2508 ίπιτρέπεσδαιΙι--
1184 2439 1298 2510 δίγον-

151 2532 196 2570 ssa
219 2514 298 2571 codd.
310 2460 386 2569 pedd.
411 2512 468 2583 ἔχει
494 2530 608 2567 uos.-
636 2531 679 2566 πα
703 2529 757 2567 om.
783 2510 1010 2566 naucula-
1040 2518 1110 2566 θτε
1136 2527 1189 2566 om.
1209 2511 1240 2566 L.
1264 2542 1297 2552 -

153 2582 270 2654 ’ίπάθη
289 2585 442 2641 om.L.-
462 2578 837 2666 SlmlroriLlllnBChl.
854 2577 1025 2711 ptura&
1044 2581 1079 2637 ef.
1094 2581 1179 2638 Proll.
1176 2600 1222 2668 p
1238 2589 1297 2638 124.

154 2663 240 2712 —10
258 2651 323 2710 οὔτε
342 2651 374 2709 τὸ
394 2655 473 2710 codd
493 2653 555 2709 edd.
575 2649 643 2710 ariell
662 2654 700 2724 τῷ
720 2671 783 2719 nos3
803 2653 837 2710 ef
880 2654 933 2708 roll
948 2672 979 2740 p
1010 2659 1121 2709 10³.-
1090 2649 1227 2723 -φήσει
1246 2671 1298 2724 pro

153 2723 239 2794 φύσει
258 2725 347 2781 la—
371 2733 402 2780 15
421 2724 633 2796 προβαλομίνον
652 2725 680 2778 M
699 2696 836 2794 προκάλεῑ
851 2724 904 2796 μὲν
922 2719 1007 2780 oriL.
1027 2757 1060 2766 —-

242 2941 331 3020 Quae
363 2941 465 3026 igitur
496 2941 536 3006 ad
568 2941 771 3025 propositam
808 2941 914 3026 operis
949 2943 1107 3006 rationem
1139 2965 1296 3028 perquam

151 3052 228 3115 sunt
251 3048 448 3132 necessaria,
476 3071 514 3112 ea
539 3047 609 3113 sola
632 3069 863 3132 persequamur
891 3071 928 3112 ao
951 3048 1092 3132 primum
1116 3049 1155 3113 de
1182 3072 1295 3134 puero-

150 3177 222 3222 rum
242 3156 447 3222 institutione
461 3155 628 3238 disputare
647 3155 883 3242 aggrediamur.
918 3153 992 3218 Diei
1012 3176 1089 3218 sane
1108 3177 1174 3221 nou
1188 3159 1296 3241 potest

151 3267 207 3328 aut
230 3286 342 3330 eorum
366 3262 583 3348 appetitiones
604 3285 622 3326 a
647 3263 771 3327 ratione
795 3261 874 3346 regi,
896 3263 933 3325 ut
955 3261 1010 3346 qui
1030 3261 1167 3328 rationis
1186 3284 1295 3346 exper-

150 3377 199 3434 tes
235 3372 314 3456 sint,
346 3372 403 3435 aut
430 3393 485 3434 eos
512 3391 579 3435 non
606 3368 717 3453 irasci,
743 3390 808 3434 non
836 3367 958 3451 dolere,
985 3390 1051 3434 nou
1073 3367 1204 3451 laetari,
1231 3391 1296 3435 non

151 3477 269 3560 ridere,
295 3501 360 3544 non
388 3477 476 3560 flere,
503 3497 569 3540 non
592 3475 665 3540 aliis
694 3473 917 3540 huiuscemodi
946 3476 1041 3540 sileat
1042 3475 1115 3540 ibus
1139 3475 1296 3542 obnoxios

151 3603 230 3646 esse.
278 3581 383 3648 Multo
410 3583 496 3647 enim
525 3583 635 3668 plures
664 3585 740 3648 sunt
772 3580 1131 3647 et'vehementiores
1121 3604 1156 3646 ur
1187 3582 1295 3666 pueris

152 3711 248 3773 quam
272 3689 306 3752 iu
330 3688 457 3753 adultis.
500 3689 589 3754 Haeo
613 3711 689 3754 vero
713 3687 889 3773 Chrysippi
912 3687 1050 3752 decretis
1073 3711 1138 3754 non
1162 3711 1293 3754 eonsen-

151 3799 247 3860 tanea
279 3799 355 3860 sunt
386 3816 458 3860 eum
488 3795 562 3860 aliis
596 3799 665 3860 lum
696 3795 761 3878 illi,
793 3817 857 3878 quo
884 3794 1067 3859 naturalem
1095 3817 1165 3859 esse
1193 3797 1227 3859 et
1254 3795 1294 3860 ad

151 3904 351 3988 voluptatem
380 3903 640 3969 conciliationem
670 3905 702 3964 et
730 3925 748 3966 a
779 3901 892 3966 labore
925 3900 1154 3968 alienationem
1186 3905 1293 3988 negat.

149 4009 313 4076 Nimirum
340 4031 451 4075 omnes
478 4009 606 4094 parvuli
634 4008 754 4074 nullius
782 4007 929 4075 doctrina
956 4009 1006 4072 usi
1040 4007 1080 4073 ad
1108 4009 1293 4093 voluptates

149 4118 273 4202 impetu
292 4115 430 4200 quodam
445 4117 600 4201 lenmtur,
621 4119 811 4180 aversantur
828 4115 1021 4202 fugiuntque
1039 4115 1176 4182 labores.
1212 4115 1292 4182 Eos·

149 4224 221 4288 dem
253 4223 351 4288 irasei
384 4223 529 4288 videmus
566 4226 600 4288 et
631 4223 800 4288 calcitrare
833 4226 867 4288 et
897 4224 1043 4289 mordere
1075 4225 1109 4287 et
1143 4222 1291 4288 vincendi

150 4330 282 4416 cupidos
302 4353 427 4396 esseae
450 4331 623 4414 superandi
647 4329 740 4414 alios,
762 4331 817 4415 qui
837 4331 949 4396 eodem
969 4331 1076 4396 animo
1100 4333 1185 4414 sunt,
1207 4329 1293 4394 siout

149 4439 321 4504 nonnullas
354 4436 490 4522 bestiae,
521 4436 611 4503 nullo
643 4439 771 4521 praeter
804 4438 909 4521 ipsam
942 4437 1112 4504 victoriam
1145 4436 1290 4521 praemio
