3298 5136
795 421 1039 487 -212ψ-

341 607 406 666 νην
425 575 631 667 ἀμφιβολίαν
651 578 867 664 ἐπεσπάσατο,
890 585 952 647 τοῦ
974 580 1134 666 τετάρτου
1153 580 1272 665 γένους
1297 577 1489 668 [ἐντούτῳ]

339 689 503 773 μετέσχεν.
554 691 584 752 εί
614 685 677 773 μέν
705 677 768 754 οὖν
797 687 972 773 γινώσκων
1005 683 1110 753 αὐτοῦ
1142 685 1204 771 τήν
1232 692 1442 772 πανουργίαν
1471 682 1489 750 δ

340 792 461 880 Ζήνων
494 792 578 860 ἑκὼν
611 793 855 881 παρεχρήσατο,
889 791 1049 879 σοφιστής
1081 789 1124 859 ἀν
1155 801 1205 878 είη
1232 820 1282 872 τις
1313 797 1440 880 μᾶλλον
1472 787 1490 878 i}

312 899 537 986 ιφιλόσοφος·
567 905 597 967 εί
619 899 665 966 δέ·
679 897 847 986 ἀγνοήσας
869 898 960 968 ἀκων
984 899 1159 986 ἐχρήσατο,
1188 903 1323 986 λογικῆς
1344 905 1491 985 θεωρίας

273 1025 327 1080 251
340 1004 560 1094 ἀγύμναστος.
615 1003 698 1074 ἀλλὰ
733 1005 824 1093 ἡμεῖς
856 1035 892 1093 γε
924 1004 1007 1094 μήθ’
1039 1005 1170 1084 ἑκόντες
1192 1005 1270 1073 ποτέ
1302 1003 1488 1083 τοιούτοιςλ

338 1120 547 1201 χρησαίμεθα
566 1114 688 1199 λόγοις,
713 1116 839 1200 ἐχθροῦ
862 1113 926 1200 γὰρ
950 1111 1110 1200 ἀληθείας
1134 1111 1258 1200 ἀνδρὸς
1280 1110 1317 1178 τὸ
1342 1109 1489 1196 πανούρ-

338 1249 442 1308 γημα,
479 1220 559 1308 μήτε
589 1219 725 1299 ἀκοντες
757 1219 821 1288 ὑπὸ
856 1218 1004 1308 ἀμαθίας
1030 1247 1064 1287 τε
1094 1219 1161 1307 ἀμα
1194 1221 1248 1286 καί
1281 1216 1491 1305 ἀγυμνασίας

339 1330 555 1415 ἐμπίπτοιμεν
579 1333 626 1406 είς
648 1324 779 1406 αὐτούς.
820 1325 941 1414 ὁμοίαν
965 1326 1000 1394 δέ
1021 1332 1085 1414 ἔχει
1109 1331 1153 1417 τῷ
1178 1327 1321 1415 δευτέρω
1344 1323 1489 1411 λήμματι

339 1436 394 1501 καὶ
428 1434 465 1502 τὸ
493 1435 651 1521 τέταρτον
678 1431 834 1518 ἀτοπίαν,
864 1436 901 1500 ἐν
928 1425 954 1525 ᾧ
984 1453 1065 1520 φησι
1101 1432 1215 1519 ελόγος
1243 1429 1307 1499 ἀπὸ
1337 1435 1491 1507 διανοίας

285 1543 457 1628 ’ποχωρεῑῘ
503 1539 520 1608 ὁ
549 1541 613 1628 γάρ
641 1568 692 1608 τοι
721 1541 821 1627 λόγος
848 1532 960 1625 οὗτος,
990 1537 1008 1626 ἡ
1040 1546 1249 1627 σημαίνουσα
1278 1537 1393 1624 φωνή,
1422 1534 1488 1604 ὑπὸ

337 1647 399 1734 μὲν
421 1651 479 1733 της
503 1652 655 1728 διανοίας
684 1650 892 1735 ἐκπέμπεται,
920 1647 1072 1733 καθάπερ
1100 1647 1154 1712 καὶ
1183 1637 1285 1712 τάλλα
1313 1642 1421 1710 πάντα
1447 1643 1489 1709 τὰ

337 1752 419 1820 κατὰ
447 1761 643 1843 προαίρεσιν
672 1755 910 1841 ἐνεργούμενα,
939 1751 980 1820 οὐ
1007 1754 1074 1840 μήν
1102 1754 1137 1819 ἐκ
1169 1756 1227 1838 τής
1254 1757 1407 1828 διανοίας
1440 1776 1489 1835 γε,

338 1857 420 1928 ἀλλὰ
445 1861 480 1927 ἐκ
503 1864 564 1928 τοῦ
586 1861 762 1948 λα’ρυγγος.
799 1867 990 1948 ἔμπροσθεν
1014 1859 1049 1925 δέ
1075 1856 1205 1926 οὐδέπω
1225 1855 1321 1944 φωνὴ
1346 1855 1383 1925 τὸ
1407 1853 1488 1924 ἀνα-

337 1966 527 2054 φερόμενόν
547 1969 648 2050 ἐστιν,
671 1965 766 2050 ἀλλά,
786 1966 831 2047 ὡς
854 1973 991 2053 ἔφαμεν,
1015 1964 1077 2052 ὕλη
1101 1993 1151 2044 τις
1170 1971 1275 2033 οίκεία
1293 1967 1420 2050 φωνῆς,
1445 1959 1488 2050 ἣν

299 2095 322 2134 15
338 2071 544 2161 ὀνομάζομεν
568 2074 762 2161 ἐκφόσησιν.
800 2076 991 2161 ἐκπέμπεται
1013 2073 1048 2138 δέ
1069 2074 1189 2140 ἐκτῶν
1207 2071 1288 2139 κατὰ
1312 2070 1487 2157 πνεύμονα

336 2185 498 2267 τραχειῶν
521 2178 699 2268 ἀρτηριῶν,
723 2174 771 2248 ὧν
796 2179 935 2266 οὐδεμία
957 2183 1015 2266 της
1038 2184 1176 2265 καρδίας
1199 2177 1341 2247 ἅπτεται.
1384 2173 1401 2244 ό
1425 2176 1488 2264 μέν

375 2405 386 2450 1
409 2392 440 2450 ἐν
459 2416 548 2468 τουτμ
569 2396 647 2450 codd.
673 2397 748 2460 edd,
773 2413 822 2450 nos
843 2395 920 2448 uncis
938 2393 1108 2449 inclusimus.
1128 2425 1161 2432 —
1190 2401 1205 2446 3
1225 2394 1328 2464 μᾶλλον
1349 2411 1402 2448 om.
1421 2392 1486 2447 LM.

338 2499 369 2506 -
397 2462 577 2536 4ἀγνοήοας
595 2487 624 2521 τε
645 2463 723 2521 ἀκων
742 2468 772 2522 L.
793 2499 826 2507 —
855 2475 870 2518 d
890 2461 1029 2533 ἀληθείας
1049 2461 1107 2520 ἐστὶ
1125 2460 1230 2533 ἀνδρὸς
1248 2466 1285 2519 Μ.
1304 2497 1336 2506 -
1362 2460 1487 2532 πανοόρ·

337 2610 428 2676 γευμα
447 2591 468 2644 L
488 2551 691 2662 πανούργεδμα
711 2592 770 2660 (sic)
790 2593 819 2645 M
838 2587 1026 2660 πανούργημα
1046 2591 1077 2643 Α.
1094 2621 1130 2676 Γ
1151 2597 1166 2644 9
1186 2584 1201 2645 ὁ
1222 2585 1305 2658 λόγος
1324 2589 1403 2643 codd.
1423 2588 1484 2670 edd.

337 2681 351 2715 ο
379 2662 545 2728 δελετιαιυες
578 2664 612 2716 cf.
642 2681 726 2732 supra
748 2682 775 2733 p.
803 2671 866 2723 sol,
892 2670 916 2716 3.
948 2695 979 2702 —
1012 2670 1044 2715 10
1072 2682 1154 2724 ουτος
1181 2679 1235 2716 om.
1259 2662 1289 2714 h.
1314 2692 1348 2699 —
1380 2667 1410 2713 1⁴
1438 2680 1486 2726 της

337 2731 443 2794 οἰκείας
461 2734 483 2785 L
503 2754 544 2795 τις
563 2733 654 2787 οίκεία
675 2735 739 2788 MA.
759 2765 792 2773 —
811 2743 842 2788 lo
863 2729 894 2787 ἐκ
914 2729 963 2787 τόν
982 2735 1018 2786 Μ.
1040 2765 1070 2771 -

337 2932 443 3016 quarti
474 2932 602 3017 generis
636 2935 835 2998 censebatur.
891 2932 995 3008 Quam
1024 2932 1051 2996 si
1080 2931 1356 3014 animadvertam,
1388 2953 1483 3016 quam

335 3041 466 3102 versuta
491 3044 585 3122 essct,
604 3041 689 3106 Zeno
708 3043 820 3106 volens
841 3041 1007 3124 sciensque
1027 3039 1191 3121 assumsit,
1207 3037 1357 3122 sophista
1375 3039 1483 3122 potius

336 3167 435 3228 quam
471 3143 706 3231 philosophus,
746 3149 795 3212 sin
828 3149 982 3233 ignorans
1014 3145 1280 3230 imprudensque,
1320 3146 1354 3209 in
1375 3145 1483 3229 logica

335 3251 508 3335 disciplina
531 3253 663 3318 minime
692 3255 886 3318 exercitatus
911 3253 1091 3318 existimari
1120 3253 1224 3316 debat.
1268 3252 1375 3316 Nobis
1399 3255 1482 3314 carde

335 3357 442 3422 danda
470 3381 583 3443 opera,
614 3383 654 3424 ne
683 3361 841 3426 eiusmodi
869 3362 1051 3426 rationibus
1085 3365 1141 3423 aut
1169 3361 1307 3424 scientos
1346 3362 1481 3438 utamur,

334 3464 477 3530 hominis
509 3467 594 3530 enim
627 3469 774 3532 veritatis
802 3468 926 3532 inimici
957 3468 1089 3531 fallacia
1117 3472 1180 3550 est,
1213 3469 1271 3530 aut
1297 3463 1481 3550 ignorantia

335 3575 367 3634 ct
390 3573 543 3638 tirocinio
568 3575 663 3638 iuviti
686 3575 720 3638 in
744 3598 798 3638 eas
827 3575 1017 3638 incidamus.
1062 3575 1173 3657 Aeque
1202 3571 1342 3636 absurda
1370 3593 1408 3635 ac
1435 3593 1479 3633 se-

335 3680 439 3743 cunda
463 3684 579 3762 quarta.
603 3681 723 3745 sumtio
747 3685 806 3764 est,
830 3681 886 3745 ubi
911 3681 957 3745 ait
982 3679 1099 3746 ‘oratio
1123 3681 1161 3744 de
1185 3684 1292 3744 mente
1316 3675 1479 3762 procedit'.

333 3785 404 3850 Isia
431 3787 584 3850 nimirum
613 3788 732 3870 oratio,
765 3809 847 3870 quac
882 3811 944 3852 vox
976 3788 1163 3872 significans
1196 3791 1258 3869 esd,
1291 3785 1387 3848 sicuti
1418 3785 1480 3848 aliu

335 3891 458 3975 omnia,
491 3915 571 3976 quae
599 3895 766 3958 voluntate
794 3896 889 3977 fiunt,
926 3887 990 3958 ὑπὸ
1026 3895 1191 3975 διανοίας,
1222 3894 1241 3957 i.
1270 3914 1296 3956 e.
1329 3915 1347 3955 a
1376 3895 1479 3955 mente

335 4000 509 4082 emittitur,
540 4022 605 4064 non
633 4004 743 4066 tamen
771 4025 787 4065 e
816 4005 937 4082 mente,
970 4001 1025 4064 sed
1059 4023 1075 4063 e
1104 4004 1243 4085 gutture.
1292 3998 1362 4063 Ncc
1391 3999 1479 4081 prius

333 4106 433 4170 etiam
457 4104 568 4190 (quam
592 4128 649 4190 per
671 4109 873 4172 voluntatem
898 4105 1053 4193 fingatur)
1079 4107 1213 4192 spiritus
1233 4105 1409 4170 ascendens
1433 4107 1479 4167 esi

335 4235 404 4297 vox,
429 4213 483 4276 sed
508 4213 655 4295 materia,
680 4218 716 4277 ui
739 4214 887 4298 diximus,
911 4215 1069 4298 quaedam
1093 4214 1182 4279 vocis
1205 4213 1355 4297 propria,
1382 4233 1477 4295 quam

334 4316 518 4402 ἐκφύσησιν
547 4321 763 4404 appellamus,
798 4344 815 4382 ο
849 4321 1011 4403 pulmonis
1041 4321 1169 4384 arteriis
1199 4319 1322 4403 asperis
1352 4319 1477 4398 omissa,

334 4447 468 4508 quarum
492 4426 582 4489 nulla
606 4449 662 4490 cor
686 4427 828 4510 attingit.
875 4427 960 4490 Zeno
985 4429 1086 4511 igitur
1110 4428 1176 4491 sive
1200 4426 1387 4509 imprudens
1412 4425 1476 4488 sive
