3166 5192
555 429 798 493 —547-

98 587 183 658 αὐτὸ
206 589 243 657 τὸ
267 588 474 676 σπλάγχνον,
502 583 685 672 ἀνίσχουσα
715 584 751 652 δὲ
776 581 840 671 ἤδη
863 581 947 672 πρὸς
973 581 1112 665 τοόκτὸς
1135 587 1248 674 ἕτερον

98 698 258 784 μέγιστον
286 693 452 780 διάστημα
485 693 682 780 διεξέρχεται
719 695 796 778 δι’χα
828 700 1003 778 σχισθεῖσα
1041 695 1163 773 διττοῑς
1193 693 1248 760 καὶ

97 806 200 870 τοῦτο
224 799 421 888 ὁριζόμενον
439 798 542 887 ὅροις,
566 799 616 866 ἑνὶ
639 800 712 885 μέν,
735 789 761 888 ιβ
785 800 851 865 νῦν
873 796 915 884 δὴ
939 799 1106 885 πέπαυμαι
1130 801 1249 885 λέγων,

98 908 183 977 ὅταν
214 905 333 995 ἀνίσχῃ
366 910 498 994 πρῶτον
531 907 591 986 ἔξω
628 907 690 972 τοῦ
727 905 903 992 δέρματος,
940 903 1038 995 ἑτέρῳ
1077 907 1129 990 δέ,
1167 905 1276 974 ὅταν*

98 1013 275 1102 ὑπερκόφη
299 1011 361 1081 τὸν
383 1009 531 1100 ἀμνειόν.
577 1009 597 1098 ἡ
621 1009 684 1098 γὰρ
709 1008 765 1077 διὰ
790 1011 795 1100 Ι
820 1010 944 1078 τούτου
967 1011 1117 1092 διέξοδος
1139 1011 1316 1086 ἀπασασὸσ

98 1120 165 1208 τὴν
192 1117 256 1188 ἀπὸ
285 1122 346 1187 τοῦ
373 1117 497 1206 ἥπατος
528 1119 580 1186 ἐπὶ
614 1115 674 1186 τὸν
707 1113 861 1203 ὀμφαλὸν
890 1119 1115 1204 ἐνηνεγμένην
1142 1121 1249 1205 φλέβα

99 1227 243 1314 περιέχει
271 1225 458 1312 νεμομένην
486 1231 533 1305 ελς
561 1223 633 1293 δύο.
685 1230 778 1312 τρίτη
807 1223 844 1290 δὲ
872 1221 954 1310 ἄλλη
982 1222 1073 1310 χάρα
1100 1224 1159 1304 τὰς
1186 1225 1249 1294 δύο

99 1333 223 1412 ταύτας
246 1331 411 1417 ἐκδέχεται
435 1331 570 1418 φλέβας,
593 1328 610 1398 τ’
633 1328 715 1398 κατὰ
738 1327 775 1397 τὸ
800 1329 928 1418 χόριον,
951 1327 1060 1398 οὐκέτι
1084 1331 1251 1418 μενούσας

101 1439 177 1508 δύο.
221 1445 360 1525 σχίζεται
388 1437 452 1526 γάρ
481 1437 616 1526 ἑκατέρα
644 1440 828 1516 πολυειδῶς
855 1442 902 1516 εἰς
929 1437 1123 1522 παμπόλλας
1149 1436 1251 1518 ἄλλας

101 1543 266 1632 ἀλλαχόσε
289 1548 350 1612 τοῦ
372 1550 499 1632 χορίου·
513 1543 797 1632 διασπειρομένας.
839 1535 941 1623 αὖθις
964 1543 999 1611 δέ
1024 1541 1088 1612 ἀπὸ
1113 1545 1251 1612 ἐκείνων
1266 1567 1290 1606 1⁰

102 1652 214 1738 έτεραί
233 1675 337 1734 τινες,
360 1649 429 1719 εἶτα
452 1649 517 1719 ἀπὸ
542 1653 679 1720 ἐκείνων
704 1650 800 1719 ἄλλαι
824 1654 1019 1736 γεννῶνται,
1042 1651 1194 1739 καθάπερ
1217 1656 1254 1719 οἱ

101 1761 226 1838 κλῶνές
249 1754 312 1825 ἀπὸ
337 1761 404 1826 τῶν
426 1757 602 1846 πτόρθον,
625 1755 719 1846 άχρις
741 1753 784 1825 ἀν
808 1762 855 1837 εἰς
878 1755 1078 1845 σμικρότατα
1101 1758 1249 1845 τελευτή-

101 1883 208 1932 σωσιν
240 1861 371 1950 ἀγγεῖα,
410 1863 468 1945 τὰς
499 1859 574 1933 οἷον
607 1863 743 1952 ἐσχάτας
775 1863 918 1949 βλάστας
949 1863 1008 1944 τὰς
1038 1869 1099 1932 τοῦ
1131 1869 1250 1952 φυτοῦ.

102 1969 304 2058 οἰκειότερον
327 1971 365 2038 δέ
393 1963 435 2058 ἦν
458 1969 522 2059 ἄρα
546 1971 627 2058 μήτε
653 1971 716 2059 τὴν
740 1974 775 2038 ἐκ
802 1974 863 2038 τοῦ
891 1969 1014 2058 ἥπατος
1041 1969 1250 2060 ὁρμηθεῖσαν

101 2077 208 2163 φλέβα
235 2076 368 2167 πρέμνῳ
396 2075 623 2163 προσεικάζειν
651 2082 697 2158 εἰς
726 2076 870 2156 πολλοὺς
897 2076 1042 2158 κλάδους
1069 2080 1248 2169 σχιζομένη)
1265 2101 1289 2141 15

101 2183 182 2356 μητε
208 2181 266 2261 τὰς
294 2180 431 2269 ἐσχάτας
463 2182 614 2262 τελευτάς
646 2183 889 2271 βλαστήμασιν,
921 2181 1004 2252 ἀλλὰ
1035 2183 1158 2260 ταύτας
1188 2183 1250 2270 μέν

152 2347 314 2356 ω--ι

138 2452 238 2506 96ιά
257 2447 409 2506 MAB.-
435 2443 546 2517 Βόροις
570 2467 623 2504 om.
643 2449 729 2516 culn
752 2451 786 2504 ct.
806 2450 929 2520 Proll.p
932 2457 1055 2504 ,ολ-
1080 2459 1248 2520 θοννηνεγ-

102 2523 190 2594 μένην
203 2471 409 2576 MABChoe
430 2519 621 2590 ’λγετιμένην
643 2539 695 2590 pro
719 2521 878 2592 νεμομένην
896 2469 1012 2588 BpOhK3
1037 2521 1071 2576 cf.
1095 2521 1190 2592 Progr.
1214 2523 1248 2588 ΙΙ,

105 2603 199 2650 lt.-
223 2586 368 2678 8ἣιιατά
388 2591 482 2646 Μ.-
510 2597 542 2645 13
561 2591 669 2664 φλέβας
687 2592 767 2647 οοδδ.
786 2593 848 2646 edd.
874 2589 995 2665 βλάστας
1018 2593 1094 2648 Alex.
1118 2593 1247 2648 Just.-

104 2673 136 2720 14
156 2661 334 2734 assertricem
351 2663 388 2716 M.
409 2693 443 2702 -

187 2827 317 2836 ...η-

5 2943 6 2946 ’
104 2939 166 3019 est,
192 2933 316 3016 traicit,
340 2955 506 3020 emergens
536 2939 644 3000 nutem
671 2935 738 2999 iem
765 2935 853 3002 fores
882 2937 916 3000 in
949 2937 1028 3000 dues
1056 2937 1248 3002 discinditur

102 3045 211 3128 partes
235 3061 451 3128 magnumque
475 3042 612 3108 alterum
639 3042 846 3110 intervallum
871 3045 1034 3128 penetrat,
1061 3044 1147 3126 quod
1170 3044 1247 3108 duc*

103 3153 161 3215 bus
186 3149 294 3234 ipsum
317 3149 436 3214 finibus
454 3150 658 3232 terminetur,
682 3171 756 3233 uno,
779 3150 817 3213 de
836 3171 900 3234 quc
919 3150 1025 3214 dicere
1047 3171 1132 3214 nunc
1156 3149 1247 3234 desii,

103 3281 174 3322 cum
206 3257 349 3341 primurn
382 3259 473 3320 extre
511 3261 619 3323 cutem
650 3257 801 3342 emergit,
839 3257 956 3340 altero,
993 3278 1066 3320 cum
1102 3257 1246 3322 amnium

103 3363 351 3450 supergreditur.
387 3362 489 3428 Totus
513 3363 600 3428 enim
623 3363 676 3428 hic
699 3385 757 3447 per
780 3363 925 3428 amnium
948 3363 1107 3427 transitus
1130 3385 1247 3428 venam

5 3455 6 3458 Ἴ
104 3471 250 3534 eiecere
274 3471 314 3535 ed
338 3469 529 3534 umbilicum
556 3471 772 3554 pertinentem
800 3471 834 3534 in
862 3471 943 3535 duas
970 3469 1108 3534 divisam
1137 3473 1245 3554 partes

104 3577 255 3642 continet.
300 3576 429 3642 Tertius
454 3577 536 3644 alius
559 3577 660 3662 locus,
683 3577 737 3662 qui
760 3577 795 3642 in
819 3575 966 3640 secundis
991 3580 1054 3660 est,
1083 3577 1162 3641 duas
1186 3577 1246 3642 has

107 3705 202 3748 venus
227 3683 356 3767 excipit,
379 3705 461 3768 quce
484 3685 596 3747 temen
612 3704 679 3748 non
703 3683 843 3768 emplius
862 3683 944 3748 duce
967 3687 1108 3748 manent
1149 3683 1246 3749 Utre-

105 3811 163 3875 que
196 3790 281 3854 enim
313 3789 528 3854 multifarium
561 3789 720 3856 scinditur
756 3791 791 3855 in
823 3789 905 3854 clics
937 3811 1094 3875 perquem
1126 3791 1246 3854 multas

104 3897 257 3962 aliorsum
280 3917 338 3980 per
356 3895 512 3960 secundas
530 3895 707 3982 dispersam
731 3919 770 3961 ex
792 3895 844 3960 bis
862 3897 942 3961 item
965 3896 1058 3980 uliae,
1080 3895 1154 3961 inde
1177 3919 1246 3960 rur·

104 4027 156 4068 sus
181 4003 264 4068 uliae
278 4003 445 4086 criuntur,
468 4003 738 4088 quemadmodum
762 4004 882 4070 surculi
905 4026 923 4067 e
945 4005 1059 4087 ramis,
1087 4003 1188 4069 donec
1211 4005 1246 4068 in

103 4111 292 4175 tenuissime
326 4131 404 4174 vase
440 4109 530 4174 velut
567 4115 727 4175 extremas
765 4110 917 4194 stirpium
952 4111 1050 4175 fibras
1087 4111 1246 4175 desinunt.

102 4217 205 4283 lmmo
239 4216 481 4282 convenientius
513 4217 577 4282 fnit
605 4239 665 4282 nec
701 4238 818 4282 venam
849 4240 886 4282 ex
923 4219 1028 4282 iecore
1064 4217 1243 4302 profectum

104 4329 215 4390 trunco
243 4325 278 4388 in
305 4324 426 4389 multos
454 4347 562 4390 rnmos
591 4323 696 4389 diviso
722 4346 825 4409 neque
854 4328 1013 4389 extremas
1044 4327 1153 4408 partes
1176 4345 1245 4409 ger-

105 4431 243 4496 minibus
267 4453 468 4516 comparare,
492 4431 547 4495 sed
571 4431 631 4496 bns
654 4432 735 4515 ipsis
758 4432 903 4496 radicum
927 4431 1186 4496 extremitatibus
1211 4431 1245 4496 in

979 4535 1031 4592 35*
