3300 5146
649 433 892 498 -297-

195 587 278 658 ἀλλὰ
309 600 378 668 τοῖς
400 585 637 678 Ἱπποκράτους
667 591 723 658 καί
751 591 941 688 Πλάτωνος.
989 593 1084 662 ταυτί
1115 593 1178 681 μὲν
1205 588 1269 664 οὖν
1301 596 1341 665 τὰ

194 697 358 786 κεφάλαια
387 695 424 764 τὸ
448 695 583 782 σύμπαν
610 701 712 787 κῦρος
734 701 772 766 ἐν
794 697 908 780 αὑτοῖς
931 705 1049 788 ἔχοντα
1074 701 1149 790 περὶ
1171 705 1240 770 τῶν
1262 728 1340 792 προ-

195 805 356 892 κειμένων
383 801 464 891 ἡμῖν
501 803 679 892 δογμάτων
711 803 797 874 οὕτω
825 809 949 893 ταχέως
976 805 993 876 ὁ
1023 807 1216 895 Χρύσιππος
1242 811 1341 898 παρί-

195 917 332 999 δραμεν,
353 911 358 1000 Ι
378 908 423 991 ὡς
441 913 688 1000 ἐπιμνησθῆναι
707 912 826 1000 μόνον·
851 915 888 980 ἐν
907 909 958 994 οἷς
980 913 1015 982 δὲ
1041 911 1081 982 ού
1105 915 1178 1002 χρή,
1201 917 1408 1004 μηκύνειδῖθ

194 1022 360 1106 περιττῶς.
412 1019 486 1103 ἑξῆς
513 1018 549 1086 δὲ
577 1026 655 1109 περί
683 1046 717 1088 τε
746 1025 864 1108 φωνῆς
896 1021 1099 1109 μνημονεύει
1127 1023 1182 1089 καὶ
1211 1023 1368 1113 νεύρωνὸ

195 1123 312 1215 ἀρχῆς,
344 1122 427 1212 ὑπὲρ
460 1116 509 1194 ἀν
541 1123 740 1215 ἀμφοτέρων
772 1135 904 1214 εἴρηταί
927 1155 984 1216 μοι
1013 1127 1096 1196 κατὰ
1123 1127 1163 1196 τά
1190 1129 1342 1218 πρόσθεν

195 1231 424 1321 ὑπομνήματα.
469 1233 524 1304 καί
547 1232 627 1320 μετὰ
649 1239 752 1302 ταῦτα
770 1234 833 1323 τὴν
855 1233 1014 1324 ἀκάρδιος
1036 1237 1196 1322 ἐξηγεῖται
1219 1257 1342 1326 προση-

195 1345 330 1429 γορίαν,
357 1336 441 1429 ὑπὲρ
468 1331 508 1427 ἧς
535 1345 725 1428 ἔμπροσθεν
753 1340 817 1428 ἤδη
845 1369 902 1429 μοι
930 1343 1091 1428 λέλεκται,
1106 1346 1281 1412 ’τοσοῦτον
1305 1345 1342 1413 δὲ

197 1447 462 1534 ἐπισημανούμαι
485 1447 541 1515 καί
559 1452 625 1515 νῦν
643 1445 706 1518 ἀπὸ
727 1445 829 1536 αὐτῆς
846 1453 904 1538 τῆς
926 1451 1043 1532 λέξεως
1063 1453 1125 1517 τοῦ
1144 1456 1342 1538 Χρυσίππου

196 1553 428 1642 μαρτυρούσης
459 1549 510 1634 οἷς
541 1570 715 1642 προεῖπον·
749 1561 813 1643 ἔχει
847 1556 883 1624 δὲ
916 1547 995 1626 aide·
1028 1553 1123 1625 ‘nard
1155 1561 1253 1626 τοῦτο
1286 1560 1341 1626 καί
1358 1579 1382 1616 1⁰

197 1657 380 1747 ἐύκάρδιοι
413 1663 569 1747 λε’γονταί
598 1687 664 1731 που
695 1661 785 1730 εἷναί
813 1689 901 1744 τινες
932 1662 1083 1752 καθάπερ
1116 1661 1255 1752 εὔψυχοι
1287 1667 1342 1734 καὶ

199 1772 353 1855 (καρδίαν
372 1765 487 1854 ἀλγεῖν
506 1775 541 1837 οί
556 1769 741 1858 κηδόμενοί
754 1797 869 1855 τινων,
892 1768 937 1850 ὡς
955 1766 998 1838 ἀν
1020 1769 1102 1838 κατὰ
1120 1769 1183 1859 τὴν
1200 1777 1343 1860 καρδίαν

198 1879 268 1965 (τῆς
295 1874 376 1944 κατὰ
404 1873 467 1963 τὴν
490 1875 600 1963 λύπην
627 1874 814 1963 ἀλγηδόνος
840 1877 1038 1964 γινομένης.’
1085 1878 1123 1944 ἐν
1147 1879 1250 1969 ταύτῃ
1278 1879 1342 1970 γὰρ

196 1987 236 2074 τῇ
265 1983 358 2072 ρήσει
387 1986 500 2068 σαφῶς
529 1981 548 2051 ὁ
576 1981 770 2072 Χρύσιππος
797 1982 1024 2072 ἐμαρτύρησεν
1051 1981 1148 2072 ἡμῖν,
1175 1983 1220 2066 ὦς
1248 1984 1342 2056 ούδὲ-

196 2117 274 2160 ποτε
297 2089 334 2159 τὸ
358 2089 574 2177 λογιζόμενον
600 2095 657 2178 τῆς
681 2093 787 2178 ψυχῆς
815 2083 926 2171 οὐδεὶς
947 2094 1015 2158 τῶν
1038 2095 1183 2160 ἰδιωτῶν
1205 2094 1243 2160 ἐν
1266 2111 1382 2183 nup-1⁵

200 2203 256 2288 δίμ
284 2197 459 2286 νενόμικεν
485 2195 661 2284 ὑπάρχειν,
694 2193 773 2265 ούδδ
802 2193 820 2264 ό
849 2192 1008 2284 ἀκάρδιος
1033 2196 1095 2266 τὸν
1122 2197 1270 2286 ἄψυχον,
1298 2199 1344 2281 ὥς

199 2316 301 2375 οἴεται
329 2304 347 2374 ό
376 2305 585 2394 Χρύσιππος,
613 2303 696 2374 ἀλλά
723 2303 784 2372 τὸν
811 2303 957 2392 ἄτολμον
984 2310 1085 2393 δηλοῖ
1104 2306 1193 2394 παρὰ
1220 2305 1342 2388 αὐτοῖς.

234 2511 250 2559 2
270 2500 301 2560 ἐν
321 2497 419 2566 adroic
436 2503 568 2559 MABch
589 2499 620 2558 ἐν
639 2495 737 2564 adroic
755 2503 787 2556 K.
808 2533 841 2542 —
865 2507 881 2556 3
901 2494 990 2564 οὕτως
1009 2502 1088 2558 codd.
1107 2503 1169 2558 edd.
1190 2498 1263 2559 οὕτω
1283 2523 1341 2560 nos.

199 2607 232 2615 —
258 2583 273 2629 7
296 2571 433 2644 ἀκάρδιος
452 2577 481 2630 M
505 2571 645 2644 ἀκάρδιον
667 2573 808 2639 Asculo
835 2574 870 2628 ef.
889 2572 972 2628 Proll.
992 2591 1019 2644 p.
1039 2579 1081 2629 32.
1102 2605 1132 2614 -
1165 2581 1196 2630 11
1216 2595 1266 2630 ποι
1284 2577 1343 2631 MA

197 2666 241 2702 τοι
259 2646 358 2702 BCHK
376 2667 432 2702 που
451 2664 508 2703 nos.
530 2678 562 2686 —
584 2654 615 2702 13
634 2643 789 2717 γενομένης
807 2645 836 2700 Μ
855 2643 1022 2715 γιγνομένης
1039 2643 1177 2702 ABchK.
1198 2677 1231 2690 -··

198 2848 261 2914 Illa
289 2849 390 2934 igitur
417 2849 540 2934 eapite,
567 2849 602 2914 in
630 2848 746 2934 quibus
775 2849 846 2913 tota
875 2846 1091 2930 decretorum,
1114 2869 1195 2931 qnae
1218 2848 1342 2932 qnaeri-

199 2978 280 3040 τηου,
302 2956 352 3020 vis
376 2956 577 3040 firmitasque
601 2954 765 3037 consistit,
792 2957 861 3018 tam
885 2953 949 3018 cito
974 2951 1178 3037 Chrysippus
1202 2959 1343 3038 praeter-

198 3063 303 3148 volat,
326 3065 362 3127 ut
384 3063 582 3128 mentionem
610 3065 738 3126 tantum
765 3061 804 3124 de
827 3060 892 3124 illis
916 3059 1042 3145 iniciet3
1072 3060 1129 3125 ubi
1156 3083 1233 3125 vero
1262 3084 1342 3146 opus

197 3191 264 3234 non
288 3172 351 3252 est,
379 3168 540 3234 inutiliter
562 3169 680 3253 longus
704 3170 762 3232 est.
809 3166 969 3250 Deinceps
994 3167 1032 3230 de
1055 3188 1134 3232 voee
1157 3189 1343 3232 nervorum-

199 3299 260 3361 que
292 3277 418 3362 origine
446 3278 619 3357 memorat,
651 3275 690 3340 de
722 3274 840 3359 quibus
870 3273 1091 3357 superioribus
1119 3273 1213 3339 libris
1245 3297 1265 3339 a
1292 3298 1343 3340 me

199 3383 401 3467 disputatum
425 3387 482 3448 est.
527 3383 610 3447 'lum
633 3383 722 3448 vocis
747 3404 858 3448 excors
882 3381 949 3446 vim
973 3381 1139 3465 explanat,
1161 3403 1225 3465 qua
1247 3381 1287 3446 de
1309 3404 1343 3446 re

199 3490 266 3555 iam
294 3491 538 3574 supradictum
562 3493 624 3576 est3
653 3490 731 3554 illud
761 3492 888 3554 tantum
915 3489 949 3553 in
972 3487 1157 3572 praesentia
1180 3487 1343 3554 adnotabo

199 3619 237 3662 ex
261 3597 332 3682 ipso
355 3599 428 3664 loeo
448 3595 634 3682 Chrysippi,
657 3596 792 3682 quihis,
811 3618 893 3681 quae
912 3593 1103 3679 supradixi,
1127 3595 1345 3680 adstipulatur

198 3703 251 3768 his
279 3704 402 3770 verbis:
453 3703 685 3770 ‘Secundum
716 3704 787 3768 hoe
816 3707 853 3767 et
885 3704 980 3767 bene
1009 3701 1161 3766 cordati
1189 3703 1344 3789 quidam

199 3811 384 3876 dicuntur
407 3834 505 3896 esse,
528 3811 851 3896 quemadmodum
879 3811 973 3874 bene
997 3808 1177 3893 animati,
1204 3815 1242 3874 et
1265 3831 1344 3876 eor-

199 3918 259 3984 dis
282 3918 416 3984 dolore
438 3919 634 4002 laborare,
657 3919 721 4004 qui
745 3917 849 3984 euris
872 3920 1074 3999 vexentur,
1096 3916 1238 4002 quippe
1262 3940 1344 3982 eum

199 4025 239 4090 in
263 4026 379 4090 eorde
408 4025 477 4090 ille
506 4048 523 4090 e
547 4025 751 4090 maestitia
778 4027 992 4108 conceptus
1020 4023 1132 4088 dolor
1155 4022 1344 4087 exsistat!

200 4131 261 4197 His
285 4132 393 4197 verbis
417 4136 529 4217 aperte
553 4129 756 4217 Chrysippus
784 4131 880 4197 nobis
908 4133 1046 4196 testatus
1070 4133 1119 4194 est
1142 4129 1304 4193 neminem
1328 4151 1344 4192 e

200 4238 299 4323 vulgo
329 4261 413 4322 esse,
445 4239 500 4325 qui
534 4260 676 4323 unquam
710 4236 903 4302 rationalem
936 4237 1004 4302 vim
1033 4237 1160 4301 animae
1186 4235 1221 4299 in
1249 4234 1344 4300 eorde

201 4367 271 4409 esse
291 4345 535 4430 existimaverit,
557 4366 660 4428 neque
680 4365 791 4410 excors
812 4365 883 4408 eam
906 4343 1005 4408 habet
1029 4344 1096 4408 vim
1116 4341 1201 4426 apud
1219 4341 1345 4426 vulgus,

201 4471 300 4536 quam
323 4451 394 4536 ipse
416 4455 526 4540 putet,
552 4455 588 4517 ut
610 4451 786 4517 inanimem
815 4449 989 4536 significet,
1017 4451 1073 4515 sed
1095 4449 1255 4515 timidum.
1292 4447 1346 4516 Sic
