3444 5140
561 435 907 501 .-723-

211 596 346 684 ἐδείχθη
376 595 381 684 Ι
411 595 626 683 ἐσφαλμένος.
671 595 726 662 καὶ
757 595 872 682 μέντοι
904 593 959 661 καὶ
990 595 1058 660 τῶν
1085 587 1150 660 ἀπὸ
1179 587 1284 661 αὐτοῦ
1307 608 1422 671 cecili

210 700 430 790 ἀντιστρέψας
461 701 523 770 τὸν
554 700 657 789 λόγον
680 699 766 789 ἡμᾶς
789 706 852 789 ἔφη
871 701 945 787 περὶ
968 699 1113 784 τούτων,
1146 695 1208 766 οὐκ
1229 695 1357 785 Ἐρασί-

211 829 363 895 στρατον,
387 807 566 895 ἐσφάλθαι,
585 805 627 876 οὐ
650 807 718 897 μὴν
741 806 817 876 οὔτε
840 805 933 895 ἡμεῖς
947 807 1076 874 ἐκείνου
1094 804 1358 892 κατεγελάσαμεν

211 913 287 984 οὔτε
311 917 437 995 ἐκεῖνος
466 913 570 1004 ἡμῶν.
615 912 752 1002 ἀδήλων
779 913 843 1000 γάρ
872 912 983 982 όντων
1010 917 1079 981 τῶν
1102 910 1279 998 δογμάτων
1301 912 1356 978 καί

210 1028 250 1112 τῇ
274 1022 330 1090 διόι
354 1027 416 1091 τοῦ
438 1021 542 1108 λόγου
564 1027 671 1090 πίστει
700 1034 771 1100 τοῖς
803 1020 866 1108 μὲν
887 1024 1057 1105 πιθανῶν,
1080 1032 1150 1099 τοῖς
1173 1018 1210 1086 δὲ
1233 1014 1381 1086 ductui-⁶

211 1157 283 1198 νων
310 1129 527 1217 φαινομένων
550 1125 659 1215 ῶσπερ
687 1125 725 1194 τὸ
749 1141 819 1204 τοῖς
847 1126 986 1208 δόξασιν
1018 1124 1129 1214 ἀληθῆ
1161 1124 1247 1194 εἶναι
1278 1145 1356 1193 σου-

211 1235 386 1324 αγορεύειυ
409 1232 613 1324 όνεμέσητόν
636 1235 741 1320 ἐστιν,
765 1232 851 1302 οὕτω
875 1235 930 1302 καί
954 1238 1007 1302 δεῖ
1028 1244 1213 1321 συγχωρεῖν
1235 1233 1357 1320 ἑτέροις

212 1341 397 1430 ἀντιλέγειν
428 1339 553 1421 αὐτοῖς·
599 1342 637 1410 τὸ
670 1341 707 1408 δὲ
740 1339 903 1410 σκώπτειν
931 1341 986 1409 καὶ
1014 1344 1198 1427 καταγελᾶν
1220 1337 1264 1419 ῶς
1286 1337 1356 1426 ἠλί-

211 1459 307 1538 θιον,
340 1449 358 1519 ό
392 1453 597 1536 δογματικῶς
624 1445 893 1536 ἀμφισβητεῖται,
926 1449 1095 1534 προπετές·
1129 1440 1205 1515 οἷον
1235 1447 1290 1513 καὶ
1318 1445 1354 1513 τὸ

211 1570 396 1646 παραρρεῖν
417 1584 448 1625 τι
476 1560 537 1624 τοῦ
559 1554 706 1644 πόματος
729 1560 776 1634 είς
798 1555 859 1623 τὸν
880 1553 1053 1641 πνεύμονα
1077 1553 1133 1622 διό
1156 1579 1190 1622 τε
1213 1556 1275 1621 τοῦ
1301 1551 1397 1621 lei-1⁰

212 1690 336 1753 ρογγος
366 1665 422 1740 καὶ
453 1667 511 1750 τῆς
542 1667 694 1750 τραχείας
726 1658 896 1749 ἀρτηρίας,
933 1657 996 1730 οὐκ
1027 1658 1159 1749 ἀθρόον
1191 1657 1271 1729 οὐδὲ
1301 1664 1357 1756 δια

212 1773 313 1858 μέσης
344 1774 403 1857 τῆς
435 1767 640 1858 εὐρυχωρίας
670 1771 731 1837 τοῦ
756 1764 904 1854 ὀργάνου
931 1767 1135 1856 φερόμενον,
1168 1765 1251 1836 ἀλλὰ
1283 1767 1357 1855 περὶ

211 1875 272 1945 τόν
304 1879 426 1964 χιτῶνα
463 1873 575 1943 αὐτῶν
607 1879 809 1962 δροσοειδῶς
835 1876 1028 1963 καταρρέον.
1074 1878 1173 1943 τοῦτο
1201 1873 1263 1961 μὲν
1295 1865 1358 1941 οὖν

212 1993 276 2051 εἴτε
299 1979 423 2069 ἀληθὲς
446 1991 510 2050 εἴτε
532 1980 658 2061 ψεῦδός
681 1984 782 2068 ἐστιν,
806 1977 924 2068 ὀλίγον
946 1980 1089 2067 ὕστερον
1104 1980 1359 2067 ἐπισκεψόμεθα.

211 2090 272 2158 τὸν
296 2089 333 2157 δὲ
355 2091 599 2176 καταγέλαστον
627 2091 732 2168 ὄντας
754 2088 875 2174 λόγον,
904 2086 949 2167 ῶς
977 2086 1039 2156 οὐκ
1062 2093 1109 2167 είς
1131 2087 1193 2175 τὴν
1216 2089 1358 2177 γαστέρα
1374 2109 1399 2147 1⁵

212 2199 347 2285 φέροιτο
372 2195 428 2264 διδι
451 2199 513 2264 τοῦ
536 2195 703 2283 στομάχον
725 2198 762 2264 τὸ
787 2195 902 2279 ποτόν,
925 2191 1009 2262 ἀλλὰ
1034 2199 1080 2273 είς
1102 2193 1163 2262 τὸν
1185 2193 1358 2282 πνεύμονα

249 2401 265 2448 2
284 2410 353 2462 φησι
372 2392 451 2447 codd.
467 2391 529 2448 cdd.
546 2389 601 2461 ἔφη
620 2409 677 2447 nos.
693 2424 727 2431 —
747 2399 762 2446 3
783 2385 1010 2461 καταγελάσομεν
1030 2391 1109 2446 codd.
1125 2367 1186 2444 edd.
1207 2385 1358 2459 κατεγελά-

114 2491 132 2513 ··
212 2484 302 2536 σαμεκ
323 2481 387 2530 nos;
411 2462 446 2518 cl.
470 2463 554 2518 Proll.
578 2482 604 2532 p.
629 2469 671 2518 84.
696 2493 729 2502 -
759 2470 775 2518 6
798 2457 906 2530 ἀληθὲς
928 2461 1007 2517 οοδδ.
1032 2462 1094 2517 edd.
1118 2457 1213 2530 ἀληθῆ
1237 2479 1296 2517 nos.
1324 2493 1357 2501 -

214 2543 228 2590 7
253 2535 303 2591 καλ
325 2531 356 2590 τὸ
381 2541 535 2604 συγχωρεῖν
559 2534 638 2590 codd.
663 2534 725 2589 edd.
750 2534 799 2588 καὶ
822 2536 870 2588 δεῖ
890 2551 913 2588 σ.
936 2550 995 2588 nos.
1017 2564 1048 2574 -
1077 2540 1094 2588 8
1117 2530 1249 2587 σκάπτειν
1267 2533 1304 2586 M.
1324 2563 1359 2571 —-

213 2614 229 2662 9
248 2603 460 2731 ἀμφισφητῆται
478 2605 516 2661 M.
535 2637 568 2646 -
589 2602 650 2660 οἷον
669 2598 705 2659 ἀν
724 2605 773 2660 καί
785 2595 879 2659 'MAB
898 2599 960 2659 οἶόν
980 2601 1037 2660 lou
1056 2604 1128 2659 ChK
1147 2602 1209 2659 οἷον
1227 2604 1276 2658 καί
1293 2620 1358 2668 nos3

214 2679 249 2733 cf.
270 2678 356 2732 Prol.
380 2695 407 2748 p.
432 2683 491 2732 111.
516 2707 549 2716 -
575 2683 607 2732 13
632 2671 720 2731 αότδν
743 2677 823 2732 codd.
848 2676 911 2731 edd.
936 2670 1031 2730 αὐτῶν
1054 2694 1113 2731 nos.
1138 2707 1171 2716 -
1200 2673 1360 2744 dpoooadlc

213 2749 293 2804 codd.
308 2748 370 2804 edd.
385 2749 552 2818 δροσοειδῶς
566 2765 626 2803 nos.
643 2779 673 2790 -·
690 2755 723 2803 14
737 2743 845 2817 ἀληθές
860 2743 918 2802 ἐστι
933 2751 989 2802 εἴτε
1003 2747 1040 2802 M.
1055 2779 1090 2788 -
1107 2753 1139 2802 15
1154 2743 1192 2810 ῶς
1206 2764 1259 2802 om.
1274 2745 1311 2800 M.
1328 2777 1359 2786 —

213 2950 473 3014 demonstratum
497 2948 555 3010 est.
602 2945 686 3023 Quin
713 2946 813 3010 etiam
842 2968 915 3010 cum
942 2947 1115 3031 quidame
1145 2946 1360 3011 sectatoribus

214 3056 283 3121 eius
311 3055 434 3120 retorta
461 3053 607 3118 oratione
634 3075 708 3137 nos,
739 3075 813 3118 non·
827 3051 1078 3136 Erasistratum,
1105 3053 1140 3118 in
1167 3053 1208 3118 iis
1236 3072 1360 3116 errasse

213 3161 366 3239 dixisset,
388 3181 491 3246 neque
518 3181 579 3225 nos
608 3181 679 3223 eum
707 3181 812 3244 neque
840 3159 868 3223 is
898 3180 957 3224 nos
987 3158 1109 3225 derisit
1159 3157 1242 3224 Oum
1274 3160 1361 3224 enim

213 3269 340 3335 incerta
371 3266 437 3330 sint
468 3266 624 3352 dogmata
656 3269 753 3352 atque
787 3269 1052 3351 argumentorum
1082 3267 1144 3331 fide
1175 3267 1362 3350 probabilia

215 3375 304 3458 aliis,
328 3372 402 3437 aliis
424 3393 491 3437 non
513 3372 699 3456 probabilia
721 3371 905 3457 videantur,
928 3373 1026 3458 sieut,
1050 3374 1105 3458 qui
1128 3373 1183 3458 iis,
1207 3374 1261 3458 qui
1285 3396 1361 3438 vera

215 3503 285 3547 esse
304 3479 502 3562 existimant,
520 3479 752 3564 assentiuntur,
769 3502 837 3544 non
855 3479 1061 3563 vituperandi
1080 3483 1165 3565 sunt,
1182 3481 1231 3545 ita
1250 3503 1361 3547 conce-

214 3588 354 3654 dendum
378 3589 441 3670 est,
468 3589 505 3650 ut
526 3585 642 3651 horum
666 3586 845 3651 sententias
874 3585 932 3649 alii
958 3586 1165 3672 impugnent3
1193 3591 1229 3651 at
1255 3587 1362 3652 eonvi-

214 3696 296 3761 eiari
319 3697 353 3759 et
374 3691 508 3758 irridere
532 3692 624 3777 quasi
649 3693 804 3758 stolidum
822 3693 864 3777 id,
887 3691 974 3776 quod
997 3696 1149 3784 echerte
1172 3693 1362 3779 dogmatum

215 3803 340 3867 ratione
363 3799 398 3865 in
425 3798 680 3864 controversiam
708 3803 856 3882 vocatur,
884 3799 1062 3883 petulantis
1086 3803 1149 3884 est3
1183 3800 1362 3864 cuiusmodi

214 3908 277 3974 hoc
301 3909 359 3990 est,
383 3927 399 3970 e
422 3909 503 3990 potu
527 3904 650 3990 aliquid
673 3907 707 3970 in
730 3906 918 3990 pulmonem
942 3929 1000 3990 per
1022 3906 1133 3971 fauces
1158 3909 1191 3970 et
1213 3929 1363 3990 asperam

215 4013 370 4079 arteriam
394 4011 540 4095 influere,
562 4034 629 4077 non
656 4016 765 4079 totum
786 4033 890 4096 neque
914 4012 975 4097 ita,
1002 4016 1040 4077 ut
1067 4035 1125 4098 per
1152 4013 1293 4077 mediam
1316 4014 1362 4077 in-

216 4119 388 4186 strumenti
410 4119 581 4184 laxitatem
607 4119 745 4205 feratur,
773 4119 828 4184 sed
857 4120 943 4184 circa
970 4120 1114 4184 tunicam
1143 4142 1253 4184 earum
1281 4123 1363 4184 tam-

215 4249 315 4314 quam
337 4231 434 4293 roret.
480 4225 571 4303 Quod
599 4247 752 4290 veiumne
782 4249 824 4291 an
846 4225 968 4290 falsum
991 4227 1047 4311 sit,
1069 4228 1167 4311 paulo
1190 4230 1267 4311 post
1290 4249 1363 4292 con·

215 4334 439 4400 siderabimus.
486 4331 532 4396 Aa
553 4332 633 4396 illud
656 4355 730 4396 vere
754 4333 888 4397 ridicule
912 4333 1048 4414 dictum,
1070 4356 1137 4398 non
1159 4333 1194 4397 in
1217 4337 1364 4398 ventrem

215 4463 274 4526 per
297 4441 422 4526 gulam,
453 4439 509 4504 sed
536 4439 571 4503 in
598 4439 786 4522 pulmonem
813 4460 871 4522 per
900 4461 1050 4523 asperam
1079 4439 1234 4504 arteriam
1257 4443 1364 4504 totam

1096 4543 1150 4600 46*
