3298 5136
654 441 694 448 --
743 401 806 466 νιν
853 441 895 447 .-

196 586 298 648 ματος
328 561 401 651 ίδέᾳ
430 559 539 648 μόνον
566 565 652 628 ε”οικε
685 575 756 639 τοῖς
783 559 931 648 νεύροις,
963 554 1024 626 ούκ
1052 559 1201 646 ἐνεργείᾳ
1229 585 1263 625 τε
1291 557 1342 626 καί

193 673 302 756 χρείᾳ,
330 674 506 755 κρίνεσθαι
531 667 567 736 δέ
590 667 752 756 προσήκοι
781 667 842 754 τήν
859 669 903 735 ’έν
926 681 995 746 τοῖς
1018 663 1176 753 ὀργάνοις
1198 664 1345 754 έτερύτιγ-
1372 651 1377 666 ’

193 773 233 841 τά
256 799 291 841 τε
314 776 368 842 καί
392 772 575 861 ταυτότητά
603 787 675 854 ταῖς
698 776 878 862 ἐνεργείαις
900 774 955 842 καὶ
982 787 1054 853 ταῖς
1076 778 1201 860 χρείαις
1223 769 1344 841 αὐτῶν.

194 879 277 948 ὥστε
300 878 403 950 οὐδὲν
426 887 472 950 ἔτι
497 882 571 969 περὶ
594 885 662 950 τῶν
683 881 687 970 Ι
708 877 820 949 αύτων
840 882 956 968 δεόμαι
977 881 1180 966 διέρχεσθαι,
1203 881 1410 968 ueratri-229

194 1008 293 1074 σομαι
318 987 356 1056 δὲ
380 989 435 1057 ἐπί
455 1015 485 1057 τι
508 992 577 1056 τάν
599 986 809 1069 ὑπολοίπων,
840 979 881 1056 οὑ
904 985 1025 1074 σχεδὸν
1055 984 1196 1065 ἅπαντες
1222 1005 1371 1074 μεμνη-ῑ»

194 1094 411 1182 μονεύκασιυ,
444 1090 495 1175 οἷς
522 1093 541 1182 ἡ
572 1099 693 1184 καρδία
721 1098 838 1163 πασῶν
864 1098 932 1162 τῶν
960 1091 1138 1181 δυνάμεων
1165 1091 1249 1181 άρχὴ
1276 1098 1344 1162 των

193 1203 231 1272 έν
253 1216 323 1281 τοῖς
351 1201 444 1294 ζᾳίοις
467 1201 671 1289 ὑπείληπται.
717 1203 851 1288 λέγουσι
875 1200 955 1290 γάρ,
982 1199 1067 1270 ὅθεν
1094 1198 1115 1286 ἡ
1142 1203 1205 1269 τοὺ
1231 1202 1346 1288 τρέφει

194 1319 275 1377 σθαι
303 1324 374 1389 τοῖς
402 1308 496 1400 ζᾳύοις
523 1305 623 1398 άρχή,
651 1309 732 1376 κατὰ
757 1310 864 1376 έκεῖνο
891 1307 928 1376 τὸ
959 1307 1081 1396 μόριον
1109 1304 1194 1375 εἶναι
1222 1308 1277 1375 καί
1305 1306 1342 1375 τὸ

193 1415 411 1504 λογιζόμενον
436 1419 495 1503 τῆς
517 1419 636 1502 ψυχῆς·
665 1417 702 1483 έν
725 1419 845 1505 καρδίᾳ
874 1415 910 1482 δὲ
938 1411 1024 1482 εἶναι
1052 1411 1115 1501 τὴν
1142 1417 1203 1498 τοὺ
1229 1415 1344 1502 τρέφε-

194 1532 275 1590 σθαι
298 1537 369 1603 τοῖς
392 1523 487 1615 ζῴοις
509 1519 626 1611 άρχήν,
650 1521 732 1592 ὥστε
756 1522 810 1590 καί
834 1520 870 1590 τὸ
895 1521 1110 1608 λογιζόμενόν
1137 1548 1170 1589 τε
1194 1522 1248 1590 καί
1273 1525 1343 1590 δια·
1358 1539 1383 1577 ¹⁰

194 1627 383 1716 νοούμενον
410 1626 572 1716 ὑπάρχειν
600 1632 638 1697 έν
665 1626 759 1719 αὐτή.
804 1629 984 1708 ψεύδονται
1014 1627 1050 1696 δὲ
1079 1631 1116 1697 ἐν
1143 1625 1343 1716 ἀμφοτέροις

193 1750 262 1814 τοῖς
279 1736 458 1824 λήμμασιν.
494 1733 570 1804 οὔτε
589 1734 654 1822 γὰρ
678 1737 715 1803 έν
732 1739 854 1826 καρδίᾳ
871 1734 934 1824 τήν
957 1732 1063 1824 ἀρχὴν
1081 1739 1142 1804 τοῦ
1159 1738 1342 1824 τρέφεσθαι

192 1856 263 1922 τοῖς
291 1843 385 1934 ζᾳίοις
417 1840 502 1912 εἶναι
531 1847 785 1930 συγχωροῦμεν,
817 1837 900 1911 άλλδι
934 1843 971 1910 έν
1002 1869 1031 1910 τι
1064 1844 1119 1911 καί
1145 1843 1246 1912 τοῦτό
1274 1846 1342 1912 ἐστι

193 1953 260 2016 τῶν
284 1950 321 2016 έν
344 1953 422 2039 τῇδε
445 1954 485 2039 fi
508 1956 714 2040 πραγματείᾳ
737 1950 964 2039 προκειμένων
987 1954 1034 2031 είς
1056 1950 1118 2038 τὴν
1142 1951 1277 2036 σκέψιν,
1301 1948 1342 2020 ού

193 2057 256 2143 χρὴ
284 2055 321 2124 δὲ
348 2056 386 2125 τὸ
416 2057 619 2146 ζητούμενον
651 2055 697 2137 ὡς
728 2055 1002 2146 ὁμολογούμενον
1033 2057 1232 2146 λαμβάνειν,
1266 2057 1342 2126 οὔτε
1358 2077 1382 2116 1⁵

193 2161 230 2229 τὸ
254 2168 335 2250 μίαν
358 2160 463 2252 ἀρχὴν
482 2161 680 2252 ἀμφοτέρων
703 2162 864 2252 ὑπάρχειν
881 2168 949 2233 τῶν
969 2163 1157 2252 δυνάμεων,
1179 2163 1264 2235 άλλὰ
1287 2166 1341 2234 καί

193 2267 316 2337 τούτου
345 2270 383 2337 τὸ
417 2272 572 2340 ἐναντίον
600 2269 694 2359 ἡμεῖς
726 2268 982 2359 άποδείκνυμεν.
1035 2272 1196 2359 θαυμάζω
1224 2279 1342 2342 τοίνυν

199 2407 220 2412 .-
242 2407 369 2414 -ι--.-.

229 2461 400 2536 λπροσήκει
419 2468 498 2523 codd.
524 2468 586 2526 edd.
606 2463 742 2538 προσήκοι
766 2485 824 2524 nos.
845 2463 878 2509 4
905 2463 1055 2537 ἕτερότητά
1080 2441 1109 2525 τι
1129 2469 1177 2524 καλ
1197 2470 1218 2524 L
1237 2489 1267 2525 τε
1287 2487 1340 2526 om.

194 2535 365 2594 MnBehK.
391 2572 424 2580 —-
450 2547 465 2593 ι’)
491 2535 537 2594 lul
561 2536 593 2595 τό
612 2540 644 2594 L.
663 2572 696 2581 -
721 2533 829 2609 δήςΙι
855 2538 896 2603 οἷς
919 2541 991 2606 MA3
1018 2541 1052 2596 cf.
1079 2540 1163 2596 Proll.
1187 2559 1215 2612 p.
1239 2548 1282 2596 80.
1306 2575 1339 2582 -

195 2615 209 2662 7
230 2604 262 2662 ἐν
280 2605 361 2676 tricae
379 2611 409 2665 L.
430 2643 462 2650 —
489 2607 546 2680 γάρ
562 2629 616 2666 om.
635 2612 666 2666 L.
684 2643 721 2653 -
745 2620 778 2666 10
801 2613 849 2666 καλ
873 2607 904 2667 τὸ
924 2607 1131 2683 διανοούμενον
1150 2614 1180 2667 L.
1199 2643 1234 2654 —
1260 2621 1289 2666 11
1310 2609 1339 2667 δ’

193 2677 365 2805 mort-9029
382 2682 404 2735 L
424 2677 596 2796 άμφοτέροις
619 2684 678 2738 eine
702 2681 734 2738 δέ
753 2683 791 2737 Μ.
812 2715 844 2722 -
871 2689 903 2737 13
927 2679 1035 2737 τούτων
1060 2679 1159 2738 latin
1182 2679 1260 2738 τοῦτ’
1283 2679 1341 2738 ἐστὶ

194 2915 340 3000 corporis
369 2917 477 3001 specie
510 2921 652 3004 tantum,
685 2942 751 2985 non
778 2918 944 2984 functione
977 2922 1009 2982 et
1041 2941 1101 2982 usu
1134 2920 1241 2984 nervis
1270 2943 1339 2986 esse

194 3023 323 3108 similia,
343 3024 560 3090 instrumenta
579 3030 687 3090 autem
703 3023 830 3090 diversa
845 3049 886 3090 an
901 3025 1014 3090 eadem
1033 3030 1150 3108 essent,
1167 3027 1340 3093 functioni·

194 3131 254 3195 bus
284 3135 317 3194 et
344 3132 457 3196 usibus
486 3133 601 3198 debere
625 3134 770 3198 iudicari.
821 3133 1039 3209 Quamobrem
1067 3133 1105 3197 de
1133 3133 1248 3198 iisdem
1276 3157 1341 3201 non

195 3238 331 3321 amplius
359 3238 586 3323 explicandum
614 3241 695 3305 mihi
719 3243 781 3325 est,
814 3241 869 3305 sed
898 3241 938 3304 ad
966 3240 1054 3304 aliud
1082 3241 1223 3325 veniam,
1256 3243 1340 3328 qnod

195 3367 306 3408 omnes
329 3347 396 3409 lere
420 3351 763 3432 commemoraverunt,
786 3348 842 3433 qni
864 3341 1057 3412 facultatum
1081 3348 1235 3432 omnium,
1259 3370 1340 3433 quae

194 3452 228 3517 in
251 3452 386 3517 animali
409 3456 494 3536 sunt,
517 3475 572 3518 cor
594 3455 791 3539 principium
811 3476 880 3518 esse
905 3455 1086 3538 opinantur.
1123 3453 1215 3518 Unde
1239 3455 1340 3519 nutri·

194 3562 246 3622 tus
271 3559 364 3644 origo
383 3560 517 3625 animali
537 3562 682 3646 exsistat,
704 3561 750 3627 ibi
771 3561 862 3626 aiunt
880 3561 1074 3626 rationalem
1094 3561 1195 3626 animi
1213 3565 1340 3646 partem

194 3689 278 3750 esse3
301 3667 335 3730 in
364 3667 458 3732 corde
487 3671 596 3734 autem
629 3691 701 3733 eam
731 3669 891 3754 originem
920 3690 1004 3749 esse,
1036 3668 1070 3732 in
1098 3669 1210 3734 eadem
1237 3667 1340 3754 igitur

195 3774 476 3842 esserationalem
496 3779 529 3838 et
547 3775 791 3861 intellegentem
810 3779 945 3859 partem.
978 3774 1022 3839 Hi
1045 3775 1081 3839 in
1099 3778 1235 3860 utraque
1255 3798 1339 3840 sum-

193 3881 282 3945 tione
314 3881 523 3947 mentiuntur.
579 3883 691 3968 Neque
727 3883 813 3947 enim
847 3883 882 3946 in
914 3883 1009 3946 corde
1042 3905 1112 3946 esse
1143 3881 1339 3966 principium

193 3988 336 4052 nutritus
360 3990 586 4074 concedemus,
614 3991 670 4054 sed
693 3990 756 4054 hoc
779 4013 878 4054 unum
903 4011 940 4053 ex
964 3990 1006 4054 iis
1030 3994 1093 4073 est,
1116 4011 1197 4073 quae
1221 3991 1255 4054 in
1278 3989 1339 4054 hac

193 4095 388 4160 tractatione
422 4096 463 4160 ad
490 4097 713 4182 quaestionem
745 4100 916 4178 vocantur,
949 4097 1131 4180 quaesitum
1161 4101 1269 4162 autem
1304 4101 1338 4160 ut

194 4223 382 4267 concessum
397 4204 518 4268 assumi
532 4204 622 4269 nullo
637 4205 733 4269 modo
754 4203 857 4288 debet,
880 4226 983 4288 neque
1008 4227 1106 4268 unam
1130 4227 1199 4268 esse
1222 4205 1340 4268 utrius·

193 4331 255 4394 que
272 4309 439 4375 facultatis
460 4312 631 4397 originem3
653 4313 753 4376 immo
773 4311 971 4377 contrarium
991 4333 1050 4376 nos
1070 4312 1339 4375 demonstramus.

194 4417 353 4496 Quocirca
376 4417 473 4482 hosce
496 4417 645 4483 homines
668 4417 722 4482 hic
746 4440 872 4502 quoque
892 4419 1041 4499 demiror,
1064 4417 1148 4502 quod
1172 4417 1262 4482 nulla
1286 4418 1338 4481 de·

1072 4525 1126 4576 16*
