<?xml version="1.0" encoding="UTF-8"?>
<!DOCTYPE html PUBLIC "-//W3C//DTD XHTML 1.0 Transitional//EN"
    "http://www.w3.org/TR/xhtml1/DTD/xhtml1-transitional.dtd">
<html xmlns="http://www.w3.org/1999/xhtml" xml:lang="en" lang="en">
 <head>
  <title>
</title>
<meta http-equiv="Content-Type" content="text/html;charset=utf-8" />
  <meta name='ocr-system' content='tesseract 3.04.00' />
  <meta name='ocr-capabilities' content='ocr_page ocr_carea ocr_par ocr_line ocrx_word'/>
</head>
<body>
  <div class='ocr_page' id='page_1' title='image "./claudiigalenide02mlgoog/claudiigalenide02mlgoog_0223.png"; bbox 0 0 3298 5136; ppageno 0'>
   <div class='ocr_carea' id='block_1_1' title="bbox 791 335 1031 396">
    <p class='ocr_par' dir='ltr' id='par_1_1' title="bbox 791 335 1031 396">
     <span class='ocr_line' id='line_1_1' title="bbox 791 335 1031 396; baseline -0.008 0"><span class='ocrx_word' id='word_1_1' title='bbox 791 370 831 377; x_wconf 85' lang='lat'><em>-</em></span> <span class='ocrx_word' id='word_1_2' title='bbox 879 335 943 396; x_wconf 61' lang='lat' dir='ltr'><em>aod</em></span> <span class='ocrx_word' id='word_1_3' title='bbox 990 369 1031 378; x_wconf 88' lang='lat'><em>-</em></span> 
     </span>
    </p>
   </div>
   <div class='ocr_carea' id='block_1_2' title="bbox 268 485 1486 2282">
    <p class='ocr_par' dir='ltr' id='par_1_2' title="bbox 268 485 1486 2282">
     <span class='ocr_line' id='line_1_2' title="bbox 332 485 1484 575; baseline 0 -19"><span class='ocrx_word' id='word_1_4' title='bbox 332 517 387 556; x_wconf 91' lang='grc' dir='ltr'><em>ναι</em></span> <span class='ocrx_word' id='word_1_5' title='bbox 407 494 475 557; x_wconf 83' lang='grc' dir='ltr'><em>τῶν</em></span> <span class='ocrx_word' id='word_1_6' title='bbox 494 496 540 568; x_wconf 82' lang='grc' dir='ltr'><em>είς</em></span> <span class='ocrx_word' id='word_1_7' title='bbox 558 489 616 567; x_wconf 88' lang='grc' dir='ltr'><em>τάς</em></span> <span class='ocrx_word' id='word_1_8' title='bbox 635 486 818 569; x_wconf 71' lang='grc' dir='ltr'><em>ἀποδείξεις</em></span> <span class='ocrx_word' id='word_1_9' title='bbox 837 491 1044 575; x_wconf 73' lang='grc' dir='ltr'><em>ἐπιτηδείων,</em></span> <span class='ocrx_word' id='word_1_10' title='bbox 1067 485 1149 554; x_wconf 84' lang='grc' dir='ltr'><em>ἀλλά</em></span> <span class='ocrx_word' id='word_1_11' title='bbox 1169 489 1223 554; x_wconf 87' lang='grc' dir='ltr'><em>καὶ</em></span> <span class='ocrx_word' id='word_1_12' title='bbox 1242 492 1304 554; x_wconf 83' lang='grc' dir='ltr'><em>τοῦ</em></span> <span class='ocrx_word' id='word_1_13' title='bbox 1322 490 1484 575; x_wconf 78' lang='grc' dir='ltr'><em>δευτέρου</em></span> 
     </span>
     <span class='ocr_line' id='line_1_3' title="bbox 332 594 1486 684; baseline -0.001 -22"><span class='ocrx_word' id='word_1_14' title='bbox 332 623 366 662; x_wconf 90' lang='grc' dir='ltr'><em>τε</em></span> <span class='ocrx_word' id='word_1_15' title='bbox 398 598 452 662; x_wconf 78' lang='grc' dir='ltr'><em>καὶ</em></span> <span class='ocrx_word' id='word_1_16' title='bbox 489 604 618 683; x_wconf 96' lang='grc' dir='ltr'><em>τρίτου,</em></span> <span class='ocrx_word' id='word_1_17' title='bbox 658 598 869 682; x_wconf 87' lang='grc' dir='ltr'><em>περιέχεσθαι</em></span> <span class='ocrx_word' id='word_1_18' title='bbox 903 595 938 661; x_wconf 73' lang='grc' dir='ltr'><em>δέ</em></span> <span class='ocrx_word' id='word_1_19' title='bbox 973 597 1009 661; x_wconf 87' lang='grc' dir='ltr'><em>έν</em></span> <span class='ocrx_word' id='word_1_20' title='bbox 1041 598 1085 684; x_wconf 75' lang='grc' dir='ltr'><em>τῷ</em></span> <span class='ocrx_word' id='word_1_21' title='bbox 1118 594 1260 684; x_wconf 80' lang='grc' dir='ltr'><em>τετάρτῳ</em></span> <span class='ocrx_word' id='word_1_22' title='bbox 1293 596 1380 680; x_wconf 93' lang='grc' dir='ltr'><em>γένει</em></span> <span class='ocrx_word' id='word_1_23' title='bbox 1413 599 1486 661; x_wconf 77' lang='grc' dir='ltr'><em>τῶν</em></span> 
     </span>
     <span class='ocr_line' id='line_1_4' title="bbox 333 699 1482 789; baseline -0.001 -21"><span class='ocrx_word' id='word_1_24' title='bbox 333 707 537 786; x_wconf 75' lang='grc' dir='ltr'><em>σοφιστικῶν</em></span> <span class='ocrx_word' id='word_1_25' title='bbox 567 703 763 789; x_wconf 78' lang='grc' dir='ltr'><em>λημμάτων,</em></span> <span class='ocrx_word' id='word_1_26' title='bbox 793 711 826 769; x_wconf 87' lang='grc' dir='ltr'><em>εί</em></span> <span class='ocrx_word' id='word_1_27' title='bbox 846 728 880 787; x_wconf 92' lang='grc' dir='ltr'><em>γε</em></span> <span class='ocrx_word' id='word_1_28' title='bbox 906 701 947 787; x_wconf 77' lang='grc' dir='ltr'><em>δὴ</em></span> <span class='ocrx_word' id='word_1_29' title='bbox 976 700 1084 787; x_wconf 74' lang='grc' dir='ltr'><em>σχῆμά</em></span> <span class='ocrx_word' id='word_1_30' title='bbox 1108 727 1138 767; x_wconf 86' lang='grc' dir='ltr'><em>τι</em></span> <span class='ocrx_word' id='word_1_31' title='bbox 1161 701 1278 781; x_wconf 80' lang='grc' dir='ltr'><em>λέξεως</em></span> <span class='ocrx_word' id='word_1_32' title='bbox 1301 699 1482 768; x_wconf 79' lang='grc' dir='ltr'><em>ὑποδύεται</em></span> 
     </span>
     <span class='ocr_line' id='line_1_5' title="bbox 332 805 1484 895; baseline 0.001 -22"><span class='ocrx_word' id='word_1_33' title='bbox 332 812 652 895; x_wconf 69' lang='grc' dir='ltr'><em>πεπανουργημείνον</em></span> <span class='ocrx_word' id='word_1_34' title='bbox 684 837 716 876; x_wconf 91' lang='grc' dir='ltr'><em>τε</em></span> <span class='ocrx_word' id='word_1_35' title='bbox 745 811 800 876; x_wconf 82' lang='grc' dir='ltr'><em>καὶ</em></span> <span class='ocrx_word' id='word_1_36' title='bbox 824 810 1068 893; x_wconf 86' lang='grc' dir='ltr'><em>σεσοφισμένου</em></span> <span class='ocrx_word' id='word_1_37' title='bbox 1091 806 1174 892; x_wconf 82' lang='grc' dir='ltr'><em>πρὸς</em></span> <span class='ocrx_word' id='word_1_38' title='bbox 1197 805 1417 893; x_wconf 78' lang='grc' dir='ltr'><em>ἀμφιβολίαν,</em></span> <span class='ocrx_word' id='word_1_39' title='bbox 1448 811 1484 874; x_wconf 84' lang='grc' dir='ltr'><em>ἐκ</em></span> 
     </span>
     <span class='ocr_line' id='line_1_6' title="bbox 299 913 1483 1002; baseline 0.001 -23"><span class='ocrx_word' id='word_1_40' title='bbox 299 915 453 999; x_wconf 81' lang='grc' dir='ltr'><em>ετειύτης</em></span> <span class='ocrx_word' id='word_1_41' title='bbox 485 914 545 982; x_wconf 88' lang='grc' dir='ltr'><em>τὸν</em></span> <span class='ocrx_word' id='word_1_42' title='bbox 577 923 712 1002; x_wconf 79' lang='grc' dir='ltr'><em>ε’λεγχον</em></span> <span class='ocrx_word' id='word_1_43' title='bbox 740 919 870 996; x_wconf 81' lang='grc' dir='ltr'><em>ἐλπίζον</em></span> <span class='ocrx_word' id='word_1_44' title='bbox 899 913 1161 998; x_wconf 76' lang='grc' dir='ltr'><em>ἀποδράσεσθαι.</em></span> <span class='ocrx_word' id='word_1_45' title='bbox 1213 913 1250 980; x_wconf 88' lang='grc' dir='ltr'><em>τὸ</em></span> <span class='ocrx_word' id='word_1_46' title='bbox 1279 913 1342 1000; x_wconf 80' lang='grc' dir='ltr'><em>γὰρ</em></span> <span class='ocrx_word' id='word_1_47' title='bbox 1371 917 1417 980; x_wconf 64' lang='grc' dir='ltr'><em>ἐί</em></span> <span class='ocrx_word' id='word_1_48' title='bbox 1445 914 1483 980; x_wconf 71' lang='grc' dir='ltr'><em>δὲ</em></span> 
     </span>
     <span class='ocr_line' id='line_1_7' title="bbox 333 1014 1484 1108; baseline 0 -22"><span class='ocrx_word' id='word_1_49' title='bbox 333 1014 375 1107; x_wconf 78' lang='grc' dir='ltr'><em>ἦν</em></span> <span class='ocrx_word' id='word_1_50' title='bbox 407 1020 471 1087; x_wconf 87' lang='grc' dir='ltr'><em>ἀπὸ</em></span> <span class='ocrx_word' id='word_1_51' title='bbox 513 1027 574 1089; x_wconf 85' lang='grc' dir='ltr'><em>τοῦ</em></span> <span class='ocrx_word' id='word_1_52' title='bbox 611 1024 796 1108; x_wconf 74' lang='grc' dir='ltr'><em>ἐγκεφάλου</em></span> <span class='ocrx_word' id='word_1_53' title='bbox 828 1027 997 1107; x_wconf 76' lang='grc' dir='ltr'><em>χωροῦσα,</em></span> <span class='ocrx_word' id='word_1_54' title='bbox 1039 1018 1100 1087; x_wconf 86' lang='grc' dir='ltr'><em>ούκ</em></span> <span class='ocrx_word' id='word_1_55' title='bbox 1136 1018 1179 1087; x_wconf 84' lang='grc' dir='ltr'><em>ἀν</em></span> <span class='ocrx_word' id='word_1_56' title='bbox 1216 1019 1272 1087; x_wconf 85' lang='grc' dir='ltr'><em>διά</em></span> <span class='ocrx_word' id='word_1_57' title='bbox 1310 1020 1484 1106; x_wconf 85' lang='grc' dir='ltr'><em>φάρυγγος</em></span> 
     </span>
     <span class='ocr_line' id='line_1_8' title="bbox 333 1125 1482 1215; baseline -0.002 -21"><span class='ocrx_word' id='word_1_58' title='bbox 333 1127 464 1213; x_wconf 83' lang='grc' dir='ltr'><em>έχιύρει’</em></span> <span class='ocrx_word' id='word_1_59' title='bbox 507 1135 687 1215; x_wconf 67' lang='grc' dir='ltr'><em>μοχθηροῖς</em></span> <span class='ocrx_word' id='word_1_60' title='bbox 719 1136 783 1215; x_wconf 84' lang='grc' dir='ltr'><em>ε”χει</em></span> <span class='ocrx_word' id='word_1_61' title='bbox 819 1129 881 1214; x_wconf 80' lang='grc' dir='ltr'><em>την</em></span> <span class='ocrx_word' id='word_1_62' title='bbox 914 1125 978 1194; x_wconf 86' lang='grc' dir='ltr'><em>ἀπό</em></span> <span class='ocrx_word' id='word_1_63' title='bbox 1016 1128 1180 1214; x_wconf 82' lang='grc' dir='ltr'><em>πρόθεσιν</em></span> <span class='ocrx_word' id='word_1_64' title='bbox 1214 1129 1406 1213; x_wconf 72' lang='grc' dir='ltr'><em>ἐγκειμένου</em></span> <span class='ocrx_word' id='word_1_65' title='bbox 1442 1131 1482 1215; x_wconf 71' lang='grc' dir='ltr'><em>τῇ</em></span> 
     </span>
     <span class='ocr_line' id='line_1_9' title="bbox 333 1234 1484 1322; baseline -0.001 -22"><span class='ocrx_word' id='word_1_66' title='bbox 333 1234 436 1320; x_wconf 82' lang='grc' dir='ltr'><em>ῥήσει.</em></span> <span class='ocrx_word' id='word_1_67' title='bbox 482 1236 544 1302; x_wconf 91' lang='grc' dir='ltr'><em>δύο</em></span> <span class='ocrx_word' id='word_1_68' title='bbox 569 1236 632 1322; x_wconf 91' lang='grc' dir='ltr'><em>γάρ</em></span> <span class='ocrx_word' id='word_1_69' title='bbox 657 1242 742 1303; x_wconf 89' lang='grc' dir='ltr'><em>είσιν</em></span> <span class='ocrx_word' id='word_1_70' title='bbox 767 1239 804 1303; x_wconf 89' lang='grc' dir='ltr'><em>έν</em></span> <span class='ocrx_word' id='word_1_71' title='bbox 827 1234 928 1301; x_wconf 73' lang='grc' dir='ltr'><em>ἅπασι</em></span> <span class='ocrx_word' id='word_1_72' title='bbox 952 1250 1021 1312; x_wconf 81' lang='grc' dir='ltr'><em>τοῖς</em></span> <span class='ocrx_word' id='word_1_73' title='bbox 1043 1234 1208 1312; x_wconf 80' lang='grc' dir='ltr'><em>τοιούτοις</em></span> <span class='ocrx_word' id='word_1_74' title='bbox 1231 1234 1342 1318; x_wconf 79' lang='grc' dir='ltr'><em>λόγοις</em></span> <span class='ocrx_word' id='word_1_75' title='bbox 1365 1249 1484 1320; x_wconf 83' lang='grc' dir='ltr'><em>σαφεῖς</em></span> 
     </span>
     <span class='ocr_line' id='line_1_10' title="bbox 332 1334 1482 1428; baseline -0.001 -21"><span class='ocrx_word' id='word_1_76' title='bbox 332 1344 520 1426; x_wconf 87' lang='grc' dir='ltr'><em>προθέσεις,</em></span> <span class='ocrx_word' id='word_1_77' title='bbox 544 1341 565 1427; x_wconf 78' lang='grc' dir='ltr'><strong><em>ἦ</em></strong></span> <span class='ocrx_word' id='word_1_78' title='bbox 587 1370 620 1410; x_wconf 90' lang='grc' dir='ltr'><em>τε</em></span> <span class='ocrx_word' id='word_1_79' title='bbox 641 1341 705 1410; x_wconf 87' lang='grc' dir='ltr'><em>ὑπό</em></span> <span class='ocrx_word' id='word_1_80' title='bbox 729 1345 783 1409; x_wconf 80' lang='grc' dir='ltr'><em>καὶ</em></span> <span class='ocrx_word' id='word_1_81' title='bbox 809 1341 827 1428; x_wconf 85' lang='grc' dir='ltr'>ἡ</span> <span class='ocrx_word' id='word_1_82' title='bbox 849 1347 892 1422; x_wconf 83' lang='grc' dir='ltr'><em>ε’ξ,</em></span> <span class='ocrx_word' id='word_1_83' title='bbox 912 1334 960 1408; x_wconf 81' lang='grc' dir='ltr'><em>ὧν</em></span> <span class='ocrx_word' id='word_1_84' title='bbox 984 1339 1147 1427; x_wconf 80' lang='grc' dir='ltr'><em>οὐδεμίαν</em></span> <span class='ocrx_word' id='word_1_85' title='bbox 1170 1343 1356 1428; x_wconf 77' lang='grc' dir='ltr'><em>παρέλαβεν</em></span> <span class='ocrx_word' id='word_1_86' title='bbox 1374 1348 1482 1408; x_wconf 86' lang='grc' dir='ltr'><em>καίτοι</em></span> 
     </span>
     <span class='ocr_line' id='line_1_11' title="bbox 296 1444 1483 1534; baseline 0.001 -23"><span class='ocrx_word' id='word_1_87' title='bbox 296 1477 319 1511; x_wconf 86' lang='grc' dir='ltr'><em>ιο</em></span> <span class='ocrx_word' id='word_1_88' title='bbox 334 1447 521 1534; x_wconf 87' lang='grc' dir='ltr'><em>δυνάμενος</em></span> <span class='ocrx_word' id='word_1_89' title='bbox 550 1455 655 1515; x_wconf 82' lang='grc' dir='ltr'><em>εέπείυ</em></span> <span class='ocrx_word' id='word_1_90' title='bbox 684 1453 726 1517; x_wconf 61' lang='grc' dir='ltr'><em>ἐί</em></span> <span class='ocrx_word' id='word_1_91' title='bbox 749 1449 783 1516; x_wconf 73' lang='grc' dir='ltr'><em>δέ</em></span> <span class='ocrx_word' id='word_1_92' title='bbox 809 1451 851 1534; x_wconf 59' lang='lat' dir='ltr'><em>riv</em></span> <span class='ocrx_word' id='word_1_93' title='bbox 880 1451 915 1514; x_wconf 80' lang='grc' dir='ltr'><em>ἐκ</em></span> <span class='ocrx_word' id='word_1_94' title='bbox 938 1453 998 1514; x_wconf 82' lang='grc' dir='ltr'><em>τοῦ</em></span> <span class='ocrx_word' id='word_1_95' title='bbox 1022 1448 1209 1533; x_wconf 87' lang='grc' dir='ltr'><em>έγκεφάλον</em></span> <span class='ocrx_word' id='word_1_96' title='bbox 1232 1451 1396 1533; x_wconf 81' lang='grc' dir='ltr'><em>χωροῦσα,</em></span> <span class='ocrx_word' id='word_1_97' title='bbox 1421 1444 1483 1513; x_wconf 81' lang='grc' dir='ltr'><em>οὐκ</em></span> 
     </span>
     <span class='ocr_line' id='line_1_12' title="bbox 333 1549 1484 1641; baseline -0.002 -21"><span class='ocrx_word' id='word_1_98' title='bbox 333 1549 376 1620; x_wconf 83' lang='grc' dir='ltr'><em>ἀν</em></span> <span class='ocrx_word' id='word_1_99' title='bbox 396 1554 451 1620; x_wconf 88' lang='grc' dir='ltr'><em>διά</em></span> <span class='ocrx_word' id='word_1_100' title='bbox 472 1555 644 1640; x_wconf 82' lang='grc' dir='ltr'><em>φάρυγγος</em></span> <span class='ocrx_word' id='word_1_101' title='bbox 663 1556 789 1641; x_wconf 74' lang='grc' dir='ltr'><em>ε’χεύρεί</em></span> <span class='ocrx_word' id='word_1_102' title='bbox 816 1552 833 1641; x_wconf 78' lang='grc' dir='ltr'><strong><em>ἢ</em></strong></span> <span class='ocrx_word' id='word_1_103' title='bbox 858 1560 889 1621; x_wconf 86' lang='grc' dir='ltr'><em>εί</em></span> <span class='ocrx_word' id='word_1_104' title='bbox 910 1553 953 1640; x_wconf 82' lang='grc' dir='ltr'><em>μη</em></span> <span class='ocrx_word' id='word_1_105' title='bbox 980 1556 1014 1620; x_wconf 83' lang='grc' dir='ltr'><em>έκ</em></span> <span class='ocrx_word' id='word_1_106' title='bbox 1037 1559 1097 1620; x_wconf 78' lang='grc' dir='ltr'><em>τοῦ</em></span> <span class='ocrx_word' id='word_1_107' title='bbox 1117 1553 1310 1639; x_wconf 71' lang='grc' dir='ltr'><em>ἐγκεφάλου,</em></span> <span class='ocrx_word' id='word_1_108' title='bbox 1334 1551 1397 1618; x_wconf 85' lang='grc' dir='ltr'><em>ὑπὸ</em></span> <span class='ocrx_word' id='word_1_109' title='bbox 1421 1557 1484 1619; x_wconf 82' lang='grc' dir='ltr'><em>τοῦ</em></span> 
     </span>
     <span class='ocr_line' id='line_1_13' title="bbox 334 1657 1484 1747; baseline 0.001 -22"><span class='ocrx_word' id='word_1_110' title='bbox 334 1661 519 1746; x_wconf 76' lang='grc' dir='ltr'><em>ἐγκεφάλου</em></span> <span class='ocrx_word' id='word_1_111' title='bbox 547 1688 583 1745; x_wconf 91' lang='grc' dir='ltr'><em>γε</em></span> <span class='ocrx_word' id='word_1_112' title='bbox 611 1662 742 1739; x_wconf 88' lang='grc' dir='ltr'><em>πάντως</em></span> <span class='ocrx_word' id='word_1_113' title='bbox 770 1663 869 1747; x_wconf 80' lang='grc' dir='ltr'><em>έρχην</em></span> <span class='ocrx_word' id='word_1_114' title='bbox 898 1666 1002 1727; x_wconf 83' lang='grc' dir='ltr'><em>είπεῖν</em></span> <span class='ocrx_word' id='word_1_115' title='bbox 1030 1657 1144 1727; x_wconf 83' lang='grc' dir='ltr'><em>αὐτόν.</em></span> <span class='ocrx_word' id='word_1_116' title='bbox 1191 1658 1208 1746; x_wconf 77' lang='grc' dir='ltr'><em>ἡ</em></span> <span class='ocrx_word' id='word_1_117' title='bbox 1243 1659 1306 1745; x_wconf 83' lang='grc' dir='ltr'><em>γάρ</em></span> <span class='ocrx_word' id='word_1_118' title='bbox 1339 1659 1395 1726; x_wconf 83' lang='grc' dir='ltr'><em>διά</em></span> <span class='ocrx_word' id='word_1_119' title='bbox 1425 1664 1484 1744; x_wconf 81' lang='grc' dir='ltr'><em>της</em></span> 
     </span>
     <span class='ocr_line' id='line_1_14' title="bbox 334 1765 1485 1854; baseline -0.001 -21"><span class='ocrx_word' id='word_1_120' title='bbox 334 1765 506 1852; x_wconf 84' lang='grc' dir='ltr'><em>φάρύγγος</em></span> <span class='ocrx_word' id='word_1_121' title='bbox 539 1769 765 1854; x_wconf 76' lang='grc' dir='ltr'><em>ἐκπεμπομένη</em></span> <span class='ocrx_word' id='word_1_122' title='bbox 803 1767 899 1853; x_wconf 78' lang='grc' dir='ltr'><em>φωνὴ</em></span> <span class='ocrx_word' id='word_1_123' title='bbox 933 1774 969 1833; x_wconf 81' lang='grc' dir='ltr'><em>έκ</em></span> <span class='ocrx_word' id='word_1_124' title='bbox 1005 1766 1097 1846; x_wconf 89' lang='grc' dir='ltr'><em>τινός</em></span> <span class='ocrx_word' id='word_1_125' title='bbox 1128 1793 1161 1833; x_wconf 88' lang='grc' dir='ltr'><em>τε</em></span> <span class='ocrx_word' id='word_1_126' title='bbox 1199 1768 1252 1833; x_wconf 83' lang='grc' dir='ltr'><em>καί</em></span> <span class='ocrx_word' id='word_1_127' title='bbox 1291 1765 1354 1834; x_wconf 86' lang='grc' dir='ltr'><em>ὑπό</em></span> <span class='ocrx_word' id='word_1_128' title='bbox 1391 1793 1485 1845; x_wconf 88' lang='grc' dir='ltr'><em>τινος</em></span> 
     </span>
     <span class='ocr_line' id='line_1_15' title="bbox 335 1871 1484 1960; baseline -0.001 -20"><span class='ocrx_word' id='word_1_129' title='bbox 335 1874 542 1959; x_wconf 80' lang='grc' dir='ltr'><em>ἐκπέμπεται·</em></span> <span class='ocrx_word' id='word_1_130' title='bbox 566 1880 601 1940; x_wconf 81' lang='grc' dir='ltr'><em>ἔκ</em></span> <span class='ocrx_word' id='word_1_131' title='bbox 624 1902 715 1953; x_wconf 89' lang='grc' dir='ltr'><em>τινος</em></span> <span class='ocrx_word' id='word_1_132' title='bbox 737 1874 799 1960; x_wconf 73' lang='grc' dir='ltr'><em>μὲν</em></span> <span class='ocrx_word' id='word_1_133' title='bbox 822 1873 868 1953; x_wconf 79' lang='grc' dir='ltr'><em>ὡς</em></span> <span class='ocrx_word' id='word_1_134' title='bbox 891 1871 1027 1959; x_wconf 87' lang='grc' dir='ltr'><em>ἀγγείου</em></span> <span class='ocrx_word' id='word_1_135' title='bbox 1050 1877 1274 1959; x_wconf 88' lang='grc' dir='ltr'><em>περιέχοντος,</em></span> <span class='ocrx_word' id='word_1_136' title='bbox 1303 1871 1368 1940; x_wconf 86' lang='grc' dir='ltr'><em>ὑπό</em></span> <span class='ocrx_word' id='word_1_137' title='bbox 1391 1900 1484 1951; x_wconf 87' lang='grc' dir='ltr'><em>τινος</em></span> 
     </span>
     <span class='ocr_line' id='line_1_16' title="bbox 296 1977 1482 2068; baseline 0 -23"><span class='ocrx_word' id='word_1_138' title='bbox 296 2007 320 2046; x_wconf 79' lang='grc' dir='ltr'><em>ιε</em></span> <span class='ocrx_word' id='word_1_139' title='bbox 335 1979 372 2046; x_wconf 71' lang='grc' dir='ltr'><em>δὲ</em></span> <span class='ocrx_word' id='word_1_140' title='bbox 395 1978 440 2058; x_wconf 85' lang='grc' dir='ltr'><em>ιδς</em></span> <span class='ocrx_word' id='word_1_141' title='bbox 463 1981 636 2066; x_wconf 84' lang='grc' dir='ltr'><em>δυνάμεως</em></span> <span class='ocrx_word' id='word_1_142' title='bbox 658 1982 817 2066; x_wconf 86' lang='grc' dir='ltr'><em>κινούσης</em></span> <span class='ocrx_word' id='word_1_143' title='bbox 839 1981 876 2048; x_wconf 80' lang='grc' dir='ltr'><em>τὸ</em></span> <span class='ocrx_word' id='word_1_144' title='bbox 900 1984 1066 2067; x_wconf 86' lang='grc' dir='ltr'><em>περιέχον·</em></span> <span class='ocrx_word' id='word_1_145' title='bbox 1095 1980 1204 2068; x_wconf 76' lang='grc' dir='ltr'><em>ὥσπερ</em></span> <span class='ocrx_word' id='word_1_146' title='bbox 1232 1977 1342 2066; x_wconf 85' lang='grc' dir='ltr'><em>ἀμέλει</em></span> <span class='ocrx_word' id='word_1_147' title='bbox 1366 1981 1419 2046; x_wconf 78' lang='grc' dir='ltr'><em>καὶ</em></span> <span class='ocrx_word' id='word_1_148' title='bbox 1443 2006 1482 2046; x_wconf 90' lang='grc' dir='ltr'><em>το</em></span> 
     </span>
     <span class='ocr_line' id='line_1_17' title="bbox 268 2078 1483 2175; baseline -0.002 -22"><span class='ocrx_word' id='word_1_149' title='bbox 268 2078 440 2174; x_wconf 66' lang='grc' dir='ltr'><em>ςςςοῦρον</em></span> <span class='ocrx_word' id='word_1_150' title='bbox 469 2089 626 2172; x_wconf 80' lang='grc' dir='ltr'><em>ἐξέρχεται</em></span> <span class='ocrx_word' id='word_1_151' title='bbox 657 2088 719 2175; x_wconf 76' lang='grc' dir='ltr'><em>μέν</em></span> <span class='ocrx_word' id='word_1_152' title='bbox 752 2087 808 2154; x_wconf 88' lang='grc' dir='ltr'><em>διά</em></span> <span class='ocrx_word' id='word_1_153' title='bbox 840 2092 901 2156; x_wconf 86' lang='grc' dir='ltr'><em>τοῦ</em></span> <span class='ocrx_word' id='word_1_154' title='bbox 930 2095 1078 2172; x_wconf 87' lang='grc' dir='ltr'><em>αι’δοιόν,</em></span> <span class='ocrx_word' id='word_1_155' title='bbox 1112 2090 1305 2174; x_wconf 81' lang='grc' dir='ltr'><em>ἐκπέμπεται</em></span> <span class='ocrx_word' id='word_1_156' title='bbox 1339 2087 1374 2152; x_wconf 77' lang='grc' dir='ltr'><em>δὲ</em></span> <span class='ocrx_word' id='word_1_157' title='bbox 1410 2089 1414 2174; x_wconf 71' lang='grc' dir='ltr'>Ι</span> <span class='ocrx_word' id='word_1_158' title='bbox 1449 2088 1483 2166; x_wconf 79' lang='grc' dir='ltr'><em>ἐξ</em></span> 
     </span>
     <span class='ocr_line' id='line_1_18' title="bbox 334 2191 1482 2282; baseline -0.001 -22"><span class='ocrx_word' id='word_1_159' title='bbox 334 2191 470 2280; x_wconf 88' lang='grc' dir='ltr'><em>ἀγγείου</em></span> <span class='ocrx_word' id='word_1_160' title='bbox 497 2196 574 2280; x_wconf 86' lang='grc' dir='ltr'><em>μέν,</em></span> <span class='ocrx_word' id='word_1_161' title='bbox 607 2199 664 2280; x_wconf 82' lang='grc' dir='ltr'><em>της</em></span> <span class='ocrx_word' id='word_1_162' title='bbox 698 2193 931 2282; x_wconf 83' lang='grc' dir='ltr'><em>ὑπερκειμένης</em></span> <span class='ocrx_word' id='word_1_163' title='bbox 958 2195 1116 2273; x_wconf 87' lang='grc' dir='ltr'><em>κύστεως,</em></span> <span class='ocrx_word' id='word_1_164' title='bbox 1149 2192 1212 2260; x_wconf 83' lang='grc' dir='ltr'><em>ὑπὸ</em></span> <span class='ocrx_word' id='word_1_165' title='bbox 1245 2192 1417 2280; x_wconf 87' lang='grc' dir='ltr'><em>δυνάμεως</em></span> <span class='ocrx_word' id='word_1_166' title='bbox 1445 2193 1482 2259; x_wconf 75' lang='grc' dir='ltr'><em>δὲ</em></span> 
     </span>
    </p>
   </div>
   <div class='ocr_carea' id='block_1_3' title="bbox 333 2404 1482 2622">
    <p class='ocr_par' dir='ltr' id='par_1_3' title="bbox 333 2404 1482 2622">
     <span class='ocr_line' id='line_1_19' title="bbox 369 2404 1482 2478; baseline 0 -17"><span class='ocrx_word' id='word_1_167' title='bbox 369 2408 639 2478; x_wconf 73' lang='grc' dir='ltr'><em>λπαυονργημένου</em></span> <span class='ocrx_word' id='word_1_168' title='bbox 659 2410 687 2461; x_wconf 84' lang='lat' dir='ltr'>M</span> <span class='ocrx_word' id='word_1_169' title='bbox 711 2409 971 2478; x_wconf 78' lang='grc' dir='ltr'><em>κεκακουργημένα</em></span> <span class='ocrx_word' id='word_1_170' title='bbox 991 2411 1012 2462; x_wconf 82' lang='lat' dir='ltr'>L</span> <span class='ocrx_word' id='word_1_171' title='bbox 1039 2409 1310 2476; x_wconf 79' lang='grc' dir='ltr'><em>πεπανουργημένου</em></span> <span class='ocrx_word' id='word_1_172' title='bbox 1333 2411 1366 2462; x_wconf 86' lang='grc' dir='ltr'><em>Δ.</em></span> <span class='ocrx_word' id='word_1_173' title='bbox 1391 2439 1424 2447; x_wconf 92' lang='grc'>-</span> <span class='ocrx_word' id='word_1_174' title='bbox 1448 2404 1482 2461; x_wconf 66' lang='lat' dir='ltr'><em>tu</em></span> 
     </span>
     <span class='ocr_line' id='line_1_20' title="bbox 333 2475 1481 2549; baseline -0.001 -16"><span class='ocrx_word' id='word_1_175' title='bbox 333 2477 437 2547; x_wconf 85' lang='grc' dir='ltr'><em>ταύτης</em></span> <span class='ocrx_word' id='word_1_176' title='bbox 459 2483 537 2534; x_wconf 84' lang='lat' dir='ltr'>codd.</span> <span class='ocrx_word' id='word_1_177' title='bbox 563 2482 637 2544; x_wconf 83' lang='lat' dir='ltr'>edd,</span> <span class='ocrx_word' id='word_1_178' title='bbox 666 2501 702 2534; x_wconf 88' lang='lat' dir='ltr'>an</span> <span class='ocrx_word' id='word_1_179' title='bbox 729 2478 775 2533; x_wconf 82' lang='grc' dir='ltr'><em>έπλ</em></span> <span class='ocrx_word' id='word_1_180' title='bbox 798 2479 920 2549; x_wconf 67' lang='grc' dir='ltr'><em>ταύτης.)</em></span> <span class='ocrx_word' id='word_1_181' title='bbox 944 2513 973 2522; x_wconf 92' lang='grc'>-</span> <span class='ocrx_word' id='word_1_182' title='bbox 1002 2489 1017 2534; x_wconf 78' lang='grc' dir='ltr'>ὅ</span> <span class='ocrx_word' id='word_1_183' title='bbox 1038 2477 1156 2545; x_wconf 74' lang='grc' dir='ltr'><em>ἐλπίζων</em></span> <span class='ocrx_word' id='word_1_184' title='bbox 1179 2481 1258 2533; x_wconf 87' lang='lat' dir='ltr'>codd.</span> <span class='ocrx_word' id='word_1_185' title='bbox 1283 2480 1344 2533; x_wconf 87' lang='lat' dir='ltr'>edd.</span> <span class='ocrx_word' id='word_1_186' title='bbox 1369 2475 1481 2544; x_wconf 73' lang='grc' dir='ltr'><em>ἐλπίζον</em></span> 
     </span>
     <span class='ocr_line' id='line_1_21' title="bbox 333 2547 1286 2622; baseline 0 -18"><span class='ocrx_word' id='word_1_187' title='bbox 333 2569 391 2605; x_wconf 86' lang='lat' dir='ltr'>nos.</span> <span class='ocrx_word' id='word_1_188' title='bbox 412 2583 445 2590; x_wconf 91' lang='lat'>-</span> <span class='ocrx_word' id='word_1_189' title='bbox 465 2547 688 2618; x_wconf 83' lang='grc' dir='ltr'><em>ἀποδράσασθαι</em></span> <span class='ocrx_word' id='word_1_190' title='bbox 707 2553 744 2605; x_wconf 80' lang='lat' dir='ltr'><em>M.</em></span> <span class='ocrx_word' id='word_1_191' title='bbox 764 2583 797 2591; x_wconf 88' lang='lat'>—</span> <span class='ocrx_word' id='word_1_192' title='bbox 818 2560 833 2608; x_wconf 90' lang='grc'>8</span> <span class='ocrx_word' id='word_1_193' title='bbox 853 2558 995 2622; x_wconf 77' lang='grc' dir='ltr'><em>λογισμοῖς</em></span> <span class='ocrx_word' id='word_1_194' title='bbox 1014 2553 1034 2605; x_wconf 91' lang='lat' dir='ltr'>L</span> <span class='ocrx_word' id='word_1_195' title='bbox 1055 2549 1148 2620; x_wconf 76' lang='grc' dir='ltr'><em>λόγοις</em></span> <span class='ocrx_word' id='word_1_196' title='bbox 1167 2552 1232 2604; x_wconf 77' lang='lat' dir='ltr'><em>MA.</em></span> <span class='ocrx_word' id='word_1_197' title='bbox 1253 2582 1286 2590; x_wconf 93' lang='lat'><em>-</em></span> 
     </span>
    </p>
   </div>
   <div class='ocr_carea' id='block_1_4' title="bbox 334 2671 543 2678">
    <p class='ocr_par' dir='ltr' id='par_1_4' title="bbox 334 2671 543 2678">
     <span class='ocr_line' id='line_1_22' title="bbox 334 2671 543 2678; baseline 0.005 -1"><span class='ocrx_word' id='word_1_198' title='bbox 334 2671 543 2678; x_wconf 75' lang='lat'><em>——.—-----</em></span> 
     </span>
    </p>
   </div>
   <div class='ocr_carea' id='block_1_5' title="bbox 321 2733 1481 4418">
    <p class='ocr_par' dir='ltr' id='par_1_5' title="bbox 321 2733 1481 4418">
     <span class='ocr_line' id='line_1_23' title="bbox 334 2733 1481 2816; baseline -0.001 -20"><span class='ocrx_word' id='word_1_199' title='bbox 334 2735 615 2797; x_wconf 82' lang='lat' dir='ltr'>accommodatum</span> <span class='ocrx_word' id='word_1_200' title='bbox 639 2737 701 2816; x_wconf 87' lang='lat' dir='ltr'>est,</span> <span class='ocrx_word' id='word_1_201' title='bbox 730 2735 886 2798; x_wconf 76' lang='lat' dir='ltr'>excidisse</span> <span class='ocrx_word' id='word_1_202' title='bbox 915 2735 1003 2815; x_wconf 85' lang='lat' dir='ltr'>dice,</span> <span class='ocrx_word' id='word_1_203' title='bbox 1032 2733 1086 2797; x_wconf 89' lang='lat' dir='ltr'>scd</span> <span class='ocrx_word' id='word_1_204' title='bbox 1115 2734 1215 2797; x_wconf 87' lang='lat' dir='ltr'>etiam</span> <span class='ocrx_word' id='word_1_205' title='bbox 1244 2755 1261 2796; x_wconf 90' lang='lat' dir='ltr'><em>e</em></span> <span class='ocrx_word' id='word_1_206' title='bbox 1285 2733 1424 2797; x_wconf 89' lang='lat' dir='ltr'>secundo</span> <span class='ocrx_word' id='word_1_207' title='bbox 1448 2737 1481 2795; x_wconf 88' lang='lat' dir='ltr'><em>et</em></span> 
     </span>
     <span class='ocr_line' id='line_1_24' title="bbox 334 2840 1479 2925; baseline 0 -23"><span class='ocrx_word' id='word_1_208' title='bbox 334 2841 432 2904; x_wconf 89' lang='lat' dir='ltr'>tertio</span> <span class='ocrx_word' id='word_1_209' title='bbox 457 2845 489 2903; x_wconf 88' lang='lat' dir='ltr'><em>et</em></span> <span class='ocrx_word' id='word_1_210' title='bbox 516 2840 637 2903; x_wconf 86' lang='lat' dir='ltr'>versari</span> <span class='ocrx_word' id='word_1_211' title='bbox 663 2841 696 2903; x_wconf 91' lang='lat' dir='ltr'><em>in</em></span> <span class='ocrx_word' id='word_1_212' title='bbox 723 2845 839 2923; x_wconf 88' lang='lat' dir='ltr'>quarto</span> <span class='ocrx_word' id='word_1_213' title='bbox 867 2863 983 2925; x_wconf 81' lang='lat' dir='ltr'>genere</span> <span class='ocrx_word' id='word_1_214' title='bbox 1008 2841 1206 2904; x_wconf 83' lang='lat' dir='ltr'>sumtionum</span> <span class='ocrx_word' id='word_1_215' title='bbox 1230 2840 1479 2924; x_wconf 85' lang='lat' dir='ltr'>sophisticarum</span> 
     </span>
     <span class='ocr_line' id='line_1_25' title="bbox 321 2933 1480 3031; baseline 0 -22"><span class='ocrx_word' id='word_1_216' title='bbox 321 2933 438 3031; x_wconf 61' lang='lat' dir='ltr'>&#39;figura</span> <span class='ocrx_word' id='word_1_217' title='bbox 462 2946 600 3030; x_wconf 87' lang='lat' dir='ltr'>quadam</span> <span class='ocrx_word' id='word_1_218' title='bbox 630 2947 756 3010; x_wconf 91' lang='lat' dir='ltr'>dicendi</span> <span class='ocrx_word' id='word_1_219' title='bbox 785 2948 966 3012; x_wconf 77' lang='lat' dir='ltr'>involutam</span> <span class='ocrx_word' id='word_1_220' title='bbox 999 2951 1033 3010; x_wconf 87' lang='lat' dir='ltr'>ct</span> <span class='ocrx_word' id='word_1_221' title='bbox 1060 2948 1175 3012; x_wconf 87' lang='lat' dir='ltr'>callide</span> <span class='ocrx_word' id='word_1_222' title='bbox 1204 2947 1411 3030; x_wconf 87' lang='lat' dir='ltr'>captioscque</span> <span class='ocrx_word' id='word_1_223' title='bbox 1440 2947 1480 3010; x_wconf 87' lang='lat' dir='ltr'>ad</span> 
     </span>
     <span class='ocr_line' id='line_1_26' title="bbox 334 3053 1479 3138; baseline -0.001 -22"><span class='ocrx_word' id='word_1_224' title='bbox 334 3054 583 3137; x_wconf 71' lang='lat' dir='ltr'>ambiguitatem</span> <span class='ocrx_word' id='word_1_225' title='bbox 607 3055 833 3119; x_wconf 86' lang='lat' dir='ltr'>eoncirmatam</span> <span class='ocrx_word' id='word_1_226' title='bbox 858 3079 915 3138; x_wconf 90' lang='lat' dir='ltr'><em>spe</em></span> <span class='ocrx_word' id='word_1_227' title='bbox 938 3054 1146 3118; x_wconf 63' lang='lat' dir='ltr'>refutationis</span> <span class='ocrx_word' id='word_1_228' title='bbox 1171 3053 1354 3118; x_wconf 88' lang='lat' dir='ltr'>cludendae.</span> <span class='ocrx_word' id='word_1_229' title='bbox 1394 3053 1479 3116; x_wconf 86' lang='lat' dir='ltr'>Nam</span> 
     </span>
     <span class='ocr_line' id='line_1_27' title="bbox 333 3154 1480 3245; baseline -0.002 -23"><span class='ocrx_word' id='word_1_230' title='bbox 333 3161 413 3224; x_wconf 88' lang='lat' dir='ltr'>illud</span> <span class='ocrx_word' id='word_1_231' title='bbox 438 3160 477 3224; x_wconf 78' lang='lat' dir='ltr'>‘si</span> <span class='ocrx_word' id='word_1_232' title='bbox 500 3154 563 3224; x_wconf 88' lang='grc' dir='ltr'><em>ἀπὸ</em></span> <span class='ocrx_word' id='word_1_233' title='bbox 589 3158 784 3244; x_wconf 79' lang='grc' dir='ltr'><em>ἐγκεφάλου,</em></span> <span class='ocrx_word' id='word_1_234' title='bbox 807 3162 828 3225; x_wconf 92' lang='lat' dir='ltr'><em>i.</em></span> <span class='ocrx_word' id='word_1_235' title='bbox 852 3184 869 3226; x_wconf 89' lang='lat' dir='ltr'>c</span> <span class='ocrx_word' id='word_1_236' title='bbox 893 3163 931 3225; x_wconf 93' lang='lat' dir='ltr'><em>de</em></span> <span class='ocrx_word' id='word_1_237' title='bbox 955 3162 1087 3225; x_wconf 87' lang='lat' dir='ltr'>cerebro</span> <span class='ocrx_word' id='word_1_238' title='bbox 1110 3160 1311 3245; x_wconf 87' lang='lat' dir='ltr'>procederet,</span> <span class='ocrx_word' id='word_1_239' title='bbox 1334 3181 1400 3224; x_wconf 92' lang='lat' dir='ltr'><em>non</em></span> <span class='ocrx_word' id='word_1_240' title='bbox 1423 3179 1480 3240; x_wconf 90' lang='lat' dir='ltr'><em>per</em></span> 
     </span>
     <span class='ocr_line' id='line_1_28' title="bbox 334 3260 1479 3352; baseline -0.002 -23"><span class='ocrx_word' id='word_1_241' title='bbox 334 3289 483 3350; x_wconf 85' lang='lat' dir='ltr'>asperam</span> <span class='ocrx_word' id='word_1_242' title='bbox 516 3268 669 3331; x_wconf 84' lang='lat' dir='ltr'>arteriam</span> <span class='ocrx_word' id='word_1_243' title='bbox 704 3269 911 3352; x_wconf 86' lang='lat' dir='ltr'>procederet’</span> <span class='ocrx_word' id='word_1_244' title='bbox 953 3269 1234 3352; x_wconf 88' lang='lat' dir='ltr'>Praepositionem</span> <span class='ocrx_word' id='word_1_245' title='bbox 1266 3260 1331 3330; x_wconf 87' lang='grc' dir='ltr'><em>ἀπό</em></span> <span class='ocrx_word' id='word_1_246' title='bbox 1362 3266 1479 3330; x_wconf 81' lang='lat' dir='ltr'>vitiose</span> 
     </span>
     <span class='ocr_line' id='line_1_29' title="bbox 334 3373 1478 3455; baseline -0.001 -19"><span class='ocrx_word' id='word_1_247' title='bbox 334 3374 518 3455; x_wconf 82' lang='lat' dir='ltr'>appositam</span> <span class='ocrx_word' id='word_1_248' title='bbox 542 3373 650 3438; x_wconf 70' lang='lat' dir='ltr'>indict.</span> <span class='ocrx_word' id='word_1_249' title='bbox 695 3374 787 3439; x_wconf 83' lang='lat' dir='ltr'>Duae</span> <span class='ocrx_word' id='word_1_250' title='bbox 817 3377 903 3439; x_wconf 87' lang='lat' dir='ltr'>enim</span> <span class='ocrx_word' id='word_1_251' title='bbox 933 3399 1005 3439; x_wconf 89' lang='lat' dir='ltr'><em>cum</em></span> <span class='ocrx_word' id='word_1_252' title='bbox 1034 3376 1101 3437; x_wconf 89' lang='lat' dir='ltr'>sint</span> <span class='ocrx_word' id='word_1_253' title='bbox 1128 3375 1162 3438; x_wconf 92' lang='lat' dir='ltr'><em>in</em></span> <span class='ocrx_word' id='word_1_254' title='bbox 1189 3374 1286 3437; x_wconf 90' lang='lat' dir='ltr'>istius</span> <span class='ocrx_word' id='word_1_255' title='bbox 1315 3373 1401 3438; x_wconf 88' lang='lat' dir='ltr'>modi</span> <span class='ocrx_word' id='word_1_256' title='bbox 1430 3395 1478 3436; x_wconf 90' lang='lat' dir='ltr'><em>ra·</em></span> 
     </span>
     <span class='ocr_line' id='line_1_30' title="bbox 333 3475 1481 3565; baseline 0.001 -24"><span class='ocrx_word' id='word_1_257' title='bbox 333 3481 477 3543; x_wconf 87' lang='lat' dir='ltr'>tionibus</span> <span class='ocrx_word' id='word_1_258' title='bbox 501 3480 764 3563; x_wconf 86' lang='lat' dir='ltr'>Praepositiones</span> <span class='ocrx_word' id='word_1_259' title='bbox 794 3483 927 3546; x_wconf 89' lang='lat' dir='ltr'>minime</span> <span class='ocrx_word' id='word_1_260' title='bbox 962 3483 1136 3565; x_wconf 86' lang='lat' dir='ltr'>ancipites,</span> <span class='ocrx_word' id='word_1_261' title='bbox 1169 3475 1248 3561; x_wconf 83' lang='grc' dir='ltr'><em>ὑπό,</em></span> <span class='ocrx_word' id='word_1_262' title='bbox 1277 3481 1296 3544; x_wconf 89' lang='lat' dir='ltr'><em>i.</em></span> <span class='ocrx_word' id='word_1_263' title='bbox 1324 3503 1351 3544; x_wconf 86' lang='lat' dir='ltr'><em>c.</em></span> <span class='ocrx_word' id='word_1_264' title='bbox 1379 3481 1420 3544; x_wconf 88' lang='lat' dir='ltr'>ab</span> <span class='ocrx_word' id='word_1_265' title='bbox 1448 3483 1481 3542; x_wconf 88' lang='lat' dir='ltr'>ct</span> 
     </span>
     <span class='ocr_line' id='line_1_31' title="bbox 334 3585 1480 3673; baseline 0 -25"><span class='ocrx_word' id='word_1_266' title='bbox 334 3585 382 3666; x_wconf 81' lang='grc' dir='ltr'><em>ἔξ,</em></span> <span class='ocrx_word' id='word_1_267' title='bbox 406 3587 426 3650; x_wconf 94' lang='lat' dir='ltr'><em>i.</em></span> <span class='ocrx_word' id='word_1_268' title='bbox 450 3609 475 3650; x_wconf 89' lang='lat' dir='ltr'><em>e.</em></span> <span class='ocrx_word' id='word_1_269' title='bbox 504 3609 555 3670; x_wconf 82' lang='lat' dir='ltr'><em>ex,</em></span> <span class='ocrx_word' id='word_1_270' title='bbox 587 3593 736 3652; x_wconf 85' lang='lat' dir='ltr'>nentrum</span> <span class='ocrx_word' id='word_1_271' title='bbox 770 3590 899 3670; x_wconf 82' lang='lat' dir='ltr'>sumsit,</span> <span class='ocrx_word' id='word_1_272' title='bbox 932 3611 1127 3673; x_wconf 86' lang='lat' dir='ltr'>quamquam</span> <span class='ocrx_word' id='word_1_273' title='bbox 1155 3588 1261 3651; x_wconf 84' lang='lat' dir='ltr'>dicere</span> <span class='ocrx_word' id='word_1_274' title='bbox 1288 3586 1397 3669; x_wconf 89' lang='lat' dir='ltr'>potuit</span> <span class='ocrx_word' id='word_1_275' title='bbox 1423 3587 1480 3649; x_wconf 85' lang='lat' dir='ltr'><em>aut</em></span> 
     </span>
     <span class='ocr_line' id='line_1_32' title="bbox 333 3692 1479 3779; baseline 0.002 -25"><span class='ocrx_word' id='word_1_276' title='bbox 333 3693 381 3754; x_wconf 85' lang='lat' dir='ltr'><em>ita</em></span> <span class='ocrx_word' id='word_1_277' title='bbox 413 3692 454 3757; x_wconf 75' lang='lat' dir='ltr'>‘si</span> <span class='ocrx_word' id='word_1_278' title='bbox 488 3716 526 3757; x_wconf 81' lang='lat' dir='ltr'><em>ex</em></span> <span class='ocrx_word' id='word_1_279' title='bbox 558 3696 690 3760; x_wconf 86' lang='lat' dir='ltr'>cerebro</span> <span class='ocrx_word' id='word_1_280' title='bbox 727 3698 927 3779; x_wconf 83' lang='lat' dir='ltr'>procederet,</span> <span class='ocrx_word' id='word_1_281' title='bbox 960 3719 1026 3760; x_wconf 90' lang='lat' dir='ltr'><em>non</em></span> <span class='ocrx_word' id='word_1_282' title='bbox 1058 3718 1116 3778; x_wconf 91' lang='lat' dir='ltr'><em>per</em></span> <span class='ocrx_word' id='word_1_283' title='bbox 1148 3716 1295 3778; x_wconf 89' lang='lat' dir='ltr'>asperam</span> <span class='ocrx_word' id='word_1_284' title='bbox 1326 3693 1479 3758; x_wconf 86' lang='lat' dir='ltr'>arteriam</span> 
     </span>
     <span class='ocr_line' id='line_1_33' title="bbox 334 3798 1479 3886; baseline 0.001 -25"><span class='ocrx_word' id='word_1_285' title='bbox 334 3798 547 3883; x_wconf 89' lang='lat' dir='ltr'>procederet&#39;,</span> <span class='ocrx_word' id='word_1_286' title='bbox 570 3806 635 3883; x_wconf 90' lang='lat' dir='ltr'>aut,</span> <span class='ocrx_word' id='word_1_287' title='bbox 658 3802 686 3865; x_wconf 85' lang='lat' dir='ltr'>si</span> <span class='ocrx_word' id='word_1_288' title='bbox 706 3803 812 3865; x_wconf 90' lang='lat' dir='ltr'>minus</span> <span class='ocrx_word' id='word_1_289' title='bbox 831 3804 983 3886; x_wconf 85' lang='lat' dir='ltr'>placebat</span> <span class='ocrx_word' id='word_1_290' title='bbox 1006 3802 1055 3865; x_wconf 81' lang='lat' dir='ltr'>‘ex</span> <span class='ocrx_word' id='word_1_291' title='bbox 1075 3801 1229 3885; x_wconf 87' lang='lat' dir='ltr'>cerebro’,</span> <span class='ocrx_word' id='word_1_292' title='bbox 1252 3804 1338 3864; x_wconf 83' lang='lat' dir='ltr'>certe</span> <span class='ocrx_word' id='word_1_293' title='bbox 1357 3823 1377 3864; x_wconf 88' lang='lat' dir='ltr'>a</span> <span class='ocrx_word' id='word_1_294' title='bbox 1395 3821 1479 3864; x_wconf 86' lang='lat' dir='ltr'>cerc-</span> 
     </span>
     <span class='ocr_line' id='line_1_34' title="bbox 336 3902 1479 3993; baseline 0.003 -26"><span class='ocrx_word' id='word_1_295' title='bbox 336 3907 408 3988; x_wconf 88' lang='lat' dir='ltr'>bro,</span> <span class='ocrx_word' id='word_1_296' title='bbox 431 3907 517 3990; x_wconf 88' lang='lat' dir='ltr'>quod</span> <span class='ocrx_word' id='word_1_297' title='bbox 541 3911 590 3969; x_wconf 85' lang='lat' dir='ltr'><em>est</em></span> <span class='ocrx_word' id='word_1_298' title='bbox 613 3902 677 3971; x_wconf 85' lang='grc' dir='ltr'><em>ὑπὸ</em></span> <span class='ocrx_word' id='word_1_299' title='bbox 706 3910 767 3972; x_wconf 83' lang='grc' dir='ltr'><em>τοῦ</em></span> <span class='ocrx_word' id='word_1_300' title='bbox 790 3906 987 3992; x_wconf 84' lang='grc' dir='ltr'><em>ἐγκεφάλου,</em></span> <span class='ocrx_word' id='word_1_301' title='bbox 1015 3911 1126 3993; x_wconf 81' lang='lat' dir='ltr'>utiquc</span> <span class='ocrx_word' id='word_1_302' title='bbox 1155 3909 1184 3972; x_wconf 89' lang='lat' dir='ltr'><em>ei</em></span> <span class='ocrx_word' id='word_1_303' title='bbox 1212 3908 1381 3971; x_wconf 88' lang='lat' dir='ltr'>dicendum</span> <span class='ocrx_word' id='word_1_304' title='bbox 1409 3907 1479 3971; x_wconf 76' lang='lat' dir='ltr'>fuit</span> 
     </span>
     <span class='ocr_line' id='line_1_35' title="bbox 337 4013 1478 4098; baseline 0.001 -23"><span class='ocrx_word' id='word_1_305' title='bbox 337 4013 425 4087; x_wconf 81' lang='lat' dir='ltr'>Quae</span> <span class='ocrx_word' id='word_1_306' title='bbox 457 4014 542 4076; x_wconf 86' lang='lat' dir='ltr'>enirn</span> <span class='ocrx_word' id='word_1_307' title='bbox 570 4037 627 4096; x_wconf 88' lang='lat' dir='ltr'><em>per</em></span> <span class='ocrx_word' id='word_1_308' title='bbox 656 4038 805 4098; x_wconf 88' lang='lat' dir='ltr'>asperam</span> <span class='ocrx_word' id='word_1_309' title='bbox 834 4017 987 4079; x_wconf 85' lang='lat' dir='ltr'>arteriam</span> <span class='ocrx_word' id='word_1_310' title='bbox 1017 4015 1178 4079; x_wconf 90' lang='lat' dir='ltr'>emittitur</span> <span class='ocrx_word' id='word_1_311' title='bbox 1203 4039 1278 4096; x_wconf 82' lang='lat' dir='ltr'>vox,</span> <span class='ocrx_word' id='word_1_312' title='bbox 1307 4037 1344 4078; x_wconf 85' lang='lat' dir='ltr'><em>ex</em></span> <span class='ocrx_word' id='word_1_313' title='bbox 1371 4015 1478 4097; x_wconf 80' lang='lat' dir='ltr'>aliquo</span> 
     </span>
     <span class='ocr_line' id='line_1_36' title="bbox 334 4120 1477 4205; baseline 0.002 -24"><span class='ocrx_word' id='word_1_314' title='bbox 334 4124 367 4182; x_wconf 89' lang='lat' dir='ltr'><em>et</em></span> <span class='ocrx_word' id='word_1_315' title='bbox 391 4121 431 4183; x_wconf 86' lang='lat' dir='ltr'>ab</span> <span class='ocrx_word' id='word_1_316' title='bbox 456 4120 564 4204; x_wconf 87' lang='lat' dir='ltr'>aliquo</span> <span class='ocrx_word' id='word_1_317' title='bbox 595 4123 768 4204; x_wconf 88' lang='lat' dir='ltr'>emittitur,</span> <span class='ocrx_word' id='word_1_318' title='bbox 799 4144 837 4184; x_wconf 81' lang='lat' dir='ltr'><em>ex</em></span> <span class='ocrx_word' id='word_1_319' title='bbox 860 4122 969 4205; x_wconf 87' lang='lat' dir='ltr'>aliquo</span> <span class='ocrx_word' id='word_1_320' title='bbox 994 4124 1081 4186; x_wconf 81' lang='lat' dir='ltr'>velut</span> <span class='ocrx_word' id='word_1_321' title='bbox 1108 4146 1184 4187; x_wconf 82' lang='lat' dir='ltr'>rese</span> <span class='ocrx_word' id='word_1_322' title='bbox 1215 4123 1409 4204; x_wconf 82' lang='lat' dir='ltr'>continente,</span> <span class='ocrx_word' id='word_1_323' title='bbox 1437 4121 1477 4184; x_wconf 88' lang='lat' dir='ltr'>ab</span> 
     </span>
     <span class='ocr_line' id='line_1_37' title="bbox 335 4226 1480 4312; baseline 0.003 -24"><span class='ocrx_word' id='word_1_324' title='bbox 335 4226 442 4308; x_wconf 89' lang='lat' dir='ltr'>aliquo</span> <span class='ocrx_word' id='word_1_325' title='bbox 465 4228 552 4290; x_wconf 82' lang='lat' dir='ltr'>velut</span> <span class='ocrx_word' id='word_1_326' title='bbox 575 4229 733 4292; x_wconf 81' lang='lat' dir='ltr'>facultate</span> <span class='ocrx_word' id='word_1_327' title='bbox 756 4228 925 4292; x_wconf 88' lang='lat' dir='ltr'>continens</span> <span class='ocrx_word' id='word_1_328' title='bbox 950 4235 1107 4293; x_wconf 82' lang='lat' dir='ltr'>movente.</span> <span class='ocrx_word' id='word_1_329' title='bbox 1153 4229 1199 4294; x_wconf 76' lang='lat' dir='ltr'>Ut</span> <span class='ocrx_word' id='word_1_330' title='bbox 1222 4228 1369 4312; x_wconf 84' lang='lat' dir='ltr'>exemplo</span> <span class='ocrx_word' id='word_1_331' title='bbox 1393 4231 1480 4292; x_wconf 86' lang='lat' dir='ltr'>utar:</span> 
     </span>
     <span class='ocr_line' id='line_1_38' title="bbox 335 4332 1478 4418; baseline 0.003 -24"><span class='ocrx_word' id='word_1_332' title='bbox 335 4332 429 4395; x_wconf 89' lang='lat' dir='ltr'>urina</span> <span class='ocrx_word' id='word_1_333' title='bbox 462 4336 626 4418; x_wconf 84' lang='lat' dir='ltr'>egreditur</span> <span class='ocrx_word' id='word_1_334' title='bbox 655 4357 713 4418; x_wconf 88' lang='lat' dir='ltr'><em>per</em></span> <span class='ocrx_word' id='word_1_335' title='bbox 744 4356 873 4417; x_wconf 86' lang='lat' dir='ltr'>penem,</span> <span class='ocrx_word' id='word_1_336' title='bbox 904 4335 1064 4398; x_wconf 86' lang='lat' dir='ltr'>emittitur</span> <span class='ocrx_word' id='word_1_337' title='bbox 1092 4339 1200 4399; x_wconf 88' lang='lat' dir='ltr'>autem</span> <span class='ocrx_word' id='word_1_338' title='bbox 1235 4358 1252 4399; x_wconf 88' lang='lat' dir='ltr'><em>e</em></span> <span class='ocrx_word' id='word_1_339' title='bbox 1284 4358 1375 4416; x_wconf 69' lang='lat' dir='ltr'>vase,</span> <span class='ocrx_word' id='word_1_340' title='bbox 1405 4335 1425 4398; x_wconf 93' lang='lat' dir='ltr'><em>i.</em></span> <span class='ocrx_word' id='word_1_341' title='bbox 1454 4357 1478 4398; x_wconf 90' lang='lat' dir='ltr'><em>e.</em></span> 
     </span>
    </p>
   </div>
   <div class='ocr_carea' id='block_1_6' title="bbox 0 0 1654 5136">
    <p class='ocr_par' dir='ltr' id='par_1_6' title="bbox 0 0 1654 5136">
     <span class='ocr_line' id='line_1_39' title="bbox 0 0 1654 5136; baseline 0 0"><span class='ocrx_word' id='word_1_342' title='bbox 0 0 1654 5136; x_wconf 95' lang='lat' dir='ltr'><em> </em></span> 
     </span>
    </p>
   </div>
  </div>
 </body>
</html>
