3296 5150
763 421 1005 484 -354-

309 577 415 666 αὐτὴν
437 577 576 666 λογικὴν
600 574 619 666 ἢ
639 576 871 665 ἀπεστράφθαι
894 577 957 665 μὲν
974 575 1034 643 τὸν
1053 576 1166 663 λόγον,
1190 574 1276 645 εἶναι
1296 578 1333 645 δὲ
1357 575 1458 646 οὐδὲν

309 685 390 755 ἀλλο
428 681 448 772 ἢ
481 686 584 773 λόγον
619 712 653 753 τε
686 685 740 754 καὶ
771 685 885 772 ’κρίσιν
916 679 1025 770 αὐτὴν
1055 679 1118 751 οὐκ
1150 681 1226 752 οἶδα
1259 690 1289 752 εί
1324 682 1369 772 μὴ
1400 689 1459 772 τῆς

308 800 463 881 μεγίστης
485 793 638 881 μέμψεως
659 791 752 873 άξιος
773 788 912 878 ὑπάρχει
932 788 1124 878 ἄνθρωπος,-
1146 787 1185 874 ὃς
1207 791 1251 879 μὴ
1276 797 1459 880 συγχωρῶν

282 900 362 968 *ἐπὶ
388 896 513 968 ταάτοῦ
540 901 649 985 λέγειν
675 897 896 986 αἰσχύνεσθαι
923 897 978 964 καὶ
1006 901 1176 966 αἰδεῖσθαι
1204 899 1288 985 μηδὲ
1314 898 1458 986 ἥδεσθαι

243 1007 364 1082 aserai
393 1013 537 1094 χαίρειν,
565 1003 648 1073 ἀλλά
675 1003 838 1092 ἀκριβοῦν
866 1002 994 1072 ἅπαντα
1017 1005 1191 1093 καὶμέχρι
1216 1007 1220 1092 Ι
1245 1010 1313 1074 τῶν
1336 1002 1459 1093 ὀνομά-

309 1141 377 1182 των
396 1111 498 1194 ἀξιῶν
517 1109 617 1192 αὐτὸς
636 1114 672 1180 ἐν
691 1127 760 1191 τοῖς
779 1109 1045 1198 συγγράμμασιν,
1069 1107 1087 1179 ὃ
1107 1112 1248 1201 σμικρὸν
1268 1118 1460 1201 ἔμπροσθεν

311 1218 373 1290 οὐκ
392 1221 428 1288 εἰι
450 1219 554 1306 λόγον
576 1221 631 1288 καί
650 1225 788 1307 κρίσεως
807 1224 908 1306 ἔφησε
927 1225 1096 1305 γίνεσθαι,
1114 1220 1296 1308 προελθὼν
1316 1222 1352 1288 ἐν
1370 1221 1459 1312 λόγῳ

310 1329 366 1396 καὶ
389 1332 493 1414 κρίσει
518 1331 744 1396 συνίστασθαί
763 1347 867 1412 φησιν
891 1325 970 1394 ίνὸν
989 1327 1148 1413 ἐκφαγεῖν
1170 1327 1231 1414 μὲν
1251 1325 1380 1408 ἁπάσας
1401 1328 1461 1408 τὰς

312 1432 418 1515 οὕτως
450 1430 610 1522 ἀκαίρους
640 1460 674 1502 τε
707 1431 774 1520 άμα
805 1433 860 1500 καὶ
891 1432 980 1518 παρά
1010 1432 1047 1501 τὸ
1081 1437 1148 1502 τάν
1176 1432 1347 1521 Ἑλλήνων
1380 1441 1461 1514 ἔθος

273 1567 298 1604 ιο
313 1539 608 1630 ἀναπεπλασμένας
636 1538 844 1629 ὁμωνυμίας,
875 1536 1057 1628 ἀιιριβῶσαι
1090 1540 1127 1608 δὲ
1159 1543 1214 1610 καὶ
1250 1545 1459 1628 ὃιαρθρῶσαι

313 1648 372 1716 τὸν
400 1648 503 1734 λόγον
526 1646 732 1735 Ἑλληνικοῖς
763 1674 797 1716 τε
829 1648 884 1715 καὶ
917 1649 1059 1734 σαφέσιν
1084 1645 1258 1734 ὀνόμασιν.
1307 1648 1344 1717 τὸ
1374 1654 1461 1735 γοῦν

313 1753 438 1841 ἀλογον
474 1751 632 1834 ὡσαύτως
669 1752 794 1845 ἀφώνῳ
824 1779 858 1822 τε
895 1755 950 1822 καὶ
983 1751 1156 1846 ἀτραχήλῳ
1188 1759 1288 1843 διχῶς
1319 1753 1462 1836 ἅπαντες

315 1860 489 1948 ἀνθρωττοι
513 1864 647 1949 λέγουσι
671 1862 725 1930 καὶ
749 1868 863 1949 τρίτον
885 1858 987 1929 οὐδὲν
1010 1867 1100 1929 ἔστιν
1127 1861 1240 1949 εὑρεῖν
1268 1864 1319 1931 ἐπὶ
1349 1860 1462 1932 αὐτῶν

314 1968 563 2056 σημαινόμενον
591 1967 666 2038 οὔτε
693 1967 782 2056 παρὰ
809 1983 878 2048 τοῖς
905 1972 971 2036 νῦν
985 1968 1144 2055 Ἕλλησιν
1172 1968 1248 2038 οὕτε
1275 1969 1364 2056 παρὰ
1391 1985 1462 2050 τοῖς

277 2100 299 2138 ιε
314 2084 478 2162 παλαιοῖς,
502 2087 535 2145 εί
553 2103 583 2145 τι
608 2074 669 2164 χρὴ
693 2083 928 2164 τεκμαίρεσθαι
952 2091 1021 2156 τοῖς
1044 2083 1186 2162 βιβλίοις
1209 2073 1330 2145 αὐτῶν.
1368 2076 1462 2164 ἀφω-

353 2311 364 2357 1
391 2303 428 2356 τώ
452 2299 524 2370 λόγω
545 2299 630 2353 0.-
657 2305 672 2352 3
697 2294 778 2364 ἀξιον
802 2299 894 2352 M.-
922 2303 986 2368 perot
1010 2294 1194 2364 ἅνθρωπος
1187 2319 1215 2353 in
1238 2301 1318 2355 codd.
1343 2295 1444 2355 edd.
1428 2321 1462 2363 ος

316 2375 432 2438 ereidil;
456 2374 489 2426 cs.
509 2373 592 2426 Proll
614 2389 638 2438 p.
661 2377 771 2423 127.—
792 2371 875 2423 λαοὶ
895 2369 1041 2424 αἰδεῖσθαι
1060 2389 1113 2425 om.
1135 2369 1162 2425 C
1186 2403 1221 2411 -
1244 2367 1317 2440 μάθ’
1321 2365 1463 2457 ἥδεσθαι

317 2449 393 2499 C—
421 2440 545 2498 σαάτὸν
565 2443 644 2495 codd.
665 2441 726 2495 e.dd
743 2437 829 2503 αὐτὸς
848 2459 911 2506 nos·
931 2442 965 2495 cl.
981 2442 1064 2496 Proll.
1082 2461 1109 2511 p.
1127 2449 1238 2495 1aa.—
1260 2437 1439 2498 rainoni(

317 2547 348 2556 -
365 2523 380 2570 8
396 2518 482 2600 φησίν
498 2509 547 2583 η’..
563 2513 627 2578 (litt.
639 2509 746 2582 erae.)’
735 2531 823 2596 εμφχν,
823 2532 873 2566 ειν
888 2513 964 2566 λ,
983 2521 1015 2566 10
1029 2509 1284 2582 ἀναπιμπλαμένας
1298 2515 1325 2568 lll
1333 2487 1462 2568 ABChl(

316 2579 852 2674 aranrpnlo'crrvCriaanenlaope'voc
871 2601 933 2648 n0s;
953 2584 986 2638 c.f
1006 2585 1089 2637 Proll
1110 2603 1136 2653 p.
1155 2591 1260 2639 llll.-
1283 2594 1314 2638 13
1333 2584 1380 2654 λίγ
1375 2605 1463 2639 Ηοισιν

316 2659 503 2712 lochia-
531 2651 652 2710 ἐστίν
625 2662 720 2722 ενρείν
741 2651 826 2709 r'rrlC
851 2650 946 2722 eripere
970 2659 1034 2724 post
1059 2651 1268 2726 σημαινόμενον
1287 2627 1462 2724 illirico&

316 2730 350 2783 cl.
370 2729 453 2782 lroll.
474 2748 500 2799 p.
523 2735 580 2782 1⁰0.
600 2759 633 2768 -

317 2961 375 3002 nos
405 2937 594 3021 intellegere
622 2931 829 3018 rationalem,
856 2935 906 2999 vel
937 2957 1009 2999 cnm
1038 2937 1180 3000 aversari
1208 2938 1337 3020 quidem
1364 2937 1462 3002 ralio-

317 3068 405 3127 ncrn,
428 3041 509 3108 nihil
534 3048 643 3106 tarmen
668 3041 754 3106 alind
778 3064 848 3106 esse
876 3065 973 3126 quam
996 3043 1157 3107 rationem
1182 3047 1214 3107 ci
1237 3042 1391 3109 iudicium
1414 3045 1462 3129 ip-

318 3173 400 3234 sam,
422 3150 531 3215 neseio
556 3172 597 3212 an
620 3149 670 3212 vel
694 3171 820 3213 salama
844 3149 1094 3233 reprehensione
1117 3150 1233 3235 dignus
1257 3152 1315 3236 sit,
1343 3152 1463 3236 quippe

318 3259 381 3343 qui,
404 3279 477 3323 ennr
500 3279 566 3321 non
590 3256 745 3320 concedat
767 3257 953 3321 erabescere
981 3259 1015 3320 el
1037 3258 1245 3322 verecundari
1273 3259 1324 3322 vel
1347 3258 1464 3323 laclari

319 3381 351 3429 et
374 3365 513 3450 gaudere
537 3363 571 3428 in
599 3361 731 3426 eandem
761 3363 955 3427 senientiam
979 3364 1055 3447 clici,
1083 3365 1137 3428 scd
1166 3364 1276 3430 omnia
1299 3387 1397 3450 usque
1422 3367 1462 3430 ad

319 3473 491 3536 verboram
516 3492 609 3534 neum
637 3492 734 3554 qaam
762 3471 1004 3534 accuratissime
1032 3472 1167 3536 lraclari
1195 3472 1228 3536 in
1255 3471 1348 3537 libris
1375 3472 1464 3554 velie,

320 3580 402 3662 ipse,
430 3579 514 3662 (procl
543 3577 640 3661 parile
669 3581 744 3642 ante
771 3599 837 3641 non
870 3599 887 3640 o
914 3578 1041 3642 ratione
1069 3582 1102 3641 el
1128 3579 1248 3643 iudicio
1275 3578 1346 3642 fieri
1373 3577 1464 3662 dixit,

320 3686 405 3750 illem
436 3685 582 3750 oratione
614 3685 807 3769 procedente
844 3685 877 3748 in
909 3685 1035 3750 ratione
1068 3689 1101 3750 ct
1137 3685 1255 3750 iudicio
1286 3685 1463 3749 eonsislere

321 3791 476 3876 affirmet,
499 3813 571 3856 earn
600 3791 744 3875 potuerit
767 3813 878 3856 omnes
906 3795 974 3856 tarn
998 3793 1246 3877 intempestivas
1273 3793 1463 3877 easdemque

243 3921 245 3926 ·
321 3903 449 3982 practer
470 3897 665 3963 Graecorum
686 3921 808 3964 morem
831 3900 923 3964 fictae
947 3898 1174 3984 homonymias
1194 3901 1296 3965 vilare
1316 3901 1349 3964 el
1368 3897 1464 3963 Grae-

322 4006 367 4070 cia
397 4005 503 4070 verbis
533 4028 570 4070 ao
598 4004 747 4070 dilucidis
776 4005 924 4090 expedire
952 4009 985 4070 ct
1007 4006 1174 4072 absolvere
1202 4007 1465 4091 disputationem.

321 4113 406 4177 Nam
429 4112 635 4196 irrationale,
662 4112 742 4178 item
765 4112 811 4197 id,
839 4113 923 4198 quod
951 4135 1017 4179 non
1044 4114 1156 4179 vocale
1179 4118 1242 4196 est,
1272 4117 1305 4176 et
1328 4111 1488 4177 decolla·.

322 4225 391 4284 turn
414 4219 539 4284 duobus
565 4219 671 4283 'modis
695 4242 804 4284 omncs
829 4220 993 4304 accipiunt
1015 4242 1118 4306 neque
1145 4223 1243 4286 teriia
1270 4219 1464 4305 significat-io

322 4325 455 4408 reperiri
482 4329 592 4412 polest
614 4329 672 4390 aul
698 4327 783 4409 apud
811 4328 1006 4392 recentiores
1029 4333 1086 4392 aut
1113 4331 1198 4414 apud
1222 4331 1345 4394 veteres
1369 4324 1465 4389 Grae-

323 4455 387 4516 cas,
411 4433 437 4495 ei
461 4433 591 4517 quidem
614 4455 631 4498 ο
654 4433 747 4498 libris
771 4456 881 4499 eoram
906 4434 937 4498 id
961 4435 1107 4500 conicere
1130 4436 1215 4502 licea
1255 4433 1331 4500 Non
1354 4431 1465 4498 vocale
