3246 5148
618 401 837 466 ,χη-

152 557 219 646 χάρ
243 556 263 646 ἡ
291 559 385 646 πῆξις
412 563 592 628 scribamus
619 563 680 627 τοῦ
707 558 769 646 μὲν
795 555 860 644 γάρ
883 560 1020 644 αἵματος
1047 553 1067 643 ή
1090 581 1137 642 τα,
1166 560 1302 644 denique

151 691 214 752 pro
238 664 450 752 σβεννύουσα
474 673 506 734 et
528 671 732 754 μελαίνουσα
748 668 922 734 Genetivos
946 662 1171 750 σβεννύοντος
1194 671 1226 730 et
1249 688 1302 750 με-

152 778 330 850 λαίνοντος
353 776 394 840 ad
416 773 626 861 περιέχοντος
648 775 846 858 referendos,
869 778 906 838 ut
928 774 1091 838 sententia
1114 774 1215 839 totins
1238 774 1302 839 loci

152 880 235 946 haec
259 884 315 946 sit:
342 881 475 966 ‘corpus
499 883 615 947 iecoris
638 882 807 966 proprium
831 881 970 946 maxime
1000 881 1133 945 rubrum
1161 887 1212 946 est
1234 903 1304 965 per-

154 987 229 1052 inde
248 1011 286 1053 ac
305 989 438 1074 sanguis
458 993 490 1052 et
509 989 733 1073 congelatione
753 988 858 1052 solum
878 989 918 1052 ab
938 1011 976 1052 eo
991 987 1111 1072 differt3
1135 987 1303 1072 sanguinis

154 1095 242 1158 enim
266 1095 450 1179 congelatio
474 1099 546 1158 aire
571 1095 733 1158 ambiente
759 1093 912 1176 efficitur,
935 1095 989 1179 qui
1014 1099 1046 1158 et
1069 1095 1210 1160 calorem
1234 1095 1302 1156 eins

154 1200 334 1284 exstinguit
362 1205 395 1264 et
423 1201 530 1286 ipsum
558 1206 692 1289 propter
719 1199 1001 1285 refrigerationem
1028 1201 1190 1286 denigret,
1218 1199 1304 1284 quod

154 1329 219 1372 non
243 1307 291 1370 ita
314 1307 348 1371 in
376 1307 480 1372 iecore
505 1308 556 1389 fit,
579 1307 634 1371 scd
658 1308 765 1372 calore
788 1307 915 1391 irmato,
944 1309 998 1392 qui
1023 1311 1118 1372 ornat
1141 1307 1247 1392 magis
1270 1307 1303 1369 id

154 1435 253 1498 quarn
273 1412 472 1498 corrumpit?
501 1411 550 1478 Of.
571 1413 685 1478 Galeni
709 1413 747 1476 de
771 1436 833 1478 usu
855 1415 999 1498 partium
1017 1413 1090 1480 Vol.
1109 1412 1157 1478 III
1177 1414 1242 1478 298
1259 1412 1304 1476 K:

154 1513 364 1585 ἀπολείπεται
393 1522 510 1585 τοίνυν
538 1514 558 1604 ἡ
588 1511 663 1584 οἷον
689 1515 771 1603 σάρξ
798 1520 860 1585 τοῦ
891 1515 1030 1604 ἥπατος,
1062 1515 1145 1605 ἥπερ
1176 1514 1217 1603 δὴ
1248 1516 1303 1582 καὶ

155 1622 243 1702 reads
265 1623 355 1690 ἐστιν
383 1619 482 1691 οὐσία
508 1626 570 1691 τοῦ
592 1622 784 1710 σπλάγχνου
808 1663 859 1690 -.
895 1625 950 1692 καὶ
974 1625 1088 1712 μέντοι
1110 1623 1165 1690 καὶ
1189 1625 1303 1708 σαφοῦς

154 1737 188 1796 εί
207 1757 257 1808 τις
279 1726 381 1816 αὐτῆς
403 1730 641 1810 κατασκέψαιτο
659 1727 722 1816 τήν
740 1729 861 1816 φύσιν,
884 1729 1050 1818 ἐγγυτάτω
1070 1743 1223 1816 φανεῖται
1242 1732 1303 1796 τοῦ

155 1840 306 1922 αἳματος·
330 1840 361 1902 εί
377 1834 441 1924 γάρ
457 1834 628 1922 ἐννοήσεις
640 1832 704 1904 ὑπὸ
724 1835 930 1925 θερμότητος
948 1836 1201 1924 ἐξατμιζόμευον
1220 1829 1302 1923 αἷμα

154 1942 210 2008 καὶ
233 1940 482 2029 παχυνόμενον,
506 1939 608 2010 οὐδὲν
630 1941 711 2011 ἄλλο
730 1940 881 2031 εὑρήσεις
899 1942 1102 2031 γιγνόμενον
1124 1938 1144 2029 ἢ
1163 1940 1225 2030 τήν
1242 1945 1304 2010 τοῦ

154 2047 279 2134 ἥπατος
298 2047 413 2134 σάρκα.
444 2049 590 2136 Denique
610 2074 639 2135 p.
655 2053 717 2118 801
733 2058 810 2136 post
823 2052 904 2116 med.
924 2052 1046 2116 Aldina
1064 2053 1172 2117 locum
1196 2074 1212 2116 e
1231 2052 1303 2116 Pla

155 2158 243 2222 tonia
262 2179 328 2240 rep.
344 2180 373 2240 p.
388 2159 452 2222 438
468 2158 497 2222 A
517 2158 716 2240 exscriptum
730 2159 847 2222 misere
866 2159 1043 2242 truncavit,
1067 2181 1140 2224 oum
1159 2159 1303 2240 scripsit:

154 2259 253 2348 μήτοι
276 2286 341 2344 τις,
368 2251 412 2347 ήν
435 2258 466 2326 θ’
492 2260 572 2346 ἐγώ,
596 2257 778 2340 ἀσκέπτους
804 2258 890 2348 ήμῦς
913 2260 1012 2340 ὄντας
1038 2259 1231 2350 θορυβήσῃ,
1260 2258 1305 2340 ὡς

156 2363 268 2446 οὐδεὶς
291 2369 395 2434 ποτοῦ
423 2367 593 2453 ἐπιθυμεῖ,
622 2363 704 2434 ἀλλὰ
732 2371 877 2454 χρηστοῦ
899 2371 1019 2452 ποτοῦ,
1046 2368 1101 2434 καί
1129 2363 1171 2434 οῦ
1197 2373 1304 2450 σίτου,

154 2469 240 2541 ἀλλὰ
264 2476 410 2560 χρηστοῦ
433 2479 542 2558 σίτου,
569 2471 609 2540 τὰ
633 2469 665 2539 θ’
691 2469 775 2540 αὐτὰ
804 2474 923 2540 ἕκαστα
951 2470 1056 2541 αὐτοῦ
1084 2471 1224 2541 ἑκάστου
1246 2471 1304 2559 μό-

156 2605 234 2658 υον;
262 2604 338 2646 nam
361 2581 446 2646 inter
469 2581 614 2666 χρηστοῦ
642 2583 737 2646 σίτου
760 2587 793 2646 et
819 2577 860 2647 τά
888 2576 919 2646 d'
945 2576 1028 2647 αὐτά
1053 2583 1210 2648 orationis
1233 2582 1303 2646 Pla-

156 2689 284 2752 tonicae
309 2688 381 2771 plus
404 2688 546 2772 quinque
569 2691 673 2771 στίχοι
694 2686 933 2775 exciderunt⁸⁵).
963 2688 1080 2752 Paucis
1103 2689 1205 2773 igitur
1222 2689 1303 2753 locis

155 2794 277 2858 Aldina
300 2795 482 2860 orationem
506 2796 692 2859 continuam
712 2793 825 2859 Geloni
846 2795 1023 2877 mutilavit,
1045 2795 1304 2879 quodquoniam

156 2900 272 2964 iisdem
302 2901 384 2966 locis
412 2900 599 2966 Marcianus
628 2901 720 2984 fecit,
750 2903 897 2986 sequitur
925 2901 992 2966 iam
1025 2900 1254 2985 archetypum,
1287 2926 1303 2966 c

155 3029 221 3090 quo
245 3007 404 3092 originem
427 3007 600 3091 duxerunt,
624 3009 697 3073 illas
717 3007 1018 3092 praetermissiones
1037 3006 1205 3090 habuisse,
1229 3031 1305 3091 qua-

156 3135 228 3176 rum
253 3117 368 3196 postea
390 3135 559 3180 numerum
587 3114 740 3178 librarius
763 3113 920 3178 Marciani
950 3113 999 3177 vel
1028 3112 1128 3176 etiam
1156 3113 1225 3176 eins
1254 3136 1304 3177 co-

155 3219 252 3302 dicis,
274 3219 358 3284 unde
381 3221 562 3304 descriptus
586 3225 648 3302 est,
672 3219 766 3284 foeda
786 3221 909 3284 incuria
933 3219 1031 3283 auxit.
1063 3218 1100 3282 Id
1123 3219 1223 3283 etiam
1243 3221 1305 3283 vir·

156 3325 238 3388 tntis
266 3324 365 3390 habet
392 3326 525 3410 Aldina,
553 3327 638 3410 quod
666 3349 731 3390 non
758 3330 810 3391 tot
837 3326 976 3407 mendis,
1003 3329 1083 3408 quot
1110 3324 1305 3408 Marcianus,

156 3431 327 3515 inquinata
349 3438 411 3516 est,
438 3455 519 3517 quae
548 3437 605 3496 aut
632 3455 649 3496 e
673 3432 793 3519 uitiosa
819 3455 936 3498 vocum
964 3433 1125 3515 scriptura
1152 3435 1305 3494 constant

230 3697 264 3765 ⁸³)
288 3697 397 3764 στίχους
419 3696 555 3766 intellego
576 3696 674 3752 eedem
696 3694 886 3765 longitudine,
909 3711 965 3764 qna
988 3710 1082 3749 versus
1103 3692 1180 3748 illins
1202 3693 1305 3747 codicis

158 3784 296 3840 Platonici
314 3783 396 3838 inisse
415 3785 557 3852 videntur,
575 3802 632 3854 qno
650 3783 773 3838 Galenus
791 3783 851 3853 ipae
869 3802 933 3838 nans
952 3786 1001 3838 eat.
1029 3782 1105 3837 Dicit
1123 3783 1197 3837 enim
1211 3801 1237 3852 p.
1253 3788 1304 3836 '116

157 3875 221 3942 post
237 3874 276 3928 in.
294 3874 368 3928 inter
385 3874 471 3929 verba
489 3891 504 3929 e
522 3873 638 3928 Timaeo
656 3872 782 3927 Platonis
800 3872 938 3940 exscripta
956 3867 1102 3946 ἆᾳστάνην
1126 3865 1157 3925 ἓν
1178 3871 1216 3944 τῷ
1235 3866 1306 3925 καί·

157 3981 223 4031 ματι
247 3961 364 4032 παρέχοι
388 3965 426 4030 (p.
446 3967 479 4016 70
498 3963 533 4030 D)
556 3965 585 4016 et
608 3956 639 4014 τὸ
664 3958 695 4014 δὲ
720 3955 755 4028 δή
779 3961 862 4014 σίτων
884 3979 913 4014 τε
938 3960 986 4014 καὶ
1009 3960 1102 4014 ποτῶν
1126 3958 1305 4014 intervallum

157 4055 277 4120 quatuor
294 4067 419 4104 υττενυιιι
437 4067 508 4118 esee,
527 4051 602 4121 qnod
621 4049 644 4104 ai
659 4049 861 4118 comparaveris
875 4065 938 4103 com
953 4049 1076 4104 editione
1089 4048 1305 4116 Hermanniana,

158 4139 238 4194 liuius
260 4157 355 4194 versus
381 4139 562 4208 aequiperare
590 4139 646 4194 lere
674 4138 739 4192 illos
762 4137 938 4207 longitudine
960 4137 1093 4192 invenies.
1135 4137 1198 4190 Non
1222 4135 1305 4190 luisse

157 4232 251 4284 autem
270 4227 399 4295 arbitror,
418 4226 493 4296 quod
508 4226 631 4283 differret
648 4227 722 4282 inter
741 4245 833 4282 verena
851 4225 1031 4296 Reipublicae
1046 4228 1076 4279 et
1090 4224 1206 4279 Timaei.
1228 4223 1307 4278 Cete-

158 4335 218 4370 τοτα
238 4315 316 4370 loeus
334 4315 383 4370 ille
397 4314 541 4371 addendus
559 4315 661 4383 estiis,
681 4333 750 4383 quoa
765 4315 931 4370 ltitscheliun
950 4314 1088 4383 congessit
1105 4312 1135 4366 in
1153 4311 1238 4380 libro,
1258 4312 1305 4380 qui

160 4409 201 4459 est
219 4405 253 4458 de
274 4403 345 4459 Bibl.
365 4405 513 4459 Alexandr.
533 4423 559 4473 p.
580 4411 622 4459 sl.

212 4513 293 4552 Gelani
307 4513 334 4552 de
350 4513 410 4554 Plan.
424 4513 481 4552 erar.
495 4515 517 4551 ct
532 4512 639 4559 Hippoer.
654 4511 714 4551 libel.
1076 4514 1091 4560 2
