3376 5144
617 423 859 487 -765-

166 579 322 668 πόριμον,
350 577 395 658 ὡς
417 579 619 666 Μηνόδοτος
642 576 659 646 ὁ
685 577 871 667 ἐμπειρικὸς
898 583 1058 666 ἔγραψεν,
1082 575 1166 646 ἀλλὰ
1191 585 1308 666 Μηνο-

167 687 250 779 δότῳ
273 687 336 774 μὲν
358 688 469 770 τοῦτο,
494 693 634 753 Διοκλεῖ
658 685 695 752 δὲ
719 683 761 753 οὐ
783 689 898 770 τοῦτο,
920 683 1071 774 καθάπερ
1096 682 1175 752 οὐδὲ
1200 683 1309 754 Ἰππο-

164 793 272 881 κράτει
300 795 355 860 καὶ
385 790 599 880 Ἐμπεδοκλεῖ
632 789 711 860 οὐδὲ
732 790 852 871 ,ἄλλοις
877 796 945 860 τῶν
967 796 1119 860 παλαιῶν
1151 789 1212 859 οὐκ
1240 789 1308 860 ὀλί-

165 926 246 985 γοις,
269 898 343 967 ὅσοι
368 897 423 967 διὰ
448 907 709 986 φιλανθρωπίαν
733 898 939 986 ἐθεράπευον
965 899 970 987 Ι
994 897 1074 978 τοὺς
1096 895 1375 986 άνθράπυυς.7εκ

165 1005 418 1093 γυμνασάμενος
442 997 505 1074 οὖν
529 1008 565 1074 ἐν
588 1021 658 1085 τοῖς
683 1005 849 1084 τοιούτοις
876 1033 926 1085 τις
947 1009 1202 1092 παραδείγμασι,
1224 1005 1341 1092 πάμ-ε

164 1120 268 1180 πολλα
296 1115 337 1180 δι’
362 1114 429 1180 ἐστι
457 1114 546 1202 παρὰ
574 1111 780 1199 Ἱπποκράτει
808 1113 863 1179 καὶ
887 1111 1061 1197 Πλάτωνι,
1084 1113 1208 1202 ῥᾳδίως
1234 1137 1309 1178 κατ-

166 1218 279 1299 όψεται
308 1218 348 1286 τά
375 1247 409 1288 τε
439 1225 508 1287 ίδια
536 1223 593 1307 τῆς
619 1222 735 1308 τέχνης
749 1207 895 1305 ’ἑκάστης
923 1220 977 1286 καὶ
1006 1216 1046 1286 τά
1074 1217 1182 1286 κοινά.
1226 1217 1311 1305 πρὸς

165 1325 225 1412 μὲν
248 1325 311 1414 γάρ
334 1326 560 1414 Θρασύμαχον
595 1329 632 1394 ἐν
659 1331 704 1420 τῷ
737 1325 855 1417 πρώτῳ
892 1329 950 1412 τῆς
973 1331 1149 1404 Πολιτείας
1172 1325 1310 1413 Σωκρά-

165 1460 221 1520 της
244 1433 479 1522 διαλεγόμενος
501 1435 625 1514 ἔδειξεν
648 1434 700 1500 ἐπὶ
723 1434 893 1520 ποιμένων
915 1458 950 1499 τε
972 1433 1027 1499 καὶ
1049 1429 1243 1517 βουκόλων,
1266 1428 1311 1509 ὡς
1358 1495 1361 1502 .

165 1543 365 1608 κοινωνοῦσι
388 1542 460 1628 με’ν,
483 1537 562 1608 καθ’
588 1539 671 1608 ὅσον
695 1540 758 1608 εἰσὶ
780 1541 935 1626 ποιμένες
961 1540 1015 1606 καὶ
1038 1535 1214 1624 βουκόλοι,
1238 1542 1307 1604 δια-
1325 1565 1351 1602 ιο

165 1647 325 1733 φέρονται
349 1649 397 1732 δέ,
420 1645 501 1714 καθ’
526 1645 609 1715 ὅσον
633 1644 651 1714 ὁ
674 1647 736 1734 μὲν
759 1644 804 1726 ὦς
825 1644 1055 1733 χρηματιστής,
1079 1642 1166 1728 ὁδί,
1189 1641 1235 1723 ὦς
1253 1647 1309 1711 ἵνα

165 1754 394 1840 κατεδέσηται,
417 1753 647 1836 κατασκευάζει
671 1751 755 1822 αὐτὰ
778 1760 890 1821 πίονα.
934 1750 1015 1820 κατὰ
1037 1753 1151 1838 μέντοι
1175 1750 1212 1819 τὸ
1236 1752 1310 1840 περὶ

166 1857 281 1948 άγμιόν
298 1858 516 1948 Ἱπποκράτης
539 1859 595 1928 διά
613 1859 778 1928 πλειόνων
797 1862 910 1944 ἔδειξε,
928 1863 998 1940 πῶς
1015 1863 1068 1926 δεῖ
1083 1856 1169 1946 ἡμᾶς
1187 1863 1312 1945 διακρί·

202 2082 215 2128 1
238 2069 252 2130 ὁ
274 2079 338 2130 ante
365 2071 527 2146 incremendo
550 2093 601 2130 nos
619 2073 798 2141 inseruimus;
822 2074 856 2128 cf.
875 2073 961 2126 Proll.
979 2091 1008 2143 p.
1028 2081 1087 2130 106.
1113 2105 1145 2112 -
1171 2069 1313 2144 ἕπειρικος

168 2145 204 2200 Μ.
224 2177 258 2186 -
277 2143 346 2202 ἄλλά
367 2143 423 2218 μὴν
442 2142 510 2201 οὐδ’
531 2140 603 2202 οὕτω
623 2144 684 2216 μὲν,
704 2144 829 2214 sequitur
847 2147 919 2228 spat.
935 2161 994 2198 vac.
1014 2161 1114 2198 novem
1133 2144 1190 2198 lere
1205 2145 1310 2198 littera-

166 2235 240 2284 rum,
264 2219 365 2272 deinde
389 2220 498 2274 διυκλεί
517 2219 547 2272 in
566 2218 609 2285 M;
631 2212 701 2270 άλλά
725 2212 782 2286 μὴν
805 2214 904 2270 είδοτω
928 2213 981 2286 μὲν
1003 2215 1102 2283 rotro,
1126 2219 1244 2269 Διοκλεῖ
1259 2215 1311 2268 AB

166 2283 235 2342 ἀλλὰ
260 2285 419 2374 Μηνοδάτμ
444 2287 496 2360 μὲν
519 2289 614 2358 τοῦτο,
640 2292 758 2342 Διοκλεῖ
779 2286 859 2341 Corn.
883 2285 967 2350 ch&
992 2285 1134 2340 ct‘Proll.
1159 2304 1186 2356 p.
1210 2291 1252 2340 48.
1279 2317 1310 2326 -

169 2368 183 2412 c
204 2363 229 2414 A
248 2360 341 2414 verbis
364 2365 512 2431 παμπολλα
536 2360 569 2415 δέ
590 2355 648 2414 ἐστι
670 2359 755 2428 incip.
779 2361 901 2428 excerpt
924 2355 1065 2411 XXXXIV
1091 2357 1170 2411 codd.
1194 2357 1252 2411 FP.
1275 2387 1311 2396 -

167 2438 182 2484 (5
202 2427 310 2502 ῥᾳδίως
329 2427 486 2500 κατάνεται
506 2449 559 2486 om.
578 2430 637 2486 FP.
658 2463 690 2470 —
712 2437 726 2484 λ
746 2430 795 2498 τῆς
812 2427 912 2498 τέχνης
930 2427 979 2482 FP
997 2429 1047 2496 τῆς
1065 2444 1118 2482 om.
1138 2426 1310 2482 MABChK.

167 2531 199 2540 -
221 2497 303 2555 κοινά
324 2504 372 2556 καλ
391 2499 462 2572 πρὸς
475 2503 512 2556 Μ.
531 2535 565 2542 -
585 2509 601 2557 8
621 2497 757 2571 σωκράτει
776 2499 813 2553 Μ.
833 2530 866 2540 ·-
888 2507 921 2554 10
939 2499 1004 2554 inde
1019 2516 1036 2552 a
1053 2501 1138 2554 verbo
1158 2497 1311 2567 διαφέρον-

166 2593 212 2626 ται
237 2573 295 2626 alia
317 2591 416 2628 manna
440 2575 469 2629 in
488 2574 510 2628 P
533 2573 642 2642 incipit.
666 2603 701 2613 -—
726 2580 756 2626 11
778 2567 793 2625 ὁ
814 2565 842 2625 δ’
862 2567 901 2633 ὡς
919 2571 967 2624 ἵνα
986 2569 1170 2639 κατεδὲσηται
1189 2570 1210 2624 F
1230 2567 1310 2624 Corn.

167 2642 240 2697 chK
259 2639 274 2696 ὁ
294 2640 323 2697 δ’
344 2640 382 2708 aie
401 2646 449 2699 ἴνα
463 2643 653 2712 καταδὲσηται
667 2643 754 2696 ΜΑΒ
773 2638 788 2696 δ
808 2640 840 2697 δὲ
860 2636 1001 2704 καταστάς
1019 2640 1147 2710 dicatum
1167 2645 1232 2713 post
1248 2635 1263 2696 ὁ
1279 2638 1310 2696 ol

167 2715 196 2768 in
216 2731 305 2786 marg.
330 2717 391 2772 ead.
415 2734 489 2770 man.
513 2709 711 2776 adiectumoir
729 2715 777 2767 ἵνα
796 2712 826 2766 Ρ.
851 2745 882 2752 -
909 2720 941 2767 12
961 2709 1204 2782 κατατκευάζειδ
1228 2731 1313 2767 κατα-

167 2781 331 2854 σκευάζηΡ
356 2783 614 2852 κατασκευάζουσιν
633 2783 804 2838 MABGhK.
831 2817 862 2824 -
888 2791 922 2838 13
942 2787 1012 2908 post
1029 2780 1060 2838 rb
1079 2785 1144 2852 περὶ
1163 2787 1234 2853 spat.
1254 2801 1313 2838 vac.

168 2857 383 2937 septemforme
402 2859 497 2924 litter,
516 2859 641 2928 sequitur
664 2853 713 2910 dmi
736 2851 924 2939 ntradvnv'in
969 2855 991 2908 Ρ
1014 2855 1094 2939 (inP
1118 2858 1209 2910 altera
1230 2872 1315 2910 mauu

168 2945 196 2980 in
217 2928 345 2998 margine
364 2924 473 3016 άνμμῑν)
492 2925 522 3014 μδ
542 2929 606 2999 περὶ
621 2923 722 3013 ιάτμοῑν
741 2923 789 3012 διά
809 2930 948 3049 alanna}
962 2926 1088 3049 lffilu.
1107 2922 1314 3051 ciramea&

167 2999 392 3135 ‘illlam
411 3001 750 3141 ιιικιυιιῑιι
764 3003 1028 3139 cirris-cn.
1307 3038 1313 3051 ·

170 3251 377 3335 propositum
401 3255 465 3336 est,
494 3255 530 3315 ut
553 3250 691 3336 gloriam
717 3254 773 3314 sut
800 3252 971 3334 quaestum
999 3251 1251 3332 consequantur,
1278 3251 1315 3312 nt

168 3357 363 3423 Menodotus
382 3357 567 3442 Empiricos
588 3357 728 3440 scripsit,
747 3357 803 3420 sed
821 3356 886 3440 ipsi
906 3355 1037 3441 quidem
1055 3354 1229 3420 Menodoto
1248 3343 1317 3420 tale

169 3463 375 3547 propositum
399 3465 471 3550 fuit,
493 3463 601 3529 Diocli
625 3485 702 3528 vero
726 3463 868 3546 minime,
891 3463 977 3528 sicut
998 3485 1102 3548 neque
1120 3462 1315 3547 Hippocrati

171 3593 275 3656 neque
291 3569 482 3655 Empedocli
500 3593 603 3656 neque
619 3569 693 3634 aliis
708 3570 930 3655 compluribus
945 3593 962 3634 e
977 3571 1150 3654 veteribus,
1168 3570 1224 3654 qui
1242 3591 1316 3654 pro-

168 3683 241 3763 pter
259 3679 498 3744 humanitatem
516 3677 664 3742 homines
684 3679 850 3742 curabant.
886 3675 1010 3752 Quodsi
1028 3676 1101 3760 quis
1116 3677 1151 3742 in
1169 3677 1316 3741 huiusce·

169 3785 257 3850 modi
282 3787 437 3869 exemplis
456 3808 490 3850 se
509 3785 686 3848 exercuerit
702 3820 737 3830 -
757 3789 832 3848 sunt
849 3787 960 3847 autem
978 3783 1064 3867 apud
1083 3782 1315 3867 Hippocratem

170 3897 202 3955 et
224 3892 395 3958 Platonem
418 3914 573 3976 perquam
597 3891 701 3955 multa
720 3927 772 3975 -—,
794 3889 889 3954 facile
912 3892 982 3954 tum
1005 3889 1141 3974 propria
1163 3891 1316 3974 cuiusque

172 4001 267 4085 artis,
296 3995 575 4065 tum'communia
597 3997 781 4083 perspiciet.
826 3995 958 4061 Etenim
984 3993 1135 4062 Socrates
1163 3997 1315 4062 adversus

170 4107 448 4193 Thrasymachum
471 4106 505 4170 in
523 4105 629 4190 primo
648 4104 859 4186 Reipublicae
878 4104 1040 4168 disserens
1059 4103 1098 4167 de
1118 4104 1315 4187 opilionibus

171 4214 383 4298 bubulcisque
407 4213 550 4278 ostendit
573 4233 743 4278 commune
767 4210 889 4295 aliquid
913 4233 967 4275 eos
994 4209 1129 4293 habere,
1157 4213 1315 4295 quatenus

171 4321 238 4384 sint
260 4320 420 4404 opiliones
445 4323 478 4384 ct
500 4319 641 4402 bubulci,
664 4319 698 4382 in
722 4342 759 4383 eo
783 4322 895 4381 tamen
917 4316 1055 4400 differre,
1078 4318 1162 4400 quod
1186 4317 1257 4400 ille,
1281 4321 1316 4380 nt

171 4431 341 4510 quaestum
359 4427 469 4511 faciat,
487 4425 541 4490 hic
561 4429 597 4489 ut
615 4425 771 4508 comedat,
790 4425 929 4507 pecudes
949 4425 1084 4509 saginat
1121 4423 1189 4490 Nec
1208 4426 1315 4489 minus
